<?xml version="1.0" encoding="UTF-8"?>
<!DOCTYPE html PUBLIC "-//W3C//DTD XHTML 1.0 Transitional//EN"
    "http://www.w3.org/TR/xhtml1/DTD/xhtml1-transitional.dtd">
<html xmlns="http://www.w3.org/1999/xhtml" xml:lang="en" lang="en">
 <head>
  <title>
</title>
<meta http-equiv="Content-Type" content="text/html;charset=utf-8" />
  <meta name='ocr-system' content='tesseract 3.04.00' />
  <meta name='ocr-capabilities' content='ocr_page ocr_carea ocr_par ocr_line ocrx_word'/>
</head>
<body>
  <div class='ocr_page' id='page_1' title='image "./sanctipatrisnos02pusegoog_0378.png"; bbox 0 0 3082 5112; ppageno 0'>
   <div class='ocr_carea' id='block_1_1' title="bbox 313 319 1521 398">
    <p class='ocr_par' dir='ltr' id='par_1_1' title="bbox 313 319 1521 398">
     <span class='ocr_line' id='line_1_1' title="bbox 313 319 1521 398; baseline -0.007 -8"><span class='ocrx_word' id='word_1_1' title='bbox 313 326 379 390; x_wconf 85' lang='grc'>868</span> <span class='ocrx_word' id='word_1_2' title='bbox 617 327 657 394; x_wconf 92' lang='grc' dir='ltr'>Β.</span> <span class='ocrx_word' id='word_1_3' title='bbox 680 327 891 392; x_wconf 84' lang='lat' dir='ltr'>CYRILLI</span> <span class='ocrx_word' id='word_1_4' title='bbox 920 321 1209 392; x_wconf 82' lang='lat' dir='ltr'><strong>ALEXANDR.</strong></span> <span class='ocrx_word' id='word_1_5' title='bbox 1312 321 1381 388; x_wconf 86' lang='lat' dir='ltr'>xiii.</span> <span class='ocrx_word' id='word_1_6' title='bbox 1395 319 1453 398; x_wconf 82' lang='lat'>26,</span> <span class='ocrx_word' id='word_1_7' title='bbox 1469 327 1521 398; x_wconf 76' lang='lat'>27</span> 
     </span>
    </p>
   </div>
   <div class='ocr_carea' id='block_1_2' title="bbox 150 485 1521 4317">
    <p class='ocr_par' dir='ltr' id='par_1_2' title="bbox 150 485 1521 1957">
     <span class='ocr_line' id='line_1_2' title="bbox 288 485 1521 593; baseline -0.003 -25"><span class='ocrx_word' id='word_1_8' title='bbox 288 489 426 569; x_wconf 69' lang='grc' dir='ltr'>καύτὸν</span> <span class='ocrx_word' id='word_1_9' title='bbox 452 489 718 592; x_wconf 76' lang='grc' dir='ltr'>τετελεσμένης,</span> <span class='ocrx_word' id='word_1_10' title='bbox 745 495 804 572; x_wconf 88' lang='grc' dir='ltr'>καί</span> <span class='ocrx_word' id='word_1_11' title='bbox 833 488 974 576; x_wconf 78' lang='grc' dir='ltr'>οὐδενὸς</span> <span class='ocrx_word' id='word_1_12' title='bbox 1003 489 1046 571; x_wconf 85' lang='grc' dir='ltr'>τὸ</span> <span class='ocrx_word' id='word_1_13' title='bbox 1073 488 1246 593; x_wconf 87' lang='grc' dir='ltr'>παράπαν</span> <span class='ocrx_word' id='word_1_14' title='bbox 1273 485 1521 592; x_wconf 72' lang='grc' dir='ltr'>ε’λλείψαντοι</span> 
     </span>
     <span class='ocr_line' id='line_1_3' title="bbox 317 607 1521 715; baseline -0.007 -23"><span class='ocrx_word' id='word_1_15' title='bbox 317 619 390 692; x_wconf 84' lang='grc' dir='ltr'>τῶν</span> <span class='ocrx_word' id='word_1_16' title='bbox 418 613 620 694; x_wconf 81' lang='grc' dir='ltr'>τελούντων</span> <span class='ocrx_word' id='word_1_17' title='bbox 645 621 694 700; x_wconf 87' lang='grc' dir='ltr'>εἰς</span> <span class='ocrx_word' id='word_1_18' title='bbox 725 613 832 715; x_wconf 86' lang='grc' dir='ltr'>τιμήν</span> <span class='ocrx_word' id='word_1_19' title='bbox 859 618 918 694; x_wconf 86' lang='grc' dir='ltr'>καί</span> <span class='ocrx_word' id='word_1_20' title='bbox 950 613 1122 710; x_wconf 86' lang='grc' dir='ltr'>διάθεσιν,</span> <span class='ocrx_word' id='word_1_21' title='bbox 1150 619 1224 692; x_wconf 79' lang='grc' dir='ltr'>τῶν</span> <span class='ocrx_word' id='word_1_22' title='bbox 1252 611 1369 691; x_wconf 78' lang='grc' dir='ltr'>αὐτῶν</span> <span class='ocrx_word' id='word_1_23' title='bbox 1397 607 1521 711; x_wconf 80' lang='grc' dir='ltr'>εἴχετι</span> 
     </span>
     <span class='ocr_line' id='line_1_4' title="bbox 317 733 1521 841; baseline -0.006 -25"><span class='ocrx_word' id='word_1_24' title='bbox 317 736 624 838; x_wconf 85' lang='grc' dir='ltr'>σπονδασμάτων,</span> <span class='ocrx_word' id='word_1_25' title='bbox 643 739 686 818; x_wconf 81' lang='grc' dir='ltr'>οὐ</span> <span class='ocrx_word' id='word_1_26' title='bbox 709 745 787 822; x_wconf 92' lang='grc' dir='ltr'>ταῖς</span> <span class='ocrx_word' id='word_1_27' title='bbox 806 736 1058 840; x_wconf 82' lang='grc' dir='ltr'>μεταγνόσεσι</span> <span class='ocrx_word' id='word_1_28' title='bbox 1076 735 1118 816; x_wconf 86' lang='grc' dir='ltr'>τὸ</span> <span class='ocrx_word' id='word_1_29' title='bbox 1136 741 1252 819; x_wconf 82' lang='grc' dir='ltr'>κακῶς</span> <span class='ocrx_word' id='word_1_30' title='bbox 1270 733 1382 841; x_wconf 81' lang='grc' dir='ltr'>δόξαν</span> <span class='ocrx_word' id='word_1_31' title='bbox 1398 735 1521 812; x_wconf 70' lang='grc' dir='ltr'>ε’παω</span> 
     </span>
     <span class='ocr_line' id='line_1_5' title="bbox 317 857 1521 964; baseline -0.005 -25"><span class='ocrx_word' id='word_1_32' title='bbox 317 860 540 962; x_wconf 85' lang='grc' dir='ltr'>ορθοόμενος,</span> <span class='ocrx_word' id='word_1_33' title='bbox 573 864 615 944; x_wconf 80' lang='grc' dir='ltr'>οὐ</span> <span class='ocrx_word' id='word_1_34' title='bbox 651 863 866 962; x_wconf 81' lang='grc' dir='ltr'>μεθίσταται</span> <span class='ocrx_word' id='word_1_35' title='bbox 901 859 980 963; x_wconf 60' lang='grc' dir='ltr'>τὴνι</span> <span class='ocrx_word' id='word_1_36' title='bbox 998 859 1147 964; x_wconf 77' lang='grc' dir='ltr'>καρδίαν</span> <span class='ocrx_word' id='word_1_37' title='bbox 1176 863 1216 940; x_wconf 84' lang='grc' dir='ltr'>ἐκ</span> <span class='ocrx_word' id='word_1_38' title='bbox 1251 863 1315 958; x_wconf 87' lang='grc' dir='ltr'>τῆς</span> <span class='ocrx_word' id='word_1_39' title='bbox 1350 857 1521 952; x_wconf 78' lang='grc' dir='ltr'>ἀθέσμοι</span> 
     </span>
     <span class='ocr_line' id='line_1_6' title="bbox 317 981 1521 1092; baseline -0.004 -28"><span class='ocrx_word' id='word_1_40' title='bbox 317 989 465 1085; x_wconf 85' lang='grc' dir='ltr'>βουλῆς,</span> <span class='ocrx_word' id='word_1_41' title='bbox 487 987 529 1066; x_wconf 84' lang='grc' dir='ltr'>οὗ</span> <span class='ocrx_word' id='word_1_42' title='bbox 556 983 827 1092; x_wconf 85' lang='grc' dir='ltr'>δακρυῤῥοήσας</span> <span class='ocrx_word' id='word_1_43' title='bbox 855 984 950 1071; x_wconf 82' lang='grc' dir='ltr'>ὅλως</span> <span class='ocrx_word' id='word_1_44' title='bbox 978 986 1035 1092; x_wconf 79' lang='grc' dir='ltr'>ἐφ’</span> <span class='ocrx_word' id='word_1_45' title='bbox 1055 983 1109 1069; x_wconf 84' lang='grc' dir='ltr'>οἶς</span> <span class='ocrx_word' id='word_1_46' title='bbox 1136 986 1193 1064; x_wconf 88' lang='grc' dir='ltr'>καί</span> <span class='ocrx_word' id='word_1_47' title='bbox 1221 981 1331 1082; x_wconf 89' lang='grc' dir='ltr'>μόνον</span> <span class='ocrx_word' id='word_1_48' title='bbox 1355 983 1521 1079; x_wconf 70' lang='grc' dir='ltr'>ε’νθυμη</span> 
     </span>
     <span class='ocr_line' id='line_1_7' title="bbox 317 1107 1521 1215; baseline -0.006 -28"><span class='ocrx_word' id='word_1_49' title='bbox 317 1111 423 1207; x_wconf 88' lang='grc' dir='ltr'>θῆναι</span> <span class='ocrx_word' id='word_1_50' title='bbox 451 1107 680 1210; x_wconf 81' lang='grc' dir='ltr'>τετόλμηκεν,</span> <span class='ocrx_word' id='word_1_51' title='bbox 705 1112 790 1190; x_wconf 82' lang='grc' dir='ltr'>ἀλλ’</span> <span class='ocrx_word' id='word_1_52' title='bbox 817 1110 869 1190; x_wconf 83' lang='grc' dir='ltr'>ἔτι</span> <span class='ocrx_word' id='word_1_53' title='bbox 894 1109 1063 1215; x_wconf 78' lang='grc' dir='ltr'>χειρόνως</span> <span class='ocrx_word' id='word_1_54' title='bbox 1092 1108 1255 1215; x_wconf 69' lang='grc' dir='ltr'>διψήσας</span> <span class='ocrx_word' id='word_1_55' title='bbox 1283 1111 1345 1207; x_wconf 80' lang='grc' dir='ltr'>τῆς</span> <span class='ocrx_word' id='word_1_56' title='bbox 1373 1109 1521 1184; x_wconf 48' lang='grc' dir='ltr'>δοσσε1</span> 
     </span>
     <span class='ocr_line' id='line_1_8' title="bbox 316 1227 1521 1338; baseline -0.004 -26"><span class='ocrx_word' id='word_1_57' title='bbox 316 1233 417 1327; x_wconf 81' lang='grc' dir='ltr'>βείω·</span> <span class='ocrx_word' id='word_1_58' title='bbox 444 1233 487 1312; x_wconf 87' lang='grc' dir='ltr'>τὸ</span> <span class='ocrx_word' id='word_1_59' title='bbox 514 1233 640 1338; x_wconf 75' lang='grc' dir='ltr'>πέρας,</span> <span class='ocrx_word' id='word_1_60' title='bbox 666 1233 725 1314; x_wconf 77' lang='grc' dir='ltr'>διὰ</span> <span class='ocrx_word' id='word_1_61' title='bbox 752 1233 996 1335; x_wconf 81' lang='grc' dir='ltr'>τολμημάτων</span> <span class='ocrx_word' id='word_1_62' title='bbox 1023 1234 1201 1334; x_wconf 83' lang='grc' dir='ltr'>ἡττῆσθαι</span> <span class='ocrx_word' id='word_1_63' title='bbox 1228 1237 1356 1328; x_wconf 81' lang='grc' dir='ltr'>κακῶν,</span> <span class='ocrx_word' id='word_1_64' title='bbox 1384 1227 1521 1322; x_wconf 68' lang='grc' dir='ltr'>εἰσῆλθ</span> 
     </span>
     <span class='ocr_line' id='line_1_9' title="bbox 316 1352 1514 1462; baseline -0.003 -27"><span class='ocrx_word' id='word_1_65' title='bbox 316 1355 447 1437; x_wconf 82' lang='grc' dir='ltr'>λοιπὸν</span> <span class='ocrx_word' id='word_1_66' title='bbox 475 1366 490 1439; x_wconf 85' lang='grc' dir='ltr'><strong><em>ὁ</em></strong></span> <span class='ocrx_word' id='word_1_67' title='bbox 519 1361 686 1456; x_wconf 77' lang='grc' dir='ltr'>σατανῖιι,</span> <span class='ocrx_word' id='word_1_68' title='bbox 715 1357 878 1462; x_wconf 85' lang='grc' dir='ltr'>καθάπερ</span> <span class='ocrx_word' id='word_1_69' title='bbox 915 1355 996 1438; x_wconf 77' lang='grc' dir='ltr'>τινὰ</span> <span class='ocrx_word' id='word_1_70' title='bbox 1024 1357 1146 1458; x_wconf 82' lang='grc' dir='ltr'>πύλην</span> <span class='ocrx_word' id='word_1_71' title='bbox 1173 1361 1237 1456; x_wconf 85' lang='grc' dir='ltr'>τῆς</span> <span class='ocrx_word' id='word_1_72' title='bbox 1268 1363 1332 1436; x_wconf 86' lang='grc' dir='ltr'>τοῦ</span> <span class='ocrx_word' id='word_1_73' title='bbox 1363 1352 1514 1461; x_wconf 82' lang='grc' dir='ltr'>φυλάτ</span> 
     </span>
     <span class='ocr_line' id='line_1_10' title="bbox 269 1477 1517 1590; baseline -0.003 -31"><span class='ocrx_word' id='word_1_74' title='bbox 269 1479 271 1486; x_wconf 64' lang='grc'><strong>’</strong></span> <span class='ocrx_word' id='word_1_75' title='bbox 317 1511 441 1566; x_wconf 88' lang='grc' dir='ltr'>τοντος</span> <span class='ocrx_word' id='word_1_76' title='bbox 468 1479 603 1586; x_wconf 78' lang='grc' dir='ltr'>ἐρήμην</span> <span class='ocrx_word' id='word_1_77' title='bbox 625 1479 769 1590; x_wconf 73' lang='grc' dir='ltr'>νήψεως</span> <span class='ocrx_word' id='word_1_78' title='bbox 797 1485 1113 1563; x_wconf 82' lang='grc' dir='ltr'>ἀναπετασθεῖσαν</span> <span class='ocrx_word' id='word_1_79' title='bbox 1139 1485 1247 1561; x_wconf 79' lang='grc' dir='ltr'>αὑτοῦ</span> <span class='ocrx_word' id='word_1_80' title='bbox 1275 1477 1340 1579; x_wconf 84' lang='grc' dir='ltr'>τήν</span> <span class='ocrx_word' id='word_1_81' title='bbox 1364 1479 1517 1580; x_wconf 82' lang='grc' dir='ltr'>καρδία</span> 
     </span>
     <span class='ocr_line' id='line_1_11' title="bbox 150 1601 1521 1709; baseline -0.006 -21"><span class='ocrx_word' id='word_1_82' title='bbox 150 1629 216 1688; x_wconf 81' lang='lat'>‘188</span> <span class='ocrx_word' id='word_1_83' title='bbox 225 1626 266 1685; x_wconf 78' lang='lat' dir='ltr'>A.</span> <span class='ocrx_word' id='word_1_84' title='bbox 288 1604 440 1708; x_wconf 78' lang='grc' dir='ltr'>ιειίρὼν,</span> <span class='ocrx_word' id='word_1_85' title='bbox 468 1611 526 1686; x_wconf 86' lang='grc' dir='ltr'>καί</span> <span class='ocrx_word' id='word_1_86' title='bbox 556 1604 742 1709; x_wconf 82' lang='grc' dir='ltr'>ἀθόρωτον</span> <span class='ocrx_word' id='word_1_87' title='bbox 768 1604 856 1686; x_wconf 85' lang='grc' dir='ltr'>ὅντα</span> <span class='ocrx_word' id='word_1_88' title='bbox 886 1604 1074 1709; x_wconf 87' lang='grc' dir='ltr'>θεωρήσας</span> <span class='ocrx_word' id='word_1_89' title='bbox 1100 1603 1165 1685; x_wconf 83' lang='grc' dir='ltr'>τὸν</span> <span class='ocrx_word' id='word_1_90' title='bbox 1192 1613 1287 1702; x_wconf 83' lang='grc' dir='ltr'>νοῦν,</span> <span class='ocrx_word' id='word_1_91' title='bbox 1315 1601 1457 1704; x_wconf 87' lang='grc' dir='ltr'>θερμόν</span> <span class='ocrx_word' id='word_1_92' title='bbox 1494 1637 1521 1680; x_wconf 92' lang='grc' dir='ltr'>τ</span> 
     </span>
     <span class='ocr_line' id='line_1_12' title="bbox 318 1725 1521 1836; baseline -0.005 -26"><span class='ocrx_word' id='word_1_93' title='bbox 318 1729 386 1830; x_wconf 81' lang='grc' dir='ltr'>ἤδη</span> <span class='ocrx_word' id='word_1_94' title='bbox 416 1727 507 1834; x_wconf 73' lang='grc' dir='ltr'>πρὸς</span> <span class='ocrx_word' id='word_1_95' title='bbox 543 1727 586 1810; x_wconf 83' lang='grc' dir='ltr'>τό</span> <span class='ocrx_word' id='word_1_96' title='bbox 621 1729 826 1824; x_wconf 81' lang='grc' dir='ltr'>βούλεσθαι</span> <span class='ocrx_word' id='word_1_97' title='bbox 862 1733 951 1836; x_wconf 81' lang='grc' dir='ltr'>δρᾶν</span> <span class='ocrx_word' id='word_1_98' title='bbox 984 1726 1076 1832; x_wconf 82' lang='grc' dir='ltr'>άπερ</span> <span class='ocrx_word' id='word_1_99' title='bbox 1091 1803 1099 1809; x_wconf 89' lang='grc'>.</span> <span class='ocrx_word' id='word_1_100' title='bbox 1113 1726 1159 1808; x_wconf 80' lang='grc' dir='ltr'>ἂν</span> <span class='ocrx_word' id='word_1_101' title='bbox 1191 1725 1300 1834; x_wconf 78' lang='grc' dir='ltr'>ε’θέλῃ</span> <span class='ocrx_word' id='word_1_102' title='bbox 1335 1729 1394 1807; x_wconf 89' lang='grc' dir='ltr'>καί</span> <span class='ocrx_word' id='word_1_103' title='bbox 1437 1729 1521 1804; x_wconf 45' lang='grc' dir='ltr'>διαῚ</span> 
     </span>
     <span class='ocr_line' id='line_1_13' title="bbox 318 1852 515 1957; baseline 0.01 -25"><span class='ocrx_word' id='word_1_104' title='bbox 318 1852 515 1957; x_wconf 72' lang='grc' dir='ltr'>σκέψηται.</span> 
     </span>
    </p>

    <p class='ocr_par' dir='ltr' id='par_1_3' title="bbox 317 1974 1521 2700">
     <span class='ocr_line' id='line_1_14' title="bbox 374 1974 1521 2086; baseline 0 -30"><span class='ocrx_word' id='word_1_105' title='bbox 374 1976 619 2080; x_wconf 81' lang='grc' dir='ltr'>Τετριμμένον</span> <span class='ocrx_word' id='word_1_106' title='bbox 651 1975 691 2057; x_wconf 76' lang='grc' dir='ltr'>δὲ</span> <span class='ocrx_word' id='word_1_107' title='bbox 728 1974 855 2080; x_wconf 77' lang='grc' dir='ltr'>ὥσπερ</span> <span class='ocrx_word' id='word_1_108' title='bbox 887 1985 994 2058; x_wconf 81' lang='grc' dir='ltr'>τοῦτο</span> <span class='ocrx_word' id='word_1_109' title='bbox 1031 1983 1083 2086; x_wconf 75' lang='grc' dir='ltr'>τῷ</span> <span class='ocrx_word' id='word_1_110' title='bbox 1113 1982 1270 2084; x_wconf 77' lang='grc' dir='ltr'>πονηρῷ,</span> <span class='ocrx_word' id='word_1_111' title='bbox 1302 1975 1359 2057; x_wconf 79' lang='grc' dir='ltr'>διὰ</span> <span class='ocrx_word' id='word_1_112' title='bbox 1390 1974 1521 2076; x_wconf 83' lang='grc' dir='ltr'>πάση</span> 
     </span>
     <span class='ocr_line' id='line_1_15' title="bbox 317 2097 1521 2208; baseline -0.003 -26"><span class='ocrx_word' id='word_1_113' title='bbox 317 2099 443 2204; x_wconf 82' lang='grc' dir='ltr'>ὥσπερ</span> <span class='ocrx_word' id='word_1_114' title='bbox 461 2099 572 2186; x_wconf 91' lang='grc' dir='ltr'>ἰόντες</span> <span class='ocrx_word' id='word_1_115' title='bbox 590 2105 654 2202; x_wconf 83' lang='grc' dir='ltr'>τῆς</span> <span class='ocrx_word' id='word_1_116' title='bbox 672 2101 913 2182; x_wconf 85' lang='grc' dir='ltr'>θεοττνεόστοο</span> <span class='ocrx_word' id='word_1_117' title='bbox 931 2105 1077 2208; x_wconf 78' lang='grc' dir='ltr'>γραφῆς</span> <span class='ocrx_word' id='word_1_118' title='bbox 1099 2101 1309 2204; x_wconf 82' lang='grc' dir='ltr'>εὑρήσομεν.</span> <span class='ocrx_word' id='word_1_119' title='bbox 1341 2097 1521 2200; x_wconf 87' lang='grc' dir='ltr'>πρόσεισ</span> 
     </span>
     <span class='ocr_line' id='line_1_16' title="bbox 319 2220 1521 2331; baseline -0.001 -26"><span class='ocrx_word' id='word_1_120' title='bbox 319 2223 385 2323; x_wconf 70' lang='grc' dir='ltr'>μὲν</span> <span class='ocrx_word' id='word_1_121' title='bbox 402 2223 475 2330; x_wconf 79' lang='grc' dir='ltr'>γὰρ</span> <span class='ocrx_word' id='word_1_122' title='bbox 499 2227 537 2306; x_wconf 82' lang='grc' dir='ltr'>ἐν</span> <span class='ocrx_word' id='word_1_123' title='bbox 555 2227 683 2331; x_wconf 83' lang='grc' dir='ltr'>ἀρχαῖς</span> <span class='ocrx_word' id='word_1_124' title='bbox 707 2224 775 2326; x_wconf 84' lang='grc' dir='ltr'>τὴν</span> <span class='ocrx_word' id='word_1_125' title='bbox 798 2232 870 2306; x_wconf 84' lang='grc' dir='ltr'>τῶν</span> <span class='ocrx_word' id='word_1_126' title='bbox 891 2223 1100 2323; x_wconf 67' lang='grc' dir='ltr'>σεβομένων</span> <span class='ocrx_word' id='word_1_127' title='bbox 1119 2220 1297 2304; x_wconf 79' lang='grc' dir='ltr'>τὸνθεόν</span> <span class='ocrx_word' id='word_1_128' title='bbox 1317 2223 1521 2326; x_wconf 78' lang='grc' dir='ltr'>δοκιμάζω</span> 
     </span>
     <span class='ocr_line' id='line_1_17' title="bbox 319 2347 1521 2454; baseline 0.002 -25"><span class='ocrx_word' id='word_1_129' title='bbox 319 2348 478 2452; x_wconf 84' lang='grc' dir='ltr'>καρδίαν,</span> <span class='ocrx_word' id='word_1_130' title='bbox 504 2351 563 2429; x_wconf 84' lang='grc' dir='ltr'>καί</span> <span class='ocrx_word' id='word_1_131' title='bbox 589 2349 767 2454; x_wconf 67' lang='grc' dir='ltr'>ποιηροίις</span> <span class='ocrx_word' id='word_1_132' title='bbox 793 2351 831 2429; x_wconf 84' lang='grc' dir='ltr'>ἐν</span> <span class='ocrx_word' id='word_1_133' title='bbox 855 2347 1011 2451; x_wconf 85' lang='grc' dir='ltr'>πρώτοις</span> <span class='ocrx_word' id='word_1_134' title='bbox 1037 2349 1268 2450; x_wconf 86' lang='grc' dir='ltr'>κατασπείρει</span> <span class='ocrx_word' id='word_1_135' title='bbox 1295 2348 1521 2450; x_wconf 75' lang='grc' dir='ltr'>λογισμοὺς</span> 
     </span>
     <span class='ocr_line' id='line_1_18' title="bbox 320 2469 1521 2580; baseline -0.002 -28"><span class='ocrx_word' id='word_1_136' title='bbox 320 2475 379 2552; x_wconf 83' lang='grc' dir='ltr'>καὶ</span> <span class='ocrx_word' id='word_1_137' title='bbox 397 2479 475 2558; x_wconf 85' lang='grc' dir='ltr'>ταῖς</span> <span class='ocrx_word' id='word_1_138' title='bbox 492 2480 541 2557; x_wconf 90' lang='grc' dir='ltr'>εἰς</span> <span class='ocrx_word' id='word_1_139' title='bbox 559 2471 601 2553; x_wconf 84' lang='grc' dir='ltr'>τὸ</span> <span class='ocrx_word' id='word_1_140' title='bbox 621 2479 767 2580; x_wconf 83' lang='grc' dir='ltr'>φαῦλον</span> <span class='ocrx_word' id='word_1_141' title='bbox 785 2473 926 2572; x_wconf 83' lang='grc' dir='ltr'>ἡδοναῖς</span> <span class='ocrx_word' id='word_1_142' title='bbox 949 2469 1041 2576; x_wconf 76' lang='grc' dir='ltr'>πρὸς</span> <span class='ocrx_word' id='word_1_143' title='bbox 1063 2478 1138 2553; x_wconf 84' lang='grc' dir='ltr'>πᾶν</span> <span class='ocrx_word' id='word_1_144' title='bbox 1156 2469 1247 2556; x_wconf 83' lang='grc' dir='ltr'>εἶδος</span> <span class='ocrx_word' id='word_1_145' title='bbox 1266 2471 1356 2572; x_wconf 80' lang='grc' dir='ltr'>ἡμᾶς</span> <span class='ocrx_word' id='word_1_146' title='bbox 1373 2473 1521 2577; x_wconf 74' lang='grc' dir='ltr'>ε’ρεθίζῖ</span> 
     </span>
     <span class='ocr_line' id='line_1_19' title="bbox 320 2594 1521 2700; baseline -0.001 -22"><span class='ocrx_word' id='word_1_147' title='bbox 320 2595 572 2694; x_wconf 88' lang='grc' dir='ltr'>πταισμάτων·</span> <span class='ocrx_word' id='word_1_148' title='bbox 610 2597 776 2696; x_wconf 84' lang='grc' dir='ltr'>μάλιστα</span> <span class='ocrx_word' id='word_1_149' title='bbox 803 2594 842 2676; x_wconf 80' lang='grc' dir='ltr'>δὲ</span> <span class='ocrx_word' id='word_1_150' title='bbox 867 2595 960 2699; x_wconf 80' lang='grc' dir='ltr'>πρὸς</span> <span class='ocrx_word' id='word_1_151' title='bbox 986 2598 1098 2676; x_wconf 84' lang='grc' dir='ltr'>ἐκεῖνο</span> <span class='ocrx_word' id='word_1_152' title='bbox 1124 2597 1247 2678; x_wconf 91' lang='grc' dir='ltr'>πίπτει</span> <span class='ocrx_word' id='word_1_153' title='bbox 1273 2595 1402 2698; x_wconf 78' lang='grc' dir='ltr'>βαρὺς,</span> <span class='ocrx_word' id='word_1_154' title='bbox 1434 2598 1521 2700; x_wconf 73' lang='grc' dir='ltr'>πρὸ</span> 
     </span>
    </p>

    <p class='ocr_par' dir='ltr' id='par_1_4' title="bbox 286 2719 1521 4317">
     <span class='ocr_line' id='line_1_20' title="bbox 286 2719 1521 2827; baseline 0.01 -32"><span class='ocrx_word' id='word_1_155' title='bbox 286 2719 410 2824; x_wconf 78' lang='grc' dir='ltr'>ἰιὸπερ</span> <span class='ocrx_word' id='word_1_156' title='bbox 442 2720 487 2800; x_wconf 78' lang='grc' dir='ltr'>εἰν</span> <span class='ocrx_word' id='word_1_157' title='bbox 517 2721 640 2827; x_wconf 75' lang='grc' dir='ltr'>βλίττῃ</span> <span class='ocrx_word' id='word_1_158' title='bbox 675 2719 973 2824; x_wconf 89' lang='grc' dir='ltr'>προπεπονθότας</span> <span class='ocrx_word' id='word_1_159' title='bbox 1009 2721 1078 2822; x_wconf 82' lang='grc' dir='ltr'>ἤδη</span> <span class='ocrx_word' id='word_1_160' title='bbox 1115 2723 1175 2802; x_wconf 85' lang='grc' dir='ltr'>καὶ</span> <span class='ocrx_word' id='word_1_161' title='bbox 1210 2722 1521 2824; x_wconf 77' lang='grc' dir='ltr'>προηττωμένους</span> 
     </span>
     <span class='ocr_line' id='line_1_21' title="bbox 321 2843 1521 2950; baseline 0.003 -26"><span class='ocrx_word' id='word_1_162' title='bbox 321 2844 547 2949; x_wconf 79' lang='grc' dir='ltr'>συνεργάτην</span> <span class='ocrx_word' id='word_1_163' title='bbox 574 2843 646 2950; x_wconf 77' lang='grc' dir='ltr'>γὰρ</span> <span class='ocrx_word' id='word_1_164' title='bbox 677 2843 801 2948; x_wconf 76' lang='grc' dir='ltr'>ὥσπερ</span> <span class='ocrx_word' id='word_1_165' title='bbox 831 2851 909 2930; x_wconf 87' lang='grc' dir='ltr'>ταῖς</span> <span class='ocrx_word' id='word_1_166' title='bbox 937 2845 1065 2925; x_wconf 80' lang='grc' dir='ltr'>ἑαυτοῦ</span> <span class='ocrx_word' id='word_1_167' title='bbox 1094 2846 1327 2947; x_wconf 86' lang='grc' dir='ltr'>δυστροπίαις</span> <span class='ocrx_word' id='word_1_168' title='bbox 1356 2845 1420 2924; x_wconf 87' lang='grc' dir='ltr'>οἰεί</span> <span class='ocrx_word' id='word_1_169' title='bbox 1452 2881 1521 2928; x_wconf 88' lang='grc' dir='ltr'>πω</span> 
     </span>
     <span class='ocr_line' id='line_1_22' title="bbox 322 2966 1521 3074; baseline 0.002 -26"><span class='ocrx_word' id='word_1_170' title='bbox 322 2967 462 3074; x_wconf 72' lang='grc' dir='ltr'>δέχεται</span> <span class='ocrx_word' id='word_1_171' title='bbox 485 2966 552 3070; x_wconf 84' lang='grc' dir='ltr'>τήν</span> <span class='ocrx_word' id='word_1_172' title='bbox 572 2967 746 3072; x_wconf 76' lang='grc' dir='ltr'>ἡμετέραν</span> <span class='ocrx_word' id='word_1_173' title='bbox 768 2968 967 3068; x_wconf 66' lang='grc' dir='ltr'>ἀσθένειαν,</span> <span class='ocrx_word' id='word_1_174' title='bbox 987 2971 1045 3049; x_wconf 87' lang='grc' dir='ltr'>καί</span> <span class='ocrx_word' id='word_1_175' title='bbox 1070 2967 1113 3049; x_wconf 84' lang='grc' dir='ltr'>τὸ</span> <span class='ocrx_word' id='word_1_176' title='bbox 1137 2971 1388 3072; x_wconf 85' lang='grc' dir='ltr'>προαδικῆσαν</span> <span class='ocrx_word' id='word_1_177' title='bbox 1408 2971 1521 3050; x_wconf 82' lang='grc' dir='ltr'>πάθο</span> 
     </span>
     <span class='ocr_line' id='line_1_23' title="bbox 321 3090 1521 3200; baseline 0.003 -28"><span class='ocrx_word' id='word_1_178' title='bbox 321 3090 386 3172; x_wconf 78' lang='grc' dir='ltr'>τὸν</span> <span class='ocrx_word' id='word_1_179' title='bbox 413 3093 583 3197; x_wconf 75' lang='grc' dir='ltr'>ἡμέτερον</span> <span class='ocrx_word' id='word_1_180' title='bbox 614 3101 710 3196; x_wconf 86' lang='grc' dir='ltr'>νοῦν·</span> <span class='ocrx_word' id='word_1_181' title='bbox 751 3090 826 3173; x_wconf 83' lang='grc' dir='ltr'>οἶον</span> <span class='ocrx_word' id='word_1_182' title='bbox 856 3093 945 3200; x_wconf 76' lang='grc' dir='ltr'>φέρε</span> <span class='ocrx_word' id='word_1_183' title='bbox 976 3097 1097 3191; x_wconf 87' lang='grc' dir='ltr'>εἰπεῖν,</span> <span class='ocrx_word' id='word_1_184' title='bbox 1126 3101 1346 3199; x_wconf 82' lang='grc' dir='ltr'>παρενοχλεῖ</span> <span class='ocrx_word' id='word_1_185' title='bbox 1372 3093 1451 3192; x_wconf 74' lang='grc' dir='ltr'>μὲν</span> <span class='ocrx_word' id='word_1_186' title='bbox 1487 3131 1521 3176; x_wconf 81' lang='grc' dir='ltr'>τι</span> 
     </span>
     <span class='ocr_line' id='line_1_24' title="bbox 322 3215 1521 3322; baseline 0.001 -26"><span class='ocrx_word' id='word_1_187' title='bbox 322 3217 408 3297; x_wconf 91' lang='grc' dir='ltr'>δεῖνι</span> <span class='ocrx_word' id='word_1_188' title='bbox 435 3217 546 3322; x_wconf 83' lang='grc' dir='ltr'>τυχὸν</span> <span class='ocrx_word' id='word_1_189' title='bbox 573 3219 631 3296; x_wconf 85' lang='grc' dir='ltr'>καί</span> <span class='ocrx_word' id='word_1_190' title='bbox 660 3215 796 3320; x_wconf 81' lang='grc' dir='ltr'>θερμὴν</span> <span class='ocrx_word' id='word_1_191' title='bbox 823 3215 946 3318; x_wconf 80' lang='grc' dir='ltr'>ἐπάγει</span> <span class='ocrx_word' id='word_1_192' title='bbox 972 3217 1038 3317; x_wconf 83' lang='grc' dir='ltr'>τήν</span> <span class='ocrx_word' id='word_1_193' title='bbox 1063 3215 1239 3317; x_wconf 88' lang='grc' dir='ltr'>αἰσθησιν</span> <span class='ocrx_word' id='word_1_194' title='bbox 1266 3215 1309 3298; x_wconf 81' lang='grc' dir='ltr'>τό</span> <span class='ocrx_word' id='word_1_195' title='bbox 1336 3219 1404 3316; x_wconf 76' lang='grc' dir='ltr'>τῆς</span> <span class='ocrx_word' id='word_1_196' title='bbox 1436 3253 1521 3322; x_wconf 78' lang='grc' dir='ltr'>σαρ</span> 
     </span>
     <span class='ocr_line' id='line_1_25' title="bbox 297 3337 1521 3449; baseline 0.002 -29"><span class='ocrx_word' id='word_1_197' title='bbox 297 3343 422 3440; x_wconf 63' lang='grc' dir='ltr'>’κικῆς</span> <span class='ocrx_word' id='word_1_198' title='bbox 454 3341 582 3440; x_wconf 77' lang='grc' dir='ltr'>ἡδοιής</span> <span class='ocrx_word' id='word_1_199' title='bbox 612 3338 890 3444; x_wconf 78' lang='grc' dir='ltr'>βδελυρώτατον</span> <span class='ocrx_word' id='word_1_200' title='bbox 918 3339 1063 3441; x_wconf 87' lang='grc' dir='ltr'>κίνημα·</span> <span class='ocrx_word' id='word_1_201' title='bbox 1104 3341 1213 3449; x_wconf 75' lang='grc' dir='ltr'>ἑτεριρ</span> <span class='ocrx_word' id='word_1_202' title='bbox 1245 3339 1284 3420; x_wconf 80' lang='grc' dir='ltr'>δὲ</span> <span class='ocrx_word' id='word_1_203' title='bbox 1314 3337 1356 3420; x_wconf 80' lang='grc' dir='ltr'>τὸ</span> <span class='ocrx_word' id='word_1_204' title='bbox 1388 3347 1521 3444; x_wconf 79' lang='grc' dir='ltr'>κερδῶ</span> 
     </span>
     <span class='ocr_line' id='line_1_26' title="bbox 322 3462 1521 3569; baseline 0.005 -27"><span class='ocrx_word' id='word_1_205' title='bbox 322 3463 500 3561; x_wconf 86' lang='grc' dir='ltr'>ήττᾶσθαι</span> <span class='ocrx_word' id='word_1_206' title='bbox 527 3469 657 3561; x_wconf 81' lang='grc' dir='ltr'>κακῶν,</span> <span class='ocrx_word' id='word_1_207' title='bbox 676 3466 735 3542; x_wconf 89' lang='grc' dir='ltr'>καί</span> <span class='ocrx_word' id='word_1_208' title='bbox 763 3463 921 3544; x_wconf 88' lang='grc' dir='ltr'>οἰνόσιων</span> <span class='ocrx_word' id='word_1_209' title='bbox 947 3462 1143 3569; x_wconf 86' lang='grc' dir='ltr'>χρημάτων</span> <span class='ocrx_word' id='word_1_210' title='bbox 1164 3464 1347 3568; x_wconf 82' lang='grc' dir='ltr'>πορισμὸν</span> <span class='ocrx_word' id='word_1_211' title='bbox 1371 3465 1521 3566; x_wconf 78' lang='grc' dir='ltr'>ἄριστα</span> 
     </span>
     <span class='ocr_line' id='line_1_27' title="bbox 322 3581 1521 3697; baseline 0.008 -32"><span class='ocrx_word' id='word_1_212' title='bbox 322 3581 409 3665; x_wconf 84' lang='grc' dir='ltr'>εἶναι</span> <span class='ocrx_word' id='word_1_213' title='bbox 427 3589 527 3666; x_wconf 88' lang='grc' dir='ltr'>δοκεῖ</span> <span class='ocrx_word' id='word_1_214' title='bbox 541 3621 618 3671; x_wconf 88' lang='grc' dir='ltr'>πως</span> <span class='ocrx_word' id='word_1_215' title='bbox 635 3591 694 3668; x_wconf 88' lang='grc' dir='ltr'>καί</span> <span class='ocrx_word' id='word_1_216' title='bbox 712 3595 819 3668; x_wconf 88' lang='grc' dir='ltr'>τοῦτο</span> <span class='ocrx_word' id='word_1_217' title='bbox 835 3588 1029 3688; x_wconf 87' lang='grc' dir='ltr'>τετίμηται.</span> <span class='ocrx_word' id='word_1_218' title='bbox 1067 3587 1155 3669; x_wconf 81' lang='grc' dir='ltr'>ὅταν</span> <span class='ocrx_word' id='word_1_219' title='bbox 1172 3589 1236 3668; x_wconf 79' lang='grc' dir='ltr'>οὖν</span> <span class='ocrx_word' id='word_1_220' title='bbox 1253 3587 1393 3694; x_wconf 84' lang='grc' dir='ltr'>προσίῃ</span> <span class='ocrx_word' id='word_1_221' title='bbox 1412 3625 1521 3697; x_wconf 85' lang='grc' dir='ltr'>μαχι</span> 
     </span>
     <span class='ocr_line' id='line_1_28' title="bbox 292 3708 1521 3820; baseline 0.007 -34"><span class='ocrx_word' id='word_1_222' title='bbox 292 3740 438 3809; x_wconf 90' lang='grc' dir='ltr'>ομενος,</span> <span class='ocrx_word' id='word_1_223' title='bbox 456 3708 646 3791; x_wconf 84' lang='grc' dir='ltr'>σόνοπλον</span> <span class='ocrx_word' id='word_1_224' title='bbox 664 3717 815 3791; x_wconf 89' lang='grc' dir='ltr'>ποιεῖται</span> <span class='ocrx_word' id='word_1_225' title='bbox 839 3709 882 3791; x_wconf 83' lang='grc' dir='ltr'>τί)</span> <span class='ocrx_word' id='word_1_226' title='bbox 907 3715 1169 3816; x_wconf 86' lang='grc' dir='ltr'>προκροιτῆσαν</span> <span class='ocrx_word' id='word_1_227' title='bbox 1185 3714 1223 3792; x_wconf 83' lang='grc' dir='ltr'>ἐν</span> <span class='ocrx_word' id='word_1_228' title='bbox 1242 3712 1407 3812; x_wconf 82' lang='grc' dir='ltr'>ἡμῖνκαὶ</span> <span class='ocrx_word' id='word_1_229' title='bbox 1434 3749 1521 3820; x_wconf 78' lang='grc' dir='ltr'>προ</span> 
     </span>
     <span class='ocr_line' id='line_1_29' title="bbox 322 3833 1521 3944; baseline 0.001 -29"><span class='ocrx_word' id='word_1_230' title='bbox 322 3837 540 3934; x_wconf 87' lang='grc' dir='ltr'>πολεμῆσαν</span> <span class='ocrx_word' id='word_1_231' title='bbox 572 3833 698 3932; x_wconf 84' lang='grc' dir='ltr'>πάθος,</span> <span class='ocrx_word' id='word_1_232' title='bbox 730 3837 789 3914; x_wconf 86' lang='grc' dir='ltr'>καὶ</span> <span class='ocrx_word' id='word_1_233' title='bbox 825 3835 870 3914; x_wconf 92' lang='grc' dir='ltr'>δι’</span> <span class='ocrx_word' id='word_1_234' title='bbox 904 3835 1036 3916; x_wconf 84' lang='grc' dir='ltr'>ἐκείνου</span> <span class='ocrx_word' id='word_1_235' title='bbox 1071 3833 1216 3921; x_wconf 89' lang='grc' dir='ltr'>πάντως</span> <span class='ocrx_word' id='word_1_236' title='bbox 1245 3837 1330 3935; x_wconf 83' lang='grc' dir='ltr'>ἡμῖν</span> <span class='ocrx_word' id='word_1_237' title='bbox 1361 3835 1435 3916; x_wconf 83' lang='grc' dir='ltr'>τὸν</span> <span class='ocrx_word' id='word_1_238' title='bbox 1477 3847 1521 3944; x_wconf 69' lang='lat' dir='ltr'>rr]</span> 
     </span>
     <span class='ocr_line' id='line_1_30' title="bbox 323 3956 1521 4065; baseline 0.003 -25"><span class='ocrx_word' id='word_1_239' title='bbox 323 3958 504 4043; x_wconf 77' lang='grc' dir='ltr'>ἀπωλείας</span> <span class='ocrx_word' id='word_1_240' title='bbox 521 3964 726 4064; x_wconf 81' lang='grc' dir='ltr'>μηχανᾶται</span> <span class='ocrx_word' id='word_1_241' title='bbox 744 3957 890 4062; x_wconf 90' lang='grc' dir='ltr'>τρόπον.</span> <span class='ocrx_word' id='word_1_242' title='bbox 932 3957 1058 4062; x_wconf 77' lang='grc' dir='ltr'>ὥσπερ</span> <span class='ocrx_word' id='word_1_243' title='bbox 1075 3956 1148 4062; x_wconf 76' lang='grc' dir='ltr'>γὰρ</span> <span class='ocrx_word' id='word_1_244' title='bbox 1166 3959 1200 4038; x_wconf 86' lang='grc' dir='ltr'>εἰ</span> <span class='ocrx_word' id='word_1_245' title='bbox 1220 3993 1274 4044; x_wconf 91' lang='grc' dir='ltr'>τις</span> <span class='ocrx_word' id='word_1_246' title='bbox 1299 3965 1373 4039; x_wconf 82' lang='grc' dir='ltr'>τῶν</span> <span class='ocrx_word' id='word_1_247' title='bbox 1393 3962 1521 4065; x_wconf 73' lang='grc' dir='ltr'>ἅριστ</span> 
     </span>
     <span class='ocr_line' id='line_1_31' title="bbox 322 4079 1521 4191; baseline 0.005 -28"><span class='ocrx_word' id='word_1_248' title='bbox 322 4089 566 4187; x_wconf 89' lang='grc' dir='ltr'>πολεμαρχεῖν</span> <span class='ocrx_word' id='word_1_249' title='bbox 585 4081 770 4180; x_wconf 88' lang='grc' dir='ltr'>εἰωθότων,</span> <span class='ocrx_word' id='word_1_250' title='bbox 789 4079 901 4163; x_wconf 91' lang='grc' dir='ltr'>πόλιν</span> <span class='ocrx_word' id='word_1_251' title='bbox 918 4081 998 4163; x_wconf 78' lang='grc' dir='ltr'>τινὰ</span> <span class='ocrx_word' id='word_1_252' title='bbox 1024 4081 1146 4191; x_wconf 79' lang='grc' dir='ltr'>κύκλῳ</span> <span class='ocrx_word' id='word_1_253' title='bbox 1169 4081 1365 4188; x_wconf 79' lang='grc' dir='ltr'>περισχὼν,</span> <span class='ocrx_word' id='word_1_254' title='bbox 1387 4091 1456 4166; x_wconf 87' lang='grc' dir='ltr'>καί</span> <span class='ocrx_word' id='word_1_255' title='bbox 1485 4093 1521 4170; x_wconf 86' lang='grc' dir='ltr'>δι</span> 
     </span>
     <span class='ocr_line' id='line_1_32' title="bbox 322 4205 1521 4317; baseline 0.006 -30"><span class='ocrx_word' id='word_1_256' title='bbox 322 4205 446 4307; x_wconf 82' lang='grc' dir='ltr'>πάσης</span> <span class='ocrx_word' id='word_1_257' title='bbox 475 4209 639 4312; x_wconf 84' lang='grc' dir='ltr'>μηχανῆς</span> <span class='ocrx_word' id='word_1_258' title='bbox 671 4211 848 4288; x_wconf 82' lang='grc' dir='ltr'>εἰσελθεῖν</span> <span class='ocrx_word' id='word_1_259' title='bbox 874 4205 1102 4310; x_wconf 82' lang='grc' dir='ltr'>ἐπειγόμενος</span> <span class='ocrx_word' id='word_1_260' title='bbox 1134 4209 1192 4288; x_wconf 90' lang='grc' dir='ltr'>ε’πί</span> <span class='ocrx_word' id='word_1_261' title='bbox 1220 4206 1266 4288; x_wconf 82' lang='grc' dir='ltr'>τὰ</span> <span class='ocrx_word' id='word_1_262' title='bbox 1293 4215 1359 4288; x_wconf 81' lang='grc' dir='ltr'>τοῦ</span> <span class='ocrx_word' id='word_1_263' title='bbox 1388 4212 1521 4317; x_wconf 85' lang='grc' dir='ltr'>τείχοι</span> 
     </span>
    </p>
   </div>
   <div class='ocr_carea' id='block_1_3' title="bbox 322 4484 1521 4610">
    <p class='ocr_par' dir='ltr' id='par_1_5' title="bbox 322 4484 1521 4610">
     <span class='ocr_line' id='line_1_33' title="bbox 322 4484 1521 4610; baseline 0.009 -72"><span class='ocrx_word' id='word_1_264' title='bbox 322 4501 393 4610; x_wconf 58' lang='grc' dir='ltr'>οιι1ζὲ</span> <span class='ocrx_word' id='word_1_265' title='bbox 403 4484 494 4559; x_wconf 75' lang='grc' dir='ltr'>αὐτὸν]</span> <span class='ocrx_word' id='word_1_266' title='bbox 507 4487 601 4544; x_wconf 80' lang='grc' dir='ltr'>ταίτδν</span> <span class='ocrx_word' id='word_1_267' title='bbox 611 4487 640 4544; x_wconf 86' lang='lat' dir='ltr'>b.</span> <span class='ocrx_word' id='word_1_268' title='bbox 776 4504 803 4545; x_wconf 70' lang='grc' dir='ltr'>τ.</span> <span class='ocrx_word' id='word_1_269' title='bbox 820 4485 936 4561; x_wconf 81' lang='grc' dir='ltr'>ἦνείχετο</span> <span class='ocrx_word' id='word_1_270' title='bbox 947 4505 972 4545; x_wconf 79' lang='lat' dir='ltr'>c.</span> <span class='ocrx_word' id='word_1_271' title='bbox 1110 4504 1156 4560; x_wconf 82' lang='lat'>31.</span> <span class='ocrx_word' id='word_1_272' title='bbox 1174 4487 1340 4560; x_wconf 70' lang='grc' dir='ltr'>ἐπειγόμενος</span> <span class='ocrx_word' id='word_1_273' title='bbox 1352 4501 1521 4563; x_wconf 62' lang='lat' dir='ltr'><strong>“sumptu</strong></span> 
     </span>
    </p>
   </div>
   <div class='ocr_carea' id='block_1_4' title="bbox 0 0 1547 5112">
    <p class='ocr_par' dir='ltr' id='par_1_6' title="bbox 0 0 1547 5112">
     <span class='ocr_line' id='line_1_34' title="bbox 0 0 1547 5112; baseline 0 0"><span class='ocrx_word' id='word_1_274' title='bbox 0 0 1547 5112; x_wconf 95' lang='lat' dir='ltr'> </span> 
     </span>
    </p>
   </div>
  </div>
 </body>
</html>
