3082 5112
338 335 403 401 362
598 433 602 440 ι
641 337 681 403 Β.
704 336 911 402 OYRILLI
940 329 1227 404 ALEXANDR.
1402 327 1467 392 xiii.
1481 343 1514 390 ιι

340 501 478 586 τούτοις
495 501 560 600 μέν
578 503 687 583 αὐτοῦ
705 511 779 588 τοῖς
800 501 941 606 ῥήμασι
966 502 1008 584 τὸ
1034 503 1093 584 διά
1118 507 1182 602 τῆς
1207 497 1383 608 εὐφημίας
1402 489 1511 592 δηλού

340 660 449 724 μενον
472 628 606 706 κατίδοι
633 659 687 712 τις
714 627 774 707 ἀν.
814 631 1012 726 μετατιθεὶς
1039 625 1078 706 δέ
1106 627 1148 706 τὸ
1174 623 1333 706 ε’ναντίον
1354 612 1512 723 πρδςτὴ

341 750 501 853 θεωρίαν,
520 747 587 848 τὴν
604 757 669 830 τοῦ
686 750 865 853 προδότου
883 750 1100 846 δυσσέβειαν
1119 753 1184 830 οὐκ
1208 755 1256 832 εἰς
1278 743 1389 844 μόνον
1407 740 1514 844 όφετο

340 875 598 969 διαβαίνουσαν
624 873 689 956 τὸν
714 874 817 974 Υὶὸν,
845 874 947 954 ἀλλὰ
979 880 1039 956 καὶ
1069 881 1118 958 είς
1150 871 1260 954 αὐτόν
1286 870 1350 952 τὸν
1380 864 1514 966 Πατέρα

339 995 472 1099 τρόπος
499 1007 691 1102 τοιγαροῦν
713 1001 864 1100 ἀπειλῆς
890 998 931 1080 τὸ
956 999 1139 1103 εἰρημένον
1156 1001 1267 1094 ἐστὶν,
1285 989 1514 1099 εύφημοτέροι

341 1119 379 1201 δέ
406 1121 545 1225 ῥήμασι
572 1124 910 1227 προκεκομισμένος,
939 1121 1120 1228 παριστάς
1148 1155 1188 1202 τε
1218 1116 1342 1220 ὥσπερ
1375 1113 1436 1196 διὰ
1467 1117 1514 1191 τῶ

341 1247 542 1350 ἀριστερῶν
560 1248 602 1326 τὸ
620 1245 851 1347 δηλούμενον.
890 1246 999 1352 όνπερ
1023 1245 1095 1350 γὰρ
1113 1245 1247 1348 τρόπον
1265 1241 1328 1322 τὸν
1346 1243 1514 1320 ἀπεσταλ

308 1369 448 1468 ἀμένον
466 1369 565 1472 παρὰ
584 1377 680 1452 θεοῦ
698 1371 840 1479 δέξεταί
854 1406 908 1454 τις
926 1378 999 1452 τῶν
1017 1373 1098 1451 καθ’
1119 1371 1221 1469 ἡμᾶς,
1235 1374 1309 1451 τοῖς
1326 1364 1412 1466 παρ’
1434 1362 1514 1440 αύτο

342 1495 560 1578 συναινέσας
597 1493 732 1597 λόγοις,
766 1498 824 1574 καὶ
861 1494 920 1576 διὰ
957 1503 1021 1574 τοῦ
1052 1498 1209 1597 τηρήσω
1244 1490 1287 1572 τδ
1323 1485 1514 1570 θεσπισθέι

341 1616 498 1718 τιμήσας
533 1617 597 1698 τὸν
629 1617 903 1719 κηρυττόμενον·
947 1621 1024 1700 κατ’
1058 1617 1167 1698 αὑτὸν
1198 1613 1295 1717 οἶμαι
1331 1611 1398 1693 τὸν
1429 1609 1514 1710 λόγο

344 1741 557 1848 ύποδέξαιτό
585 1775 638 1826 τις
666 1739 712 1820 ἀν
739 1742 803 1821 τὸν
831 1743 976 1846 Κύριον,
999 1747 1058 1823 καὶ
1086 1743 1130 1822 δι’
1156 1741 1266 1821 αὐτοῦ
1292 1737 1357 1819 τὸν
1381 1735 1514 1836 Πατέρι

342 1865 525 1946 πιστεύων
557 1871 605 1949 είς
636 1863 738 1946 Υίόν.
789 1865 1035 1972 συνειστρέχει
1066 1864 1137 1970 γὰρ
1170 1867 1221 1974 τῷ
1252 1859 1449 1966 γεννήματι
1480 1892 1514 1938 το

343 1985 508 2072 τεκόντος
541 1988 563 2088 ἡ
596 1987 767 2089 δήλωσις.
819 1991 839 2069 ὁ
872 1987 944 2093 γὰρ
975 1989 1070 2073 ὅλως
1102 1987 1193 2070 Υίδν
1223 1984 1309 2068 εἶναι
1340 1983 1514 2066 πιστεύσι

343 2109 463 2209 αύτδν,
490 2111 712 2216 ὁμολογήσει
742 2111 786 2213 δὴ
814 2112 958 2197 πάντως
985 2113 1050 2194 τὸν
1077 2112 1260 2218 φύσαντα.
1301 2105 1456 2214 φρικτὸν
1483 2105 1514 2184 ot*

344 2237 416 2338 ἀρα
433 2245 498 2316 τοῦ
516 2235 694 2340 προδότου
715 2235 757 2317 τὸ
781 2245 901 2340 κρῖμα,
920 2240 978 2318 καὶ
1002 2243 1051 2320 είς
1076 2235 1185 2316 αὐτόν
1203 2233 1465 2342 έξυβρίσαντος
1482 2227 1514 2308 τί

345 2357 441 2438 θεὸν
460 2362 519 2438 καὶ
542 2359 689 2463 Πατέρα
717 2359 776 2440 διὰ
804 2365 868 2460 τῆς
895 2366 945 2445 εἰς
971 2358 1035 2440 τόν
1053 2358 1144 2440 Υὶδν
1162 2355 1386 2451 δυσσεβείας.
1427 2351 1514 2454 ήγό

315 2479 391 2562 οάν
412 2482 635 2588 παρεδέξατο
663 2485 721 2562 καὶ
746 2481 922 2584 τετίμηκε,
941 2481 1093 2586 γνήσιον
1112 2485 1254 2566 ὑποθεὶς
1278 2484 1326 2564 ὡς
1350 2479 1476 2585 Κυρίιρ
1502 2511 1513 2556 ι

345 2605 526 2713 φρόνημα,
546 2612 575 2686 εὶ
599 2605 844 2716 ἀνενδοιάστῳ
869 2614 914 2714 τῇ
939 2608 1060 2688 πίστει
1077 2605 1173 2688 Θεὸν
1194 2603 1364 2709 ὑπάρχειν
1385 2605 1426 2682 ἐκ
1450 2607 1513 2681 Θει

345 2727 635 2830 καθωμολόγησε
663 2729 726 2809 τὸν
749 2731 849 2830 Υίόν,
878 2738 1041 2836 αἰσχρῶν
1068 2766 1107 2812 τε
1135 2726 1336 2830 λημμάτων
1362 2727 1513 2830 κρείττοι

345 2849 412 2951 τὴν
438 2855 487 2936 είς
514 2851 623 2932 αὐτόν
651 2853 797 2955 ἀγάπην
825 2857 846 2935 ό
874 2857 1029 2940 δείλαιος
1055 2854 1262 2955 ἐποιήσατο,
1286 2853 1371 2932 ἀλλ’
1398 2851 1476 2932 οὐδ’
1502 2857 1513 2928 ι’

345 2969 443 3074 οἶμαι
469 2972 648 3078 προδότης
674 2975 794 3076 ἁλούς,
815 2978 959 3080 ἀμεινον
977 2980 1091 3087 ἑαυτῷ
1116 2975 1159 3059 τό
1184 2974 1353 3078 μηδόλως
1377 2974 1512 3080 γενέσθ

345 3098 629 3204 παρεσκεύασεν.

296 3333 331 3378 ²1
346 3319 458 3388 Ταῦτα
486 3319 588 3388 εἰπὼν
610 3324 629 3389 ὀ
648 3323 776 3389 Ἰιιοοῡο
802 3325 967 3414 ὲταράχθιι
994 3329 1043 3410 τῷ
1066 3326 1234 3404 πνεύματι,
1260 3322 1313 3387 καὶ
1339 3321 1510 3410 ἐμαρτύριι

397 3446 451 3510 καὶ
486 3439 576 3514 εἶπεν
603 3447 707 3526 Ἀμιίν
741 3449 829 3528 ἀμύν
860 3451 948 3525 λέγω
983 3445 1056 3527 ὑμῖν
1087 3451 1138 3518 ὅτι
1170 3443 1217 3514 εἷς
1254 3448 1290 3517 ἒξ
1321 3447 1414 3526 ὑμῶν
1444 3470 1512 3534 παρ

397 3569 498 3639 δώσει
523 3597 575 3651 με.

141 3745 145 3750 “
180 3749 336 3812 'MA-n
405 3737 478 3816 Καὶ
503 3738 572 3818 τίνι
596 3745 669 3819 τῶν
687 3737 802 3820 ὄντων
820 3739 885 3820 ούκ
910 3737 955 3820 ἀν
973 3740 1112 3842 γένοιτο
1138 3738 1267 3846 σαφές,
1286 3741 1335 3822 ὡς
1359 3740 1444 3818 ούτε
1471 3743 1512 3817 διι

347 3859 454 3958 νοίας,
473 3862 555 3942 οὔτε
582 3861 654 3963 μὴν
679 3861 803 3966 λόγων
826 3863 849 3964 ἡ
877 3863 1030 3967 ἡμετέρα
1056 3862 1170 3970 φύσις
1196 3865 1347 3966 εὐπορεῖ,
1366 3863 1410 3942 δι’
1432 3859 1512 3941 ὧνι

348 3985 491 4066 δύναιτο
508 3983 619 4092 τυχόν
637 3985 865 4090 ἀνεγκλήτως
890 4021 928 4068 τε
953 3991 1015 4069 καὶ
1037 3988 1270 4074 ἀδιαπτώτως
1292 3993 1401 4068 εἰπεῖν
1420 3985 1471 4066 τὰ
1490 4021 1511 4065 τ

348 4106 443 4194 θείας
475 4144 513 4190 τε
546 4114 605 4192 καὶ
634 4109 790 4216 ἀῤῥήτοο
818 4108 964 4216 φύσεως
994 4110 1090 4208 ’ίδια;
1132 4111 1191 4193 διὰ
1222 4119 1330 4192 τοῦτο
1358 4115 1437 4195 τοῖς
1469 4144 1511 4189 κο

348 4229 478 4333 ἑαυτὴν
497 4235 719 4338 ύιτηρετεῖται
744 4233 869 4336 λόγοις
892 4231 984 4338 πρὸς
1010 4237 1160 4340 μετρίαν
1177 4235 1353 4344 ἐξήγησιν
1369 4241 1447 4314 τῶν
1466 4236 1511 4314 ύτ

430 4425 471 4478 καί
502 4427 619 4484 τοδεΕ.
687 4429 1049 4522 προκικοσμημένος(ιίο)Ε.
1174 4431 1200 4486 Β.
1218 4430 1366 4500 δέξεταιΕ.
1379 4429 1511 4498 δέξηται]

348 4423 622 4632 ηιὲνᾜάίξχαα.
649 4569 699 4624 Ed
728 4499 869 4572 16.ή]ή]’ίσ.
881 4501 904 4555 εί
916 4500 1038 4574 Edmg.
1193 4517 1236 4572 ογ.
1253 4501 1386 4574 λόγονΕ.
1399 4499 1511 4572 λόγου]

476 4587 491 4617 ν
549 4571 636 4638 τυχεῖν
