3118 5132
299 339 365 405 376
603 341 642 408 B.
666 341 876 407 OYRILLI
906 343 1196 409 ALEXANDR.
1298 342 1365 408 xiii.
1379 362 1436 429 31,
1456 358 1532 426 32.

301 501 369 605 τὴν
395 505 507 590 οὕτως
534 503 683 588 ἀνόσιον
710 507 798 587 ίέναι
824 506 969 614 πρᾶξιν,
998 506 1120 594 δεδιὼς
1149 505 1241 588 κατά
1268 539 1310 610 γε
1338 504 1381 586 τὸ
1410 503 1532 588 εἰκὸς

303 629 394 728 ὁμοῦ
420 633 467 735 τῇ
493 630 717 733 μεταγνώσει
743 635 803 710 καὶ
829 630 896 731 τὴν
919 634 958 711 ἐκ
983 635 1047 731 τῆς
1073 633 1239 735 εὐλογίας
1266 629 1429 729 δύναμιν,
1459 627 1530 727 μὴ

304 751 376 855 ἆρα
402 785 480 837 πως
507 755 610 860 ἐντῇ
635 763 699 835 τοῦ
725 755 919 859 ἀνθρώπου
942 755 1071 862 καρδίᾳ
1098 753 1220 862 φωτὸς
1244 751 1530 858 άναλάμψασα

303 875 416 976 δίκην,
448 878 687 982 ἀγαθουργεῖν
723 878 900 984 οίναπείση
935 879 1157 982 προελέσθαι
1192 885 1339 978 μᾶλλον
1375 872 1525 973 αὐτὸν,

303 997 417 1098 ἤγουν
446 999 489 1079 τδ
519 999 690 1107 φρόνημα
721 999 764 1082 τδ
794 999 950 1104 γνήσιον
978 1001 1110 1107 ἐντέκη,
1139 1008 1191 1109 τῷ
1222 1003 1282 1083 καὶ
1308 1003 1527 1105 προδοῦναι

305 1121 436 1203 λοιπὸν
457 1125 767 1234 ἀναπεπεισμένον.

355 1243 445 1326 Ὅτι
469 1245 542 1351 γάρ
568 1249 648 1334 ἐθος
673 1258 780 1330 τοῦτο
804 1247 973 1352 πράττειν
991 1252 1044 1330 ἀεὶ
1062 1249 1145 1330 καθ’
1165 1249 1267 1348 ἡμῶν
1283 1253 1335 1356 τῷ
1353 1247 1525 1346 δαίμονι,

278 1373 366 1450 υκαὶ
384 1367 443 1450 διά
461 1377 534 1450 τῶν
550 1374 588 1452 ἐν
605 1371 708 1481 τόπερ
728 1371 932 1476 γεγονότων
949 1369 1177 1476 γνωσόμεθα.
1217 1371 1413 1470 ἐποιήσατο
1439 1367 1524 1470 μέν

307 1491 378 1595 γάρ
397 1491 467 1574 ὖπδ
485 1501 588 1599 χεῖρα
604 1494 687 1581 τοὺς
700 1495 892 1584 Ἰουδαίους
910 1497 930 1574 δ
949 1495 1084 1600 Φαραὼ
1103 1497 1179 1576 κατ’
1194 1493 1381 1598 Αἰγύπτου
1399 1491 1523 1576 ὄντας

307 1617 370 1716 ἐτι,
400 1625 508 1725 πηλῷ
538 1618 576 1700 δέ
607 1622 666 1699 καὶ
696 1620 865 1727 πλινθείρ
897 1623 955 1700 καὶ
984 1627 1062 1706 ταῖς
1091 1627 1164 1700 τῶν
1192 1621 1307 1722 ἔργων
1334 1617 1545 1720 ἀνάγκαιςῑ

306 1742 637 1847 ἐγκατατριίχεσθαι
667 1749 803 1847 πικρῶς
834 1741 1004 1850 ἐπιτάξας
1036 1742 1174 1842 αὐτοὺς,
1202 1741 1327 1823 οὐδένα
1357 1775 1397 1822 τε
1428 1747 1521 1824 ταῖς

307 1863 398 1968 πρὸς
416 1863 512 1946 θεὸν
531 1866 689 1951 ἱκετείαις
709 1867 824 1947 ἐδίδου
846 1865 980 1970 καιρόν.
1020 1870 1079 1948 καὶ
1103 1875 1193 1970 γοῦν
1210 1863 1302 1970 πρὸς
1326 1863 1410 1950 τοὺς
1434 1871 1520 1946 τῶν

215 2027 222 2042 ·
249 2027 256 2042 ·
307 1989 423 2092 ἔργων
441 1989 636 2076 ἐπιστάτας
650 2001 671 2039 “
683 1990 915 2094 Βαρυνέσθω,
927 1993 1033 2098 φησὶ,
1046 1989 1092 2071 τά
1110 1990 1289 2094 ἐργατῶν
1307 1987 1517 2092 ἀνθρώπων

309 2123 331 2162 “
348 2111 497 2212 τούτων,
526 2117 586 2195 καὶ
622 2113 672 2215 μὴ
709 2113 987 2218 μεριμνοίτωσαν
1022 2111 1146 2217 λόγοις
1182 2111 1324 2197 κενοῖς·”
1372 2111 1518 2214 λόγους

309 2235 429 2323 κενοὺς
457 2237 639 2342 ὀνομάζων
663 2237 729 2339 τὴν
751 2244 800 2323 είς
825 2237 1013 2341 ἐλευθέραν
1034 2237 1109 2344 ἕξιν
1131 2235 1335 2340 ἀναδρομὴν
1357 2239 1416 2316 καὶ
1441 2235 1515 2335 τὴν
1536 2268 1547 2308 1

143 2379 210 2437 'm
219 2377 259 2436 Δ.
279 2361 368 2440 σέπὶ
403 2359 519 2470 τοιίτιρ
556 2359 729 2464 διάπυρον
764 2361 964 2460 ἐπιθυμίαν,
994 2363 1053 2441 καὶ
1088 2358 1152 2440 τδν
1188 2363 1245 2441 ἐπὶ
1280 2365 1326 2466 τῇ
1363 2361 1514 2466 δουλείᾳ

310 2487 452 2586 θρῆνον,
472 2487 530 2565 καὶ
552 2483 619 2585 τὴν
636 2488 693 2566 ἐπὶ
718 2491 791 2566 τῶν
810 2485 1022 2566 καλλίστων
1040 2481 1260 2591 προσευχήν.
1300 2485 1365 2566 οὐκ
1387 2481 1514 2586 ἠγνόει

308 2605 380 2712 γάρ
418 2607 476 2688 διά
513 2612 577 2707 τῆς
613 2610 651 2688 ἐν
687 2607 826 2692 τούτοις
862 2611 1006 2712 σχολῆς
1043 2609 1086 2688 οὐ
1121 2604 1254 2710 μικράν
1289 2605 1512 2711 εὑρήσοντος

309 2730 446 2830 ὄνησιν.
495 2731 568 2812 άπὸ
605 2729 649 2831 δν)
685 2737 758 2812 τῶν
795 2730 919 2812 τόπων
954 2733 1012 2812 ἐπὶ
1049 2729 1114 2830 τὴν
1144 2737 1218 2810 τῶν
1253 2729 1512 2833 άληθεστέρων

310 2851 550 2958 θεωρημάτων
586 2852 697 2939 ίόντες
733 2855 938 2957 ἐπίγνωσιν,
970 2854 1225 2957 κατεπείγοντα
1261 2853 1408 2960 σφόδρα
1443 2853 1511 2934 τὸν
1527 2887 1548 2926 ν

310 2983 474 3058 σατανᾶν
506 2975 704 3080 εὑρήσομεν
735 2977 827 3081 πρὸς
857 2978 900 3057 τὸ
932 2981 1063 3082 χρῆναι
1094 2975 1338 3080 πράττειντὰ
1369 2977 1510 3080 πονηρά

309 3101 393 3186 τοὺς
409 3101 496 3182 είσω
513 3100 693 3185 πεσόντας
711 3106 784 3182 τῶν
800 3101 884 3204 παρ’
905 3103 1014 3181 αὐτοῦ
1034 3100 1195 3198 δικτύων,
1214 3103 1274 3180 καὶ
1298 3102 1510 3204 ὁλοκλήρως

310 3223 379 3326 ἤδη
398 3223 678 3330 κεκρατημένονς
696 3228 746 3310 είς
764 3222 961 3328 ὑπουργίαν
979 3229 1053 3304 τῶν
1070 3223 1300 3327 ἀρεσκόντων
1316 3225 1423 3332 αὐτῷ.

260 3491 387 3560 3ῐὈτε
420 3489 477 3558 οὗν
511 3493 639 3574 ἐξῆλθε,
669 3495 755 3570 λάτοι
791 3495 809 3561 ὁ
839 3494 964 3561 Ἰιισοῦο
1001 3493 1062 3560 Νῦν
1097 3493 1259 3564 ἐδοξάσθιι
1296 3496 1315 3564 ὁ
1351 3491 1418 3561 uide
1451 3499 1508 3560 τοῦ

261 3669 298 3728 3²
363 3615 549 3704 ἀνθρώπου,
572 3617 623 3684 καὶ
645 3619 664 3688 ὁ
687 3619 771 3685 Θεὸς
796 3619 958 3688 ἑδοξάσθιι
981 3619 1017 3684 ἒν
1040 3619 1139 3704 αὐτῷ.
1179 3619 1232 3684 καὶ
1254 3619 1353 3687 αὐτὸς
1379 3619 1548 3698 δοξάσατε

362 3741 462 3809 αὐτὸν
486 3743 522 3808 ἐν
550 3745 667 3830 ἑαυτῷ,
693 3743 743 3811 καὶ
770 3745 865 3812 εὐθὺς
892 3745 1024 3814 δοξάσει
1051 3744 1161 3812 αὐτόν.

359 3908 506 4021 Ἔξεισι
524 3913 589 4014 μέν
607 3916 627 3996 ὃ
645 3915 825 4020 προδότης
840 3923 915 4000 τοῖς
932 3925 997 3997 τοῦ
1015 3914 1191 4013 διαβόλου
1207 3915 1505 4020 στρατηγήμασιν

310 4035 561 4140 ι’νπηρετήσωυ·
600 4037 748 4144 ἄρχεται
775 4039 813 4120 δέ
841 4048 905 4120 τοῦ
932 4039 1048 4143 λόγου
1075 4037 1249 4146 Χριστὸς,
1277 4041 1342 4121 οὐκ
1372 4041 1505 4125 εἰςτὰς

310 4158 456 4242 πάντων
474 4160 584 4247 ἀκοάς
609 4159 657 4242 τά
679 4159 802 4262 μόνοις
826 4161 1012 4264 πρέποντα
1035 4169 1111 4247 τοῖς
1133 4164 1298 4266 γνησίοις
1316 4169 1505 4243 λαλεῖσθαι

42 4361 44 4366 .
144 4293 266 4410 {ffisth-
312 4288 385 4364 δεῖν
402 4288 449 4369 ὡς
477 4287 516 4365 ἐν
536 4284 639 4394 τάπερ
664 4287 722 4365 καὶ
747 4283 807 4366 διά
831 4283 959 4366 τούτου
984 4285 1177 4367 διδάσκων.
1218 4287 1260 4367 οὐ
1284 4285 1357 4391 γάρ
1378 4287 1503 4368 διδόναι
1516 4313 1548 4374 3ο

349 4493 443 4584 πικρὴ
456 4513 510 4550 om.
524 4494 556 4550 Ε.
645 4508 686 4586 15.
704 4495 751 4564 τὴν
763 4495 806 4551 ἐπὶ
817 4493 1037 4583 τοδεφαδιάπνρον
1048 4495 1185 4567 ἐπιθυμίαν
1196 4497 1239 4553 καὶ
1250 4505 1421 4570 asumptum
1431 4515 1462 4554 ex
1473 4497 1503 4554 Ε.

312 4579 355 4630 25.
374 4561 457 4637 αντη]
474 4571 502 4631 4
517 4565 541 4620 εί
552 4567 568 4620 δ
581 4567 647 4625 Θιδς
658 4567 788 4639 ἐδοξάσθη
801 4567 829 4624 ἐν
840 4567 909 4642 αὕτη
923 4567 974 4625 Εά.
