3274 5118
306 339 373 405 590
610 343 651 408 B.
675 327 885 410 cmm
915 343 1206 412 ALEXANDR.
1392 365 1448 408 xv.
1467 361 1520 428 19.

307 503 540 607 διαιτήσεται,
563 510 622 589 καί
651 511 737 590 λίαν
760 509 872 611 ἡδέως·
898 509 1020 592 έσεται
1047 511 1140 592 κατὰ
1165 508 1297 592 ταύτὸν
1322 513 1381 592 καί
1409 506 1521 590 συνέ-

306 661 394 709 σται
412 629 660 740 φιλοφρόνως·
690 633 842 744 βεβήλῳ
868 634 906 716 δὲ
929 635 1044 718 πόλιν
1061 637 1082 716 ό
1100 644 1259 720 τοιοῦτοι·
1279 633 1344 715 τὸν
1361 631 1515 738 τρόπον.

306 752 474 854 ταιίτητυι
497 759 557 838 καί
582 756 690 857 νόμος
716 760 737 838 ό
761 759 820 839 διὰ
840 761 1031 846 Μωυσέως
1054 758 1256 860 διαστολὴν
1272 761 1423 841 ἐποιεῖτο
1448 755 1519 858 τήν

305 877 375 958 οἰναί
392 878 508 978 μέσον
526 881 632 982 ἁγίου
649 915 688 964 τε
706 885 765 964 καί
783 882 948 984 βεβήλου
966 887 1071 992 φημὶ,
1089 881 1223 982 ἀμικτό
1237 918 1315 968 πως
1331 881 1519 982 ἀλλήλοις·

190 1035 193 1042 ·
305 1006 364 1082 καί
394 1001 586 1109 ἀσόγχιπα
615 1003 661 1084 τά
691 1013 839 1086 τοιαῦτα
870 1013 1001 1108 τηρῶν,
1030 1004 1123 1088 κατό
1156 1041 1198 1110 γε
1230 1004 1295 1088 τόν
1320 1009 1359 1088 έν
1386 1006 1554 1111 ἀγάπῃὸ

136 1133 231 1264 {3⁹23
304 1125 434 1230 λόγον·
474 1138 496 1178 “
510 1130 705 1231 Φθείρουσι
736 1129 809 1234 γὰρ
841 1129 912 1232 ήθη
945 1131 1090 1236 χρηστὰ
1122 1132 1259 1232 ὁμιλίαι
1289 1128 1424 1230 κακαί,”
1455 1131 1518 1209 καί

304 1259 461 1354 πολεμεῖ
475 1287 553 1340 πως
571 1253 749 1354 ἀλλήλοις
767 1251 814 1335 τά
832 1255 1076 1360 ἑτεροτροπεῖν
1094 1254 1266 1361 ᾑρημένα,
1284 1257 1342 1334 καί
1366 1253 1415 1336 τά
1437 1261 1517 1337 τοῖς·

271 1381 354 1461 δεῖς
380 1377 423 1457 τὸ
458 1379 616 1458 έναντίον
642 1377 825 1474 βλέπουσι
853 1379 1072 1487 διῳκισμένα
1103 1377 1286 1480 θελήμασι
1320 1382 1519 1482 μονονουχὶ

305 1502 364 1580 καί
396 1500 575 1602 ἀλλήλων
604 1509 806 1604 κατηγορεῖ,
838 1501 1004 1607 ἑκατέρου
1034 1503 1077 1584 τὸ
1109 1509 1236 1584 οἰκεῖον
1268 1499 1518 1606 θαυμάῷντοε

304 1623 529 1725 ἐπιτήδευμα.
581 1627 709 1706 οὐκοῦν
741 1625 881 1730 ἀνάγκη
913 1632 1101 1724 μισεῖσθαι
1133 1626 1197 1706 τόν
1228 1626 1436 1732 φιλάρετον,
1468 1619 1516 1707 δι’
1536 1653 1575 1695 10

305 1745 356 1828 ὧν
374 1746 481 1835 αὐτὸς
499 1748 714 1851 θαυμιίᾷιιτο
731 1747 798 1850 τήν
817 1749 1032 1857 φαυλότητα
1058 1752 1302 1856 διελέγχοντα,
1323 1753 1381 1831 καί
1405 1749 1449 1831 τὸ
1476 1754 1519 1830 έν

305 1879 380 1957 τοῖς
404 1880 574 1977 πονηροῖς
599 1871 730 1978 αἰσχοι·
756 1875 1072 1973 ἀπολευκαίνοντα,
1090 1879 1136 1980 τῇ
1160 1881 1233 1955 ταῖν
1255 1874 1391 1954 οἰκείων
1409 1877 1513 1955 ἀντι-

305 1997 504 2102 παραθέσει
521 1997 678 2101 τρόπων·
707 1997 1007 2104 παραδειχθέντος
1033 1997 1105 2102 γὰρ
1129 2006 1194 2078 τοῦ
1218 1999 1367 2102 ἀγαθοῦ,
1386 1999 1517 2098 πολλή

305 2156 384 2206 πως
409 2119 548 2224 ἀνάγκη
574 2119 617 2202 τὸ
641 2127 786 2227 φαῦλον
807 2124 1040 2226 ἀσχημονεῖν.
1085 2120 1144 2200 διὰ
1167 2121 1302 2223 ταύτην
1323 2119 1420 2222 οἰμαι
1447 2121 1518 2223 τήν

278 2247 423 2334 οαίτίαν
442 2253 516 2331 τοῖς
539 2245 745 2354 φιλαρέτοις
774 2243 1036 2346 έπιμεμήνασιν
1060 2250 1093 2326 οἰ
1120 2244 1170 2345 μὴ
1197 2245 1262 2326 τὸν
1287 2245 1370 2326 ἴσον
1392 2247 1516 2332 αὐτοῖς
1532 2267 1567 2327 15

306 2369 521 2474 ἐζηλωκότες
543 2367 689 2473 τρόπον.
730 2369 794 2449 οὐκ
812 2371 854 2476 ἐᾷ
872 2377 1064 2472 τοιγαροῦν
1082 2374 1277 2450 λυπεῖσθαι
1294 2368 1377 2454 τοῖιν
1395 2376 1514 2470 μαθη-

305 2491 380 2591 τάε,
409 2492 476 2574 κάν
502 2491 776 2616 ἀπηχθημένουι·
803 2489 948 2578 ἑαυτοῖς
983 2495 1098 2596 ὁρῶσι
1129 2497 1182 2602 τῷ
1213 2491 1343 2602 κόσμῳ
1379 2493 1438 2574 διιί
1469 2493 1515 2574 τὸ

304 2617 501 2724 φιλάρετον
519 2620 578 2696 καί
600 2616 666 2716 τήν
685 2622 734 2701 εἰς
756 2613 866 2696 αὐτόν
884 2615 1079 2715 εὐσέβειαν,
1098 2617 1235 2722 χαίρειν
1252 2615 1291 2697 δέ
1309 2623 1457 2720 μᾶλλον
1473 2621 1515 2699 έκ

303 2746 377 2821 τιῖν
400 2739 569 2822 ἐναντίων
593 2745 789 2841 εἰσηγεῖται
817 2744 901 2838 δεῖν,
924 2740 1136 2846 δεχομένους
1163 2747 1213 2826 εἰς
1240 2740 1425 2849 ἀπόδειξιν
1447 2753 1514 2824 τοῦ

303 2863 404 2969 παρὰ
426 2871 509 2974 Θεῷ
534 2862 724 2968 λαμπροῖς
747 2863 900 2944 ἔσεσθαι
927 2868 986 2946 καί
1012 2862 1126 2968 λόγου
1149 2864 1286 2950 παντὸς·
1310 2865 1448 2973 ἀξίους,
1468 2867 1565 2956 15²0

303 2994 492 3090 μισεῖσθαι
523 2987 624 3093 παρὰ
656 2990 713 3070 τοῦ
748 2989 887 3095 κόσμου.
936 2989 1054 3083 βλέπε
1087 2987 1158 3094 γάρ
1191 2988 1289 3074 ὅπως
1319 2991 1513 3098 σφαλερὸν

304 3113 498 3222 ἀπέδειξεν,
532 3111 622 3216 ὅπερ
659 3109 704 3213 ἦν
739 3110 831 3196 εἰκὸς
868 3109 1018 3194 ἑλέσθαι
1054 3113 1179 3218 τυχὸν,
1210 3120 1410 3216 τληπαθεῖν
1447 3117 1512 3198 οὐκ

304 3237 550 3344 ἀνεχομένους.
590 3235 633 3316 τό
660 3233 819 3339 μὲνγὰρ
847 3243 1036 3335 μισεῖσθαι
1061 3236 1161 3340 παρά
1185 3271 1303 3335 τινων,
1327 3235 1372 3338 ἦν
1396 3239 1512 3340 δήπου

304 3361 448 3448 πάντως
473 3361 541 3466 οὐχ
566 3357 778 3464 ὁλοκλήρως
803 3358 962 3464 ἀζήμιον·
994 3363 1078 3442 ἀλλ’
1099 3361 1164 3442 οὐκ
1188 3361 1261 3467 ἔχει
1286 3360 1353 3462 τὴν
1375 3363 1507 3465 παραί-

137 3519 258 3580 em.
276 3519 413 3586 mour
431 3484 623 3587 ἐλευθέραν
638 3480 739 3588 παρὰ
758 3489 853 3590 Θεῷ,
871 3481 971 3566 πολὺ
996 3483 1035 3566 δὲ
1060 3483 1104 3584 δή
1130 3519 1166 3566 τι
1190 3484 1234 3568 τὸ
1257 3485 1380 3590 κέρδος·
1404 3489 1443 3568 έν
1460 3499 1560 3597 τῷεό

305 3614 453 3709 μᾶλλον
474 3610 647 3708 ἐθελήσαι
671 3611 800 3688 παθεῖν
822 3607 922 3688 αὐτό.
961 3613 992 3690 εἰ
1019 3606 1092 3712 γὰρ
1120 3610 1140 3690 ὁ
1167 3607 1385 3710 μισούμενοι
1411 3609 1511 3715 παρὰ

305 3736 379 3813 τῶν
396 3728 443 3812 τοί
460 3733 498 3812 έν
516 3727 645 3838 κόσμῳ
662 3728 954 3838 πεφρουηκότων,
975 3735 1023 3818 ὡς
1041 3731 1112 3840 ἔξω
1134 3733 1260 3840 κόσμια
1279 3733 1511 3837 λελόγισται,Ι

303 3851 369 3936 τὸν
391 3853 462 3960 αἰρα
486 3853 537 3955 μὴ
563 3852 775 3956 μισηθέντα,
798 3862 873 3940 τοῖς
898 3864 963 3938 τοῦ
990 3855 1133 3956 κόσμου
1157 3863 1276 3944 κακοῖς
1298 3861 1510 3940 συνδεῖσθαι

303 3976 437 4062 λοιπόν
454 3977 594 4083 ἀνάγκη
613 3985 719 4062 νοεῖν.

360 4101 413 4184 Τί
436 4103 499 4186 οὖν
527 4101 599 4207 ἀρα
628 4102 688 4184 διὰ
714 4102 852 4185 τούτων
880 4102 1112 4214 φκανόμησεν
1136 4107 1156 4188 ό
1180 4104 1371 4210 Χριοτόςς
1402 4105 1446 4190 τό
1472 4109 1510 4190 έν
1523 4131 1560 4190 30

302 4226 489 4336 παρῤησίιρ
506 4233 690 4310 ποιεῖσθαι
708 4226 905 4332 τὸνλόγον
923 4229 1061 4328 αὐτοὺς,
1079 4234 1138 4312 καί
1164 4229 1215 4331 μὴ
1240 4231 1337 4312 αἰδοῖ
1357 4233 1403 4338 τῇ
1429 4233 1513 4336 περί

302 4385 401 4436 τινας
427 4357 501 4432 τῶν
526 4350 795 4456 ἡμαρτηκότων,
820 4352 933 4457 ήγουν
958 4355 1116 4438 ἀπειθεῖν
1140 4354 1322 4456 ἑλομένων
1348 4361 1400 4464 τῷ
1427 4356 1510 4464 θείιρ

483 4584 525 4642 15.
544 4571 755 4642 ἰπιμεμενίκιισιν
767 4573 800 4630 Ε.
1065 4587 1107 4643 17.
1125 4573 1287 4646 δχθημέναυτ
1300 4573 1333 4628 Ε.
