3238 5114
329 323 393 387 ⁷24
633 324 672 390 B.
697 323 909 390 CYRILLI
939 323 1228 390 ALEXANDR.
1323 321 1406 386 xvii.
1424 321 1471 399 18,
1484 338 1533 403 ¹9·

203 505 227 556 ⁸·
248 507 264 561 ·.
331 483 472 588 ἰσότητι
515 495 579 568 τοῦ
617 493 713 570 Θεοῦ
750 493 807 570 καὶ
847 488 1003 592 Πατρὸς,
1046 488 1232 570 κεκένωκεν
1273 483 1409 568 ἑαυτὸν
1446 481 1538 564 κατὰ

329 607 395 694 τὰς
433 609 589 718 γραφὰς,
620 615 679 693 καὶ
717 613 864 716 γέγονεν
901 612 1090 717 ἅνθρωπος
1127 615 1166 693 ἐκ
1202 609 1390 714 γυναικὸς,
1419 606 1538 688 πάντα

328 731 375 814 τά
404 735 583 844 ἀνθρώπῳ
614 735 799 840 πρέποντα
829 735 1124 844 καταδεξάμενος,
1154 736 1237 840 δίχα
1269 731 1390 833 μάνης
1423 733 1538 832 ἆμαρ-

327 856 414 954 τίας,
444 859 503 938 καὶ
530 857 692 964 ἀρῤήτως
720 857 846 940 ἑαυτὸν
876 859 1014 944 ἕνώσας
1041 865 1087 964 τῇ
1114 857 1267 965 ἡμετέρῳ
1294 858 1428 964 φύσει,
1456 853 1537 934 καθ’

327 979 492 1062 ἑκούσιον
518 981 710 1082 βούλησιν,
729 981 826 1068 ὅπως
853 981 898 1062 ἀν
916 981 1027 1082 αὐτὴν
1048 983 1087 1063 ἐν
1110 983 1224 1088 εἀντῷ
1248 1015 1288 1061 τε
1310 979 1454 1086 πρώτῳ
1481 979 1575 1060 καὶὸ

292 1101 371 1184 1)δι’
398 1104 524 1186 ἑαυτοῦ
551 1104 643 1207 πρὸς
674 1108 785 1188 ἐκεῖνο
815 1105 930 1188 πάλιν
962 1103 1269 1212 ἀναστοιχειώσας
1301 1101 1346 1184 τὸ
1378 1101 1536 1196 κάλλος,

327 1229 422 1334 φημὶ
449 1225 494 1327 δὴ
521 1224 564 1308 τδ
592 1231 630 1310 ἐν
656 1231 793 1336 ἀρχαῖς,
822 1231 881 1310 καὶ
910 1228 1073 1332 δεῦτερος
1103 1229 1187 1329 ἡμῖν
1214 1225 1338 1326 Ἀδὰμ
1371 1229 1540 1329 εὑρεθεὶς,

327 1349 523 1448 τουτέστιν,
560 1350 722 1456 οὐράνιος
758 1351 962 1458 ἄνθρωπος,
999 1353 1141 1458 πρῶτός
1178 1385 1218 1432 τε
1258 1349 1438 1431 ἀπάντων
1482 1357 1541 1427 καὶ

327 1472 474 1578 ἀπαρχὴ
501 1481 574 1556 τῶν
600 1475 881 1580 ἀνακτιζομένων
899 1483 948 1562 εἰς
976 1477 1168 1580 κοινότητα
1196 1475 1285 1580 ζωῆς
1312 1475 1486 1578 εὑρεθεὶς,
1504 1475 1543 1551 ἐν

326 1599 515 1705 ἀφθαρσίᾳ
547 1599 713 1701 δηλονότι
744 1603 802 1682 καί
835 1600 1044 1708 δικαιοσύνῃ
1078 1605 1136 1682 καὶ
1172 1601 1346 1705 ἁγιασμῷ
1385 1601 1441 1704 τῷ
1480 1595 1541 1676 διά
1560 1630 1596 1670 ιο

328 1721 539 1820 Πνειίματος
571 1725 748 1832 νοουμένῳ
780 1723 1009 1830 παραπίμψῃ
1042 1721 1173 1805 λοιπδν
1205 1724 1248 1803 δι’
1281 1725 1414 1802 ἑαυτοῦ
1446 1719 1542 1822 πρὸς

326 1839 424 1924 ἀπαν
442 1843 485 1924 τὸ
503 1845 605 1948 γε’νος
623 1845 669 1928 τά
687 1847 819 1952 ἀγαθά.
859 1847 918 1930 διά
944 1856 1051 1930 τοῦτο
1069 1847 1184 1928 καίτοι
1207 1844 1278 1951 ζωὴ
1303 1844 1400 1926 κατά
1419 1843 1542 1952 φύσιν

328 1963 509 2072 ὑπάρχων,
528 1969 675 2071 γε’γονεν
700 1974 738 2052 ἐν
763 1979 908 2076 νεκροῖς,
927 1973 985 2052 ἵνα
1013 1971 1079 2052 τὸν
1103 1971 1205 2072 ἡμῶν
1222 1973 1261 2050 ἐν
1285 1969 1370 2070 ἡμῖν
1400 2002 1542 2069 καταρ-

297 2085 449 2192 ογήσας
479 2091 643 2192 θάνατον,
673 2099 721 2180 είς
749 2095 816 2196 τὴν
846 2097 937 2176 ἰδίαν
970 2096 1062 2195 ἡμᾶς
1091 2091 1292 2199 ἀναπλάοῃ
1324 2090 1431 2194 ζωήν
1481 2094 1542 2171 καὶ

327 2209 434 2298 αὐτὸς
458 2213 628 2320 ὑπάρχων
645 2218 668 2318 η’
688 2219 895 2320 δικαιοσύνη
920 2225 984 2300 τοῦ
1002 2224 1099 2299 Θεοῦ
1127 2220 1186 2297 καὶ
1206 2214 1363 2320 Πατρδς,
1382 2215 1540 2318 γε’γονεν
1557 2251 1592 2310 ¹5

329 2333 417 2438 ῦπὲρ
444 2337 544 2437 ἡμῶν
569 2341 736 2444 ἁμαρτία.
781 2341 873 2423 κατὰ
899 2341 971 2446 γὰρ
999 2341 1065 2443 τὴν
1094 2349 1159 2422 τοῦ
1187 2338 1379 2447 προφήτου
1405 2339 1540 2446 φωνήν

160 2537 185 2586 4
232 2455 258 2508 ⁸·
332 2469 353 2507 ‘⁴
372 2459 489 2547 Αῦτδς
507 2461 571 2548 τὰς
590 2465 765 2570 άμορτίας
787 2466 888 2566 ἡμῶν
906 2465 1025 2570 α’ίρει,”
1049 2470 1108 2546 καὶ
1131 2465 1307 2568 ἐλογίσθη
1325 2465 1410 2563 μεθ’
1431 2464 1540 2564 ἡμῶν

330 2585 369 2664 ε’ν
396 2582 554 2684 ἀνόμοις,
584 2585 626 2667 ἵν’
655 2590 748 2690 ἡμᾶς
779 2589 953 2697 δικαιώσῃ
986 2591 1029 2672 δι’
1055 2586 1195 2688 ἑαυτὸν,
1224 2587 1420 2695 διαρῤήξας
1454 2598 1480 2634 “
1490 2587 1537 2668 τὸ

330 2718 353 2756 “
371 2709 453 2788 καθ’
483 2709 584 2808 ἡμῶν
612 2711 863 2820 χειρόγραφον,
888 2717 946 2794 καὶ
971 2715 1222 2818 προσηλώσας
1251 2711 1339 2793 αὐτὸ
1368 2717 1422 2820 τῷ
1455 2713 1535 2819 ἰδίῳ

330 2843 354 2881 “
372 2834 551 2940 στανρῳ,”
581 2833 674 2915 κατὰ
697 2836 740 2917 τὸ
758 2837 1016 2939 γεγραμμένον.
1052 2833 1153 2940 ἀγιος
1172 2835 1211 2916 δὲ
1226 2835 1340 2918 πάλιν
1358 2834 1535 2940 ὑπάρχων
1547 2869 1581 2912 ιο

329 2954 422 3037 κατά
460 2957 574 3063 φύσιν
606 2963 655 3044 ὡς
684 2959 788 3058 Θεὸς,
816 2962 875 3040 καί
902 2969 967 3041 τοῦ
991 2961 1119 3063 Ἃγιόν
1148 2960 1357 3060 Πνεάματος
1385 2959 1459 3065 ὅλῃ
1487 2965 1533 3064 τῇ

329 3081 444 3160 κτίσει
461 3079 552 3184 πρδς
571 3081 741 3183 διαμονὴν
759 3087 817 3164 καὶ
831 3083 1018 3164 σύστασιν
1033 3087 1091 3164 καὶ
1111 3081 1294 3187 ἀγιασμδν
1308 3080 1351 3163 τδ
1364 3085 1404 3162 ἐν
1421 3083 1533 3181 μεθέ-

294 3202 384 3310 δξει
412 3203 581 3306 γενέσθω
609 3203 736 3303 διδοῦς,
755 3204 934 3308 ἁγιάζεται
961 3209 1004 3288 δι’
1025 3207 1115 3306 ἡμᾶς
1140 3209 1177 3287 ἐν
1201 3207 1315 3315 Ἀγίῳ
1336 3205 1535 3304 Πνεῦματι,
1606 3211 1607 3215 ’

329 3327 397 3432 οὐχ
414 3326 532 3430 ἑτέρον
550 3327 645 3413 τινὸς
661 3327 770 3410 αὐτὸν
788 3329 1010 3434 ἁγιάζοντος,
1031 3331 1313 3434 αῦτοοργοῦντος
1330 3329 1535 3426 δὲμᾶλλον
1605 3431 1606 3434 ¹

226 3452 230 3460 ’
328 3450 441 3556 ἑαυτῷ
472 3447 562 3554 πρὸς
590 3451 773 3554 ἀγιασμὸν
803 3457 868 3552 τῆς
904 3455 994 3540 ἰδίας
1027 3453 1176 3558 σαρκός.
1216 3455 1355 3559 δέχεται
1386 3453 1462 3556 γάρ
1492 3450 1575 3534 τδεὸ

331 3579 480 3671 Πνεῦμα
505 3573 547 3655 τὸ
565 3576 702 3674 ἑαυτοῦ,
721 3578 779 3656 καὶ
797 3575 978 3675 λαμβάνει
995 3575 1071 3678 μὲν,
1090 3577 1249 3680 καθάπερ
1267 3574 1312 3677 ἦν
1331 3577 1533 3680 ἅνθρωπος,
1604 3645 1605 3652 ,

329 3697 443 3803 ἑαυτῷ
472 3696 584 3799 γεμὴν
613 3707 720 3780 τοῦτο
751 3699 914 3800 δίδωσιν,
945 3704 993 3786 ὡς
1017 3701 1123 3786 Θεὸς.
1162 3700 1248 3805 ἕδρα
1276 3698 1314 3780 δὲ
1346 3708 1456 3781 τοῦτο
1491 3700 1532 3781 δι’
1602 3693 1604 3700 ’

328 3819 436 3920 ἡμᾶς,
456 3821 498 3900 οῦ
522 3821 566 3902 δι’
585 3820 721 3903 ἑαυτόν·
762 3823 821 3904 ἵνα
848 3823 893 3932 ἐξ
914 3825 1024 3905 αὐτοῦ
1051 3826 1109 3905 καὶ
1136 3827 1175 3904 ἐν
1202 3825 1298 3932 αι’πῳ
1326 3823 1370 3923 δὴ
1397 3825 1533 3934 πρώτῳ

330 3943 522 4051 δεξαμένου
553 3953 618 4026 τοῦ
648 3943 859 4050 πράγματος
892 3945 959 4047 τὴν
991 3946 1117 4053 ἀρχὸν,
1149 3953 1199 4032 είς
1232 3945 1330 4028 ἅπαν
1362 3949 1459 4029 οὕτω
1493 3947 1532 4030 τὸ

330 4066 431 4168 γε’νος
451 4069 472 4168 ἡ
490 4076 554 4150 τοῦ
575 4069 785 4174 άγιάζεσθαι
811 4070 941 4152 λοιπὸν
958 4072 1134 4167 διαβαίνοι
1158 4070 1274 4177 χάρις.
1315 4070 1444 4176 ὥσπερ
1462 4073 1531 4176 γὰρ
1541 4107 1569 4166 30

330 4187 390 4270 διά
407 4194 470 4292 τῆς
488 4195 527 4272 ἐν
544 4191 665 4291 Ἀδάμ
688 4193 934 4299 παραβάσεως
952 4199 1011 4274 καὶ
1034 4199 1234 4299 παρακοῆς,
1256 4197 1304 4282 ὡς
1329 4197 1368 4275 ἐν
1384 4198 1531 4302 ἀπαρχῇ

332 4451 539 4593 ωῃωρέθῃᾶτῳ
559 4453 624 4510 m.
645 4453 697 4510 Ed.
717 4473 773 4580 αἱ.
792 4455 843 4512 ἅνω
860 4454 908 4528 (ob
928 4455 1087 4548 scripturam
1110 4455 1292 4514 abbreviatam
1316 4456 1422 4513 ocfiboe
1442 4459 1526 4528 sphal-

611 4537 637 4596 5.
657 4521 735 4596 οῦτίγν
772 4526 811 4582 AE.
826 4525 877 4583 Ed.
890 4545 946 4600 mg.
958 4527 1036 4583 αυτὸν
1048 4525 1100 4584 Ed.
1239 4529 1281 4584 18.
1299 4525 1330 4584 ἶν’
1345 4527 1377 4582 Ε.
1390 4526 1433 4584 ίνιι
1447 4529 1496 4586 Ed.
