3274 5118
119 359 301 430 xv.14,15.
334 344 390 408 IN
421 345 453 410 s,
479 346 734 412 JOANNEM.
781 348 875 413 mn.
899 349 940 414 x.
986 348 1088 414 CAP.
1111 347 1159 412 11.
1247 345 1308 410 ιιι

121 515 142 552 “
161 509 316 604 αίιῦνος,”
346 511 403 588 καὶ
422 509 468 588 τὰ
485 512 524 589 ἐν
539 509 706 615 ἐσχάτοις
726 511 881 610 ἐσόμενα
899 519 1043 614 καιροῖς,
1057 509 1112 590 ότι
1129 515 1201 590 τῶν
1215 509 1312 588 ίδίων

120 628 375 735 ἀπολήψονται
410 629 531 713 πόνων
564 632 645 716 τοῦς
678 632 841 732 μισθούς,
874 637 931 713 καὶ
967 638 1030 733 τῆς
1066 639 1114 717 είς
1147 631 1312 734 Χριστὸν

120 753 302 846 εὐσεβείας
339 757 622 854 ἀντικομιοῦνται
646 756 724 860 τὴν
751 756 918 857 ἀμοιβήν.
967 760 1093 837 οὐκοῦν
1121 756 1250 835 δίκαιοί
1273 787 1341 834 τεο
1368 772 1431 828 891
1440 772 1479 827 Δ.

121 877 179 954 καὶ
209 877 311 981 φίλοι
337 883 432 959 Θεοῦ
459 888 736 986 χρηματιοῦμεν,
764 879 925 982 καθάπερ
947 879 1131 984 Ἀβραάμ.
1168 881 1312 982 ἀρχαιο-

85 999 205 1100 5τέρα
224 999 261 1080 δέ
280 1000 427 1106 σφόδρα
455 1008 518 1103 τῆς
547 1008 692 1103 νομικῆς
718 1005 899 1089 πολιτείας
916 1005 939 1103 ἡ
962 1002 1186 1104 εόαγγελικὴ,
1205 1037 1311 1082 τουτ-

122 1121 232 1218 έστιν,
258 1123 281 1222 ἡ
309 1124 366 1204 διὰ
391 1127 547 1212 πίστεως
570 1131 628 1206 καὶ
654 1129 779 1233 φιλίας
802 1133 907 1226 Θεοῦ,
927 1129 965 1206 ἐν
990 1127 1121 1234 πρώτῳ
1146 1123 1212 1225 μέν
1233 1124 1314 1206 τότε

123 1249 421 1348 διαπεπλασμένη
448 1257 500 1358 τῷ
517 1251 699 1352 Ἀβραὰμ,
728 1254 774 1335 ὡς
803 1254 840 1330 ἐν
864 1254 958 1354 ἀρχῇ
985 1259 1049 1330 τοῦ
1076 1248 1167 1329 κατὰ
1194 1247 1315 1350 σάρκα

30 1385 33 1390 ’
123 1367 256 1469 γένους,
282 1371 447 1452 τουτέστι
475 1383 539 1455 τοῦ
563 1373 731 1477 Ἰσραήλ·
772 1374 943 1477 ἐρχομένη
971 1371 1009 1452 δέ
1039 1377 1124 1469 νυνὶ,
1153 1371 1315 1474 καθοίπερ

123 1493 162 1570 ἐκ
189 1490 303 1573 τύπου
330 1493 421 1598 πρὸς
445 1495 627 1597 ἀλήθειαν,
654 1496 883 1599 πληρουμένη
912 1531 949 1576 τε
982 1503 1102 1580 καλῶς
1132 1499 1169 1575 ἐν
1199 1497 1315 1578 αὐτοῖς

68 1653 110 1694 ιο
123 1620 197 1696 τοῖς
216 1617 329 1716 ἁγίοις
345 1625 535 1718 μαθηταῖς,
557 1623 605 1704 ὡς
623 1623 661 1700 ἐν
682 1623 829 1724 ἀπαρχῇ
846 1628 910 1700 τοῦ
929 1618 1020 1698 κατὰ
1032 1627 1172 1717 πνεῦμα
1185 1616 1317 1720 γένους,

124 1744 188 1816 τοῦ
216 1741 274 1817 καὶ
301 1743 591 1842 περιποιουμένου
619 1750 666 1826 είς
694 1743 922 1846 περιποίησιν
941 1749 1044 1839 λαοῦ,
1066 1740 1105 1826 ὃς
1134 1745 1191 1821 καὶ
1219 1743 1317 1826 ἔθνος
1362 1798 1387 1848 ,η
1401 1811 1425 1862 9,
1470 1769 1478 1784 ·

124 1859 227 1962 ἅγιον
263 1867 322 1941 καὶ
358 1867 548 1957 βασίλειον
586 1865 770 1970 ἱεράτευμα
806 1864 1121 1967 προσαγορεύεται·
1169 1865 1224 1944 διὸ
1260 1867 1349 1951 mlh

125 1984 217 2086 πρὸς
244 1985 310 2086 τὴν
336 1993 409 2066 τῶν
426 1990 607 2070 Ἰουδαίων
634 1990 780 2092 μητέρα,
800 1993 893 2095 φημὶ
922 1987 966 2087 δὴ
994 1987 1060 2088 τὴν
1080 1987 1316 2089 Συναγωγὴν,

127 2105 185 2188 διὰ
209 2113 272 2208 τῆς
297 2119 360 2190 τοῦ
378 2110 591 2218 ψάλλοντος
609 2112 742 2214 εἴρηται
760 2115 882 2218 φωνῆς
909 2122 929 2158 “
943 2113 1044 2192 Ἀντὶ
1067 2119 1138 2190 τῶν
1156 2111 1319 2214 πατέρων

73 2261 111 2321 15
128 2242 150 2280 ‘⁴
167 2267 237 2313 σου
264 2232 486 2335 ἐγενήθησαν
514 2241 547 2316 οἱ
576 2237 646 2316 υίοί
669 2236 777 2315 σου.”
818 2235 930 2315 καίτοι
958 2233 1029 2338 γὰρ
1048 2234 1146 2320 ὅντες
1172 2237 1238 2314 υἱοὶ
1255 2239 1319 2333 τῆς

127 2357 307 2437 Ἰουδαίων
323 2363 539 2460 συναγωγῆς
558 2365 590 2438 oi
611 2357 797 2438 θεσπέσιοι
821 2361 990 2458 μαθηταί·
1024 2358 1122 2438 ἐθεσι
1146 2357 1218 2460 γὰρ
1236 2361 1315 2436 αἰνε·

126 2478 321 2584 τρόφησαν
350 2488 424 2564 τοῖς
458 2487 702 2564 Μωυσαϊκοῖς·
749 2479 942 2583 γεγόνασιν
975 2487 1023 2566 είς
1059 2482 1225 2585 πατέρας,
1255 2480 1321 2580 τὴν

127 2611 191 2682 τοῦ
209 2603 380 2706 Ἀβραὰμ
407 2605 593 2708 ἐπέχοντες
615 2601 729 2710 τάξιν,
747 2608 805 2684 καὶ
827 2604 950 2705 γένους
974 2602 1066 2708 ἀρχὴ
1092 2604 1321 2704 κατέστησαν

128 2734 191 2806 τοῦ
209 2736 457 2825 πνευματικοῦ,
471 2726 641 2831 ἄρχοντές
659 2761 697 2806 τε
717 2725 775 2806 διὰ
793 2735 898 2806 τοῦτο
914 2723 1214 2830 κεχειροτόνηνται
1229 2725 1321 2806 κατὰ

74 2887 117 2930 20
128 2857 254 2930 πᾶσαν
291 2848 357 2948 τὴν
394 2849 598 2948 οἰκουμένην
634 2855 894 2952 ἱερουργοῦντες
931 2847 973 2929 τὸ
1011 2847 1221 2950 εὐαγγέλιον
1258 2856 1351 2929 τοῦο

129 2979 305 3075 Χριστοῦ,
320 2972 481 3074 καθοίπερ
494 2975 621 3057 ἐκεῖνος
639 2975 677 3052 ἐν
690 2971 791 3080 τύπῳ
806 2978 970 3072 Χριστοῦ
983 2970 1047 3050 τόν
1064 2970 1202 3053 Ἰσαάκ.
1237 2982 1321 3053 ταῦ-

129 3095 176 3176 τό
194 3105 323 3203 φαμεν,
342 3098 420 3201 ούχὶ
439 3100 503 3195 τῆς
519 3097 754 3199 ὀφειλομένης
776 3096 873 3202 αὐτῷ
900 3097 957 3174 καὶ
982 3093 1190 3196 πρεπούσης
1215 3093 1323 3201 δόξης

130 3219 201 3326 ἐξω
227 3219 379 3304 τιθέντες
400 3218 464 3298 τόν
492 3218 665 3320 μακάριον
682 3217 864 3320 Ἀβραὰμ,
883 3218 966 3296 ἀλλ’
988 3221 1036 3301 ὡς
1058 3220 1096 3296 ἐν
1123 3216 1225 3324 τύπῳ
1248 3223 1320 3296 δει-

130 3343 294 3427 κνύοντες
319 3345 357 3422 ἐν
381 3345 476 3450 αὐτῷ
503 3339 549 3421 τὰ
576 3345 614 3421 ἐν
633 3340 799 3445 ἐσχάτοις
818 3347 951 3442 καιροῖς
974 3341 1248 3440 οὶκονομηθέντα
1266 3339 1324 3418 διὰ

77 3483 117 3546 25
132 3473 308 3569 Χριστοῦ.
359 3466 552 3567 παρέπεται
589 3464 707 3543 τοίνυν
740 3466 800 3542 καὶ
827 3462 1055 3566 συνέζευκταί
1082 3497 1159 3545 πως
1192 3468 1237 3566 τῇ
1266 3459 1323 3540 διὰ

130 3591 286 3674 πίστεως
311 3587 507 3694 ἐλευθερίᾳ,
528 3586 570 3667 τὸ
594 3592 659 3685 τῆς
682 3585 773 3688 πρὸς
796 3583 891 3665 Θεὸν
909 3586 1033 3690 φιλίας
1055 3585 1212 3690 ἀξίωμα,
1235 3583 1323 3686 ὅπερ

131 3709 238 3818 ι’όφθη
264 3710 329 3810 μέν
353 3714 391 3791 ἐν
414 3710 545 3818 πρώτῳ
569 3707 650 3788 τότε
676 3713 726 3815 τῷ
743 3707 926 3810 Ἀβραάμ·
967 3711 1041 3787 νυνὶ
1069 3705 1106 3788 δέ
1134 3707 1257 3804 πόλιν,
1278 3709 1326 3789 ὡς

132 3837 170 3915 ἐν
197 3838 344 3939 ἀπαρχῇ
371 3840 444 3918 τοῖς
472 3834 586 3935 ἁγίοις
611 3836 794 3931 μαθηταῖς.
832 3831 1078 3933 παρακομίσαι
1103 3829 1147 3910 δέ
1165 3863 1243 3912 πως
1270 3831 1361 3908 ἐπὶᾶ

131 3957 175 4037 τό
210 3966 321 4037 ταῦτα
359 3961 488 4062 χρῆναι
525 3953 642 4056 λέγειν
674 3954 765 4052 ἡμᾶς
802 3953 822 4030 ὁ
860 3953 1054 4036 θεσπέσιος
1088 3957 1248 4047 Παῦλος,
1284 3951 1327 4030 οῦ

79 4119 120 4177 30
131 4081 281 4180 μετρίως
309 4087 383 4163 τοῖς
419 4077 600 4162 Ἰουδαίοις
634 4081 856 4180 φιλονεικῶν,
895 4073 949 4154 ὅτι
987 4077 1050 4172 τῆς
1086 4070 1177 4152 κατὰ
1214 4070 1327 4170 νόμον

132 4201 357 4302 δικαιοσύνης
381 4199 610 4304 πρεσβυτέρα
636 4198 720 4278 λίαν
737 4198 878 4297 ἐστὶνὴ
900 4199 938 4276 ἐκ
963 4196 1130 4280 πίστεως.
1168 4193 1226 4276 ὅτε
1254 4194 1327 4298 γὰρ

1366 2179 1405 2234 17·

175 4511 216 4550 n.
235 4491 419 4563 πιποιουμίνου
432 4492 494 4561 (εἰς)
507 4489 540 4545 Ε.
623 4559 629 4580 ί
767 4501 808 4556 15.
827 4485 986 4570 ἐγενηθησαν
999 4485 1032 4546 Ε,
1045 4487 1146 4557 (Alex.)
1159 4485 1331 4559 ἐγεννήθησαν

138 4563 190 4618 Ed.
201 4562 291 4633 (Vnt.)
506 4559 548 4616 τό.
567 4557 671 4632 φιλας]
688 4566 717 4624 ÷
732 4559 762 4614 τὸ
777 4557 925 4614 Ed.1nv1to
940 4555 971 4611 E.
