3142 5118
356 313 421 376 208
662 311 700 375 B.
725 309 931 374 CYRILLI
962 307 1252 372 ALEXANDR.
1432 321 1496 365 τοι

189 536 268 614 Κεφ.
284 527 314 594 ι’.
352 529 457 608 Ἀμιίν
485 517 688 607 ἀμείνλέτω
717 527 800 612 ὑμῖν,
829 531 847 598 ό
879 533 922 608 μιί
956 527 1182 620 εἰσερχόμενος
1211 529 1264 596 διά
1293 535 1350 595 rste
1379 527 1477 616 θύρας

406 655 466 722 τείν
485 655 589 722 αύλιίν
608 657 674 722 τῶν
694 657 880 746 προβάτων,
899 657 985 722 ἀλλά
1012 657 1198 736 ἀναβαίνων
1220 655 1410 743 ἀλλαχόθεν,
1428 648 1496 718 ἐκεῖ

327 790 342 829 ²
410 785 550 847 κλέπτας
576 781 645 849 ὲστί
674 782 726 847 καί
754 783 886 872 ληστιία·
925 785 943 850 ό
971 783 1006 848 δὲ
1034 781 1261 872 εἰσερχόμενοι
1289 780 1341 846 διά
1370 787 1426 845 τῆς
1453 779 1491 843 θύ

326 921 344 977 3
409 909 530 984 ποιμιίν
559 909 628 974 ἐστι
659 909 725 974 τῶν
755 910 939 997 προβάτων·
980 909 1087 994 τούτῳ
1113 910 1131 977 ό
1162 907 1311 997 θυρωρός
1341 905 1472 986 ἀνοίτει,

409 1033 448 1099 τά
476 1034 624 1122 πρόβατα
651 1040 709 1099 τελε
737 1038 852 1122 φωνεῖς
879 1034 979 1101 αύτού
1006 1035 1130 1116 ἀκούει,
1158 1035 1211 1099 καί
1239 1034 1279 1098 τά
1310 1029 1376 1098 ίδια
1407 1033 1496 1120 πρόβ

190 1109 347 1240 om'z
409 1155 515 1248 φωνεῖ
542 1161 607 1225 κατ’
638 1159 741 1237 ὄνομα
771 1160 823 1225 καί
850 1161 959 1236 ἒξοίτει
986 1161 1080 1226 αύτά·
1116 1164 1195 1228 όταν
1224 1161 1258 1226 δὲ
1287 1161 1392 1226 πάντα
1418 1157 1458 1223 τά
1490 1153 1496 1219 ί

410 1285 544 1376 ἒκβάλιρ,
570 1287 753 1374 ἔμπροσθεν
780 1287 889 1353 αύτῶν
918 1288 1105 1376 πορεύεται,
1132 1286 1185 1351 καί
1215 1285 1255 1352 τά
1288 1287 1433 1374 πρόβατα
1466 1306 1496 1346 αι

330 1406 347 1467 5
411 1407 594 1492 ἀκολουθεῖ,
613 1414 662 1478 ότι
690 1408 798 1478 οίδασι
825 1411 884 1478 τείν
907 1413 1023 1500 φωνιίν
1046 1413 1156 1478 αὐτοῦ·
1192 1411 1357 1500 ἀλλοτρίῳ
1382 1411 1417 1476 δὲ
1445 1410 1485 1473 ού

411 1537 699 1618 ἀκολουθήσουσιν,
730 1537 816 1602 ἀλλά
849 1540 1024 1626 φεύξονται
1053 1537 1103 1603 ἀπ’
1137 1538 1247 1618 αὑτοῦ,
1278 1539 1328 1604 ότι
1358 1536 1416 1600 οὐκ
1448 1531 1496 1600 οίὶ

410 1661 478 1728 τῶν
504 1661 688 1753 ἀλλοτρίων
716 1662 774 1728 τιίν
802 1665 928 1752 φωνιίν.

394 1833 567 1942 Δόξειεν
603 1834 670 1936 μὲν
702 1835 748 1916 ἂν
779 1839 838 1916 καὶ
870 1834 973 1936 μάλα
1010 1838 1153 1921 εἰκότως
1190 1843 1265 1920 τοῖς
1300 1833 1496 1930 ἀβασανίσ

363 1958 642 2061 ε’πακροωμένοις
669 1961 711 2040 ού
739 1961 823 2040 λίαν
850 1961 1019 2064 εὐκαίρως
1047 1963 1067 2040 ό
1095 1965 1159 2060 τῆς
1182 1958 1413 2063 προκειμένης
1439 1993 1496 2060 ποι

329 2093 351 2158 b
363 2087 479 2182 βολῆς
505 2089 795 2192 είσπεφορῆσθαι
819 2083 943 2187 λόγος·
976 2081 1203 2191 τυφλότητος
1229 2082 1300 2186 γὰρ
1324 2082 1496 2188 ἀναβλέψ

363 2241 402 2287 τε
429 2206 511 2310 πέρι
539 2207 801 2310 διαλεγόμενος,
831 2213 914 2314 περὶ
938 2208 1133 2312 προβάτων
1157 2205 1270 2304 εὐθύς,
1295 2208 1408 2305 αύλῆς
1435 2241 1474 2285 τε

364 2331 475 2434 θύρας
506 2341 656 2414 ποιεῖται
686 2333 769 2419 τούς
801 2331 948 2436 λόγους.
1002 2334 1087 2412 ἀλλ’
1119 2331 1191 2439 ύτιρ
1223 2330 1342 2436 σοφός
1373 2329 1496 2437 ἐνῴκια

365 2463 457 2553 νοῦς,
477 2458 535 2535 καὶ
551 2455 821 2561 περιεργότερον
841 2464 914 2542 τοῖς
933 2455 1140 2559 θεωρήμασι
1158 2454 1412 2559 προσβάλλειν
1430 2458 1496 2534 ἐστι

364 2583 505 2676 δασται,
520 2578 718 2686 κατόψεται
737 2579 849 2661 πάλιν
867 2582 920 2662 ἐπ’
942 2579 1077 2663 εὐθείας
1095 2578 1220 2678 ὥσπερ
1238 2577 1338 2660 ίόντα
1356 2578 1419 2658 τόν
1438 2573 1495 2679 λά]

364 2707 422 2782 καί
438 2701 628 2802 μηδαμόσε
646 2713 711 2784 τοῦ
729 2705 929 2806 πρέποντος
947 2703 1245 2809 ἀπεσφαλμένον.
1287 2701 1307 2783 ἀ
1327 2701 1365 2784 δὲ
1382 2713 1495 2782 πολλι

363 2822 464 2906 εἷπον
483 2831 551 2931 ε’ρῶ
570 2830 628 2907 καὶ
646 2831 807 2913 εἰσαῦθις
826 2827 1034 2922 ἀναλαβών.
1074 2826 1154 2910 έθος
1178 2834 1230 2935 τῷ
1249 2831 1391 2930 Σωτῆρι
1409 2831 1495 2930 Χριι

364 2949 414 3050 μῆ
442 2949 533 3054 πρὸς
556 2949 687 3047 μόνους
711 2952 974 3055 ἀποκρίνασθαι
1002 2948 1084 3035 τούς
1113 2949 1172 3031 διά
1200 2955 1322 3058 φωνῆς
1350 2953 1495 3031 άπακτιλ

365 3074 491 3158 θέντας
510 3071 654 3175 λόγους,
673 3073 760 3154 όταν
778 3077 874 3181 αύτῷ
895 3075 1084 3177 προσίωσί
1102 3109 1205 3171 τινες,
1224 3075 1309 3154 ἀλλ’
1330 3075 1474 3178 ἐπείπερ

335 3201 423 3293 exa}
442 3197 594 3305 νεφρούς
613 3201 671 3278 καὶ
690 3199 845 3302 καρδίας,
865 3201 923 3278 καὶ
947 3195 1040 3302 πρός
1062 3196 1273 3298 ἐνθυμήσεις
1300 3201 1494 3300 ἀπολογεῖα

364 3322 490 3420 μόνας·
531 3333 553 3370 “
566 3321 687 3404 πάντα
712 3320 783 3425 γάρ
808 3324 905 3428 αύτῷ
930 3320 1050 3425 γυμνά
1074 3325 1132 3402 καί
1158 3323 1483 3427 τετραχηλισμένα,

196 3543 203 3554 ,
365 3457 387 3494 “
406 3448 469 3525 οὐκ
488 3445 568 3526 ἔστι
587 3447 702 3529 κτίσις
721 3444 862 3550 ἀφανῆς
880 3446 1030 3527 ε’νάττιον
1049 3444 1193 3526 αύτοῦ·”
1225 3444 1284 3524 διά
1305 3481 1360 3526 τοι
1383 3454 1492 3526 τοῦτο

195 3576 301 3692 {2352
364 3567 455 3671 πρὸς
474 3569 535 3647 ἕνα
553 3576 626 3648 τῶν
644 3570 756 3672 ἁγίων
775 3569 874 3678 φησί
890 3581 911 3618 “
922 3572 989 3654 Τίς
1008 3570 1111 3654 ούτος
1130 3571 1150 3650 ό
1167 3567 1334 3676 κρύπτων
1351 3603 1396 3669 με
1415 3577 1494 3664 βοαί

198 3721 220 3756 ²·
366 3701 387 3739 “
405 3690 568 3797 συνέχων
596 3691 633 3773 δὲ
661 3693 803 3797 ῥήματα
831 3697 869 3774 ἐν
896 3697 1034 3802 καρδίᾳ,
1056 3694 1116 3794 ἐμὲ
1144 3691 1181 3772 δέ
1209 3692 1317 3773 οίεται
1344 3693 1494 3798 κρύπτει

365 3814 484 3916 ἐπειδὴ
509 3815 629 3897 τοίνυν
646 3815 688 3898 τό
713 3824 785 3897 τῶν
804 3818 1015 3920 Φαρισαίων
1033 3817 1182 3898 ἀνόσιον
1200 3824 1333 3925 στῖφος
1358 3817 1493 3919 κακούρ

195 3317 262 3368 Heb.
275 3319 308 3368 iv.

200 3399 208 3433 ι
214 3399 237 3447 3.

196 3945 278 4076 {21³³
285 3946 319 3996 ⁵¹·
365 3937 626 4038 διεπυνθάνετο,
644 3939 806 4044 καθάπερ
823 3941 994 4046 ἐλέγομεν
1013 3943 1152 4044 ἀρτίως,
1171 3947 1201 4020 εί
1227 3944 1284 4020 καί
1306 3941 1408 4021 αὐτοὶ
1433 3971 1493 4047 τοι

366 4070 467 4162 εἰσιν,
486 4065 546 4146 ίνα
564 4067 682 4168 λέγων
700 4063 988 4168 ἀληθῶςότιπέρ
1006 4069 1087 4164 είσι,
1106 4066 1240 4172 τυφλοί
1259 4063 1441 4164 δηλονότι,
1461 4099 1493 4144 ιιι

332 4187 548 4291 ἀδικάζηται
572 4189 685 4270 πάλιν
704 4191 752 4274 ὡς
776 4195 850 4274 τοῖς
874 4189 1082 4292 ἡγουμένοις
1108 4185 1491 4292 διαλοιδορησάμενος,

406 4415 447 4453 ιι.
465 4399 512 4468 μὲν
524 4410 693 4472 assumptum
706 4421 740 4458 ex
754 4403 814 4460 Ba.
1067 4419 1108 4474 13.
1127 4399 1303 4474 τυφλότητος]
1321 4408 1393 4466 -1-τε
1410 4401 1493 4457 Ηοίελ

369 4483 412 4521 20.
430 4469 616 4538 ἀποκρίνασθαι
632 4473 664 4528 Β.
680 4473 728 4528 Ht.
742 4473 925 4544 ἀποκρίνεσθαι
938 4491 952 4530 e
966 4473 1025 4528 Cat.
1039 4483 1069 4528 ut
1081 4472 1136 4528 vid.
1149 4473 1221 4528 Aub.
1235 4483 1261 4528 et
1273 4473 1309 4528 ita
1321 4491 1345 4528 a.
1443 4490 1488 4528 22.

368 4539 505 4608 λαγεῖσθαι
519 4540 577 4596 Ba.
593 4541 641 4597 Ht.
654 4543 821 4616 ἀπολογεῖται
835 4545 907 4600 Αιλί).
1016 4561 1059 4615 29.
1078 4541 1181 4615 ότιπέρ]
1196 4543 1260 4614 ὅπερ
1273 4561 1297 4598 a.
