3238 5114
312 303 378 370 676
617 303 656 368 Β.
679 301 886 366 CYRILLI
916 300 1204 364 ALEXANDR.
1354 293 1518 375 xvii.4‚5.

281 545 285 562 ,
314 469 380 570 τὴν
402 467 440 550 δέ
463 466 661 569 καυστικὴν
682 466 859 570 ἐνέργειαν
883 465 1051 569 γενέσθαι
1078 472 1129 574 τῷ
1156 465 1254 570 πυρί.
1295 465 1437 564 ἐνεργεῖ
1460 456 1522 558 μὲν

315 592 389 696 γὰρ
417 591 583 696 ἑκάτερον
612 593 655 672 δι’
685 588 736 671 ὧν
763 591 835 695 ἔχει
865 596 1030 698 φυσικῶς
1058 587 1104 669 τά
1132 595 1251 670 οἰκεῖα.
1290 586 1379 667 ἀλλ’
1411 591 1442 664 εἰ
1470 586 1524 661 καὶ

316 716 485 822 φαίνεταί
509 751 586 800 πως
614 716 677 796 οῦκ
705 715 896 818 αῦτουργά,
924 713 1024 812 πλὴν
1052 717 1119 819 οὐχ
1148 713 1250 814 ἕτερα
1278 708 1382 813 παρὰ
1412 705 1461 786 τὰ
1487 703 1527 810 ἐξ

317 843 436 920 αὐτῶν
455 847 628 944 φυσικῶς.
657 836 818 919 τοιοῦτόν
836 873 871 918 τι
890 835 1030 937 νοήσεις
1048 837 1109 918 έπί
1123 871 1162 918 τε
1182 843 1278 916 Θεοῦ
1297 837 1356 914 καί
1379 828 1526 933 Πατρός

282 967 377 1044 οκαὶ
405 973 469 1043 τοῦ
498 962 589 1044 κατὰ
617 963 731 1070 φύσιν
759 962 803 1069 ἐξ
829 964 938 1042 αὐτοῦ
965 960 1197 1064 γεννηθέντος
1221 960 1355 1062 Λόγου,
1374 957 1469 1037 ὅταν
1495 989 1549 1044 τις

318 1091 493 1168 τῶνκαθ’
515 1088 606 1186 ἡμᾶς
625 1085 881 1191 ε’γχειρίζεσθαι
900 1083 1059 1188 λέγηται.

374 1213 555 1317 Ἐδόξασε
584 1212 704 1290 τοίνυν
730 1212 788 1290 ἐπὶ
819 1213 883 1309 τῆς
914 1214 982 1312 γῆς
1014 1207 1077 1288 τὸν
1107 1207 1253 1310 Πατέρα
1285 1209 1344 1286 καὶ
1376 1205 1479 1286 Θεὸν
1506 1207 1526 1302 ἡ

319 1337 437 1442 σοφία
460 1339 517 1414 καὶ
543 1337 565 1434 ἡ
590 1334 737 1432 δύναμις
761 1335 881 1431 αῦτοῦ,
900 1315 1085 1414 τουτέστιν
1104 1334 1125 1412 ὁ
1147 1328 1320 1434 Χριστὸς,
1339 1331 1527 1413 τελειώσας

320 1457 355 1540 τῦ
382 1459 505 1566 έργοιῦ
530 1455 675 1539 θέθωιιεν
696 1460 806 1566 αὐτῷ.
846 1455 964 1556 ἐπειδὴ
994 1457 1031 1536 δέ
1057 1463 1105 1541 είς
1127 1456 1237 1558 πέρας
1264 1455 1333 1555 ἤδη
1358 1453 1404 1534 τὸ
1432 1455 1528 1560 αὐτῷ

320 1583 458 1684 πρέπον
480 1581 522 1662 τὸ
552 1583 658 1684 ἔργον
681 1583 881 1687 ε’κτελευτᾷ,
900 1579 967 1678 τὴν
986 1581 1083 1686 αὐτῷ
1107 1587 1325 1682 προσοῦσαν
1343 1580 1399 1656 ἀεὶ
1424 1574 1567 1684 ἀίξαντε

322 1711 418 1802 αίτεῖ,
439 1709 497 1785 καὶ
524 1710 588 1804 τῆς
616 1702 852 1809 ἀρχαιοτάτης
877 1704 1036 1787 εὐκλείας
1059 1701 1126 1803 τὴν
1148 1702 1378 1807 ἐπανάληφιν
1402 1708 1528 1803 καιροῦ

322 1837 517 1913 καλοῦντος
545 1827 613 1928 ἤδη
642 1827 745 1930 ζητεῖ.
786 1832 843 1906 καὶ
870 1833 975 1908 ποῖον
1001 1827 1071 1928 ἀρα
1098 1824 1335 1927 πεπλήρωκεν
1361 1825 1466 1932 ἔργον,
1485 1826 1525 1903 δι’

322 1951 364 2032 οῦ
383 1946 527 2059 ἀοξιίσαι
546 1954 641 2059 φησὶ
664 1950 726 2031 τὸν
748 1951 918 2055 Πατέρα,
952 1949 1045 2034 Θεὸς
1064 1949 1134 2054 γάρ
1153 1951 1325 2054 ὑπάρχων
1342 1947 1527 2048 ἀληθινὸς,

292 2077 461 2183 ῦεύδοκίᾳ
490 2079 548 2156 καὶ
579 2074 726 2175 θελήσει
758 2083 822 2155 τοῦ
854 2074 1000 2176 Πατρὸς
1032 2075 1179 2176 γέγονεν
1206 2073 1406 2175 ἅνθρωπος,
1436 2071 1527 2170 ὅλην

322 2203 512 2280 ἀνασῶσαι
545 2198 611 2299 τὴν
641 2199 859 2298 οἰκουμένην,
888 2200 1116 2278 ἀνακαινίσαι
1145 2231 1183 2276 τε
1212 2195 1303 2300 πρὸς
1336 2193 1432 2296 ζωὴν
1462 2193 1570 2292 τὴνι5

323 2324 521 2426 ἀπέραντον
539 2325 597 2402 καὶ
624 2323 848 2424 θεογνωσίαν
865 2321 931 2421 τὴν
953 2324 1072 2420 ἀληθῆ
1097 2321 1139 2401 τὸ
1164 2325 1407 2418 διολισθῆσαν
1425 2319 1527 2420 γένος

322 2449 380 2526 ἐπὶ
404 2451 467 2544 τῆς
493 2451 561 2549 γῆς
584 2446 891 2550 προθυμούμενος·
925 2443 945 2524 δ
975 2443 1019 2544 δὴ
1048 2447 1106 2524 καὶ
1133 2443 1356 2546 πεπέρασται
1381 2440 1529 2542 δυνάμει

241 2571 245 2584 ’
325 2573 382 2650 καὶ
408 2570 557 2676 ἐξουσία
580 2575 769 2672 θεοπρεπεῖ
789 2577 854 2648 τοῦ
872 2565 1048 2672 Χριστοῦ,
1067 2567 1363 2671 καταργήσαντος
1381 2565 1449 2666 μέν
1467 2565 1530 2646 τὸν

325 2694 490 2790 θάνατον,
509 2691 778 2798 ἀνατρέψαντος
798 2689 836 2770 δέ
855 2690 921 2789 τὴν
939 2701 1002 2771 τοῦ
1028 2689 1203 2784 διαβόλου
1227 2691 1452 2796 πλεονεξίαν,
1473 2693 1528 2768 καὶ

325 2816 541 2900 καθελόντος
575 2814 641 2914 μέν
671 2813 737 2914 τὴν
768 2816 956 2917 ἁμαρτίαν,
990 2818 1047 2894 καὶ
1081 2811 1228 2915 ἀγάπην
1259 2812 1326 2914 τὴν
1358 2820 1406 2897 είς
1439 2815 1572 2912 ἠμῦςιο

326 2939 546 3042 ἀσύγκριτον
570 2939 822 3046 ἐπιδείξαντος,
839 2937 896 3017 διά
925 2948 989 3018 τοῦ
1016 2945 1132 3018 πᾶσιν
1157 2940 1290 3018 ἀνεῖναι
1318 2936 1366 3017 τά
1392 2937 1527 3038 ἐγκλή-

326 3098 424 3164 ματα
451 3067 509 3144 καὶ
534 3065 694 3171 φωτίσαι
719 3059 802 3146 τοῦς
826 3063 1130 3162 πεπλανημένους,
1148 3062 1320 3145 συνέντας
1345 3062 1416 3162 ἤδη
1437 3059 1531 3140 Θεόν

293 3184 390 3267 ἀτὸν
418 3187 479 3266 ἕνα
505 3191 564 3267 καὶ
590 3183 774 3286 ἀληθινόν.
816 3188 1115 3287 κατορθώσαντος
1143 3187 1262 3265 τοίνυν
1288 3189 1358 3292 ἰδίᾳ
1387 3182 1533 3283 δυνάμει

328 3309 375 3390 τά
406 3319 552 3390 τοιαῦτα
580 3315 755 3412 Χριστοῦ,
785 3305 1002 3416 δεδόξασται
1031 3309 1132 3412 παρὰ
1160 3309 1306 3390 πάντων
1335 3312 1354 3388 ὁ
1385 3307 1531 3410 Πατὴρ,

328 3433 510 3514 συνέντων
542 3431 710 3533 δηλονότι
737 3439 810 3514 τῶν
838 3435 875 3512 ἐν
904 3433 1031 3540 κόσμιρ
1059 3431 1206 3514 πάντων
1233 3431 1299 3533 τήν
1327 3467 1365 3512 τε
1394 3435 1534 3536 σοφίαν
1545 3455 1571 3514 ²5

329 3559 387 3636 καὶ
415 3554 481 3655 τὴν
511 3556 660 3656 δύναμιν
692 3557 752 3636 καὶ
779 3555 845 3655 την
873 3555 1146 3660 ἐνυπάρχουσαν
1177 3558 1274 3664 αὐτῷ
1303 3556 1535 3659 γαληνότητα

331 3683 388 3758 καὶ
416 3682 702 3786 φιλανθρωπίαν.
739 3676 920 3786 διέλαμψε
943 3679 1015 3783 γάρ
1041 3683 1098 3758 καὶ
1125 3682 1375 3785 πεφανέρωται
1403 3679 1535 3760 λοιπὸν

334 3806 381 3886 ὡς
409 3805 447 3883 έν
470 3801 574 3884 εἰκόνι
603 3805 659 3882 καὶ
687 3808 885 3908 χαρακτῆρι
912 3809 975 3902 τῆς
1003 3804 1090 3889 ίδίας
1120 3801 1265 3906 φιίσεως
1294 3807 1345 3911 τῷ
1368 3808 1459 3910 Υὶῴ,
1479 3805 1535 3882 καί

163 3914 288 3968 S.Matth.
345 3924 399 3953 Η
472 3936 488 3953 a
631 3935 646 3950 ν·

164 3983 207 4032 xii.
221 3996 261 4046 33·
334 3961 405 4006 απο
424 3961 489 4008 του
508 3961 647 4032 καρπον
665 3924 708 4005 τὸ
729 3927 874 4028 δένδρον
892 3929 1069 4028 ἐγνώσθη,
1090 3925 1182 4006 κατὰ
1206 3926 1249 4007 τὸ
1271 3927 1532 4030 γεγραμμένον.

333 4051 598 4153 τετελεσμένων
621 4050 658 4130 δὲ
683 4050 751 4150 ἤδη
777 4057 849 4129 τῶν
873 4049 997 4153 ἔργων,
1017 4055 1075 4131 καὶ
1103 4058 1152 4136 είς
1180 4045 1289 4156 πέρας
1317 4052 1467 4150 ἥκοντος
1497 4047 1535 4128 τό
1545 4079 1572 4138 30

304 4173 469 4274 οπρέπον
495 4177 590 4282 αὐτῷ
617 4183 687 4253 τοῦ·
710 4174 792 4253 καθ’
813 4173 906 4274 ἡμᾶς
934 4173 1222 4274 οἱκουομηθέντος
1248 4181 1377 4271 καλῶς,
1395 4179 1445 4258 είς
1471 4173 1535 4272 τὴν

336 4299 464 4376 οἰκείαν
482 4296 641 4377 ἐπάνεισι
667 4297 855 4403 δόξανκαὶ
880 4301 944 4396 τῆς
968 4299 1118 4400 ἀρχαίας
1143 4297 1301 4379 εῦκλείας
1326 4295 1529 4396 ἐπιλαμβά-

830 4551 854 4588 2.
873 4534 923 4605 γὰρ
937 4551 990 4586 om.
1006 4533 1037 4588 Ε.
