3248 5112
130 357 257 426 xiv.28.
325 361 382 426 IN
413 363 445 426 S.
470 363 725 428 JOANNEM.
772 361 866 426 LIB.
890 361 931 427 X.
978 359 1132 426 CARI.
1262 355 1325 418 523

129 519 197 620 τὴν
218 525 256 603 ἐν
282 525 419 610 τούτοις
442 527 664 634 πλεονεξίαν,
683 525 761 626 ήτοι
788 525 855 625 τήν
877 525 1091 622 ἐλάττωσιν,
1109 525 1173 603 οὐκ
1198 524 1236 600 ἐν
1253 521 1327 628 ὁριρ

129 647 291 744 κειμένην
318 651 369 756 τῷ
396 653 460 750 τῆς
487 651 613 736 οὐσίας
642 649 850 754 εὑρήσομεν.
892 647 915 748 ἢ
945 647 1018 752 γὸρ
1050 647 1094 727 ἂν
1121 645 1197 728 κατ’
1225 643 1326 725 ούδέν

129 767 307 870 ἀλλήλων
330 773 496 874 διήνεγκε
516 772 562 853 τὰ
589 779 637 859 εἰς
664 773 861 877 σύγκρισιν
883 773 1122 868 ἀναβαίνοντα
1147 768 1212 868 τὴν
1235 766 1327 872 πρὸς

130 890 292 992 ἄλληλα.
330 898 439 996 μείων
466 897 538 1002 γὰρ
566 898 754 1002 άνθρωπος
782 897 973 1000 ἀνθρώπου
1001 895 1121 1000 τυχὸν,
1145 893 1257 998 ἤγουν
1284 891 1326 974 τὸ

91 1015 370 1123 5μεῖᾇινέχωυ,
394 1021 551 1124 καθάπερ
579 1025 669 1101 εἰσὶν
696 1021 889 1124 ἅνθρωποι,
910 1026 988 1104 πῶς
1016 1017 1061 1098 οἰν
1088 1017 1184 1102 ὅλως
1211 1025 1327 1098 νοοῖτο

130 1139 189 1216 καὶ
207 1139 349 1242 λέγοιτο
365 1176 375 1240 ;
407 1145 544 1242 οὐκοῦν,
564 1147 602 1224 ἐν
618 1144 689 1252 ’ίστρ
707 1141 772 1241 μέν
790 1141 907 1250 μέτρτρ
933 1149 1026 1224 πᾶσι
1049 1148 1123 1225 τοῖς
1149 1140 1326 1240 ὁμοειδέσι

129 1257 176 1339 τὰ
200 1265 352 1370 φυσικά·
392 1267 548 1374 διάφορα
577 1268 614 1348 δέ
642 1266 688 1346 τὰ
715 1265 840 1348 ἐνόντα
867 1265 1040 1373 φαίνεται,
1063 1269 1121 1345 καί
1146 1265 1238 1345 κατὰ
1262 1264 1326 1344 τὸυ

128 1394 194 1465 τοῦ
225 1389 500 1489 συμβεβηκότος
530 1390 662 1498 έξωθεν
692 1391 874 1491 ἐγκείμενα
905 1387 1027 1490 λόγον.
1082 1390 1209 1469 οὐκοῦν
1235 1391 1354 1468 ἐπει-ο

130 1507 242 1612 δήπερ
269 1513 361 1592 κατὰ
386 1513 452 1613 τὴν
480 1512 610 1594 ἐκείνου
636 1512 826 1617 πρότασιν,
851 1512 930 1612 ἤτοι
958 1511 1096 1619 φωνήν·
1132 1510 1326 1618 ἀνθέξομαι

71 1630 202 1736 τογὸιρ
229 1636 349 1736 αύτής·
384 1637 478 1734 μόνα
504 1636 551 1718 τὸ
575 1639 729 1740 ὁμογενῆ
753 1636 820 1736 τήν
842 1635 933 1739 πρὸς
958 1637 1107 1736 ἄλληλα
1132 1635 1326 1738 σύγκρισιν

129 1757 340 1862 οἰκειότερον
375 1761 580 1869 ἐπιδέξεται,
620 1761 841 1864 ὁμολογείτω
877 1767 1031 1866 πρῶτον,
1068 1765 1117 1846 ὡς
1154 1760 1326 1863 ὁμογενής

128 1881 230 1960 ἐστιν
256 1883 277 1961 5
305 1882 392 1968 Υἰὸς
419 1892 470 1994 τῷ
499 1888 629 1990 Πατρί,
655 1885 851 1980 τουτέστιν,
880 1884 1081 1982 ὁμοούσιος·
1131 1885 1224 1964 οὕτω
1253 1883 1325 1986 γὰρ

129 2001 271 2102 νοήσεις
294 2005 336 2086 τὸ
358 2007 535 2110 ὁμογενὲς,
554 2009 745 2112 ἄνθρωπον
761 2007 833 2111 γὸιρ
860 2008 1039 2115 ἀνθρώπῳ
1066 2009 1326 2109 συγκρίνεσθαι

128 2129 202 2206 δεῖν
238 2130 458 2230 ἐδοκίμασεν,
495 2131 596 2211 ἀλλὰ
631 2134 691 2212 καὶ
726 2131 837 2212 ἵππου
873 2131 984 2240 ἰππτρ·
1034 2133 1091 2210 καί
1129 2129 1326 2210 διδασκέτω

74 2275 115 2336 15
129 2250 259 2332 λοιπὸν
287 2253 352 2352 τήν
379 2257 495 2336 αἰτίαν
523 2257 564 2336 δι’
590 2253 635 2356 ήν
663 2256 683 2334 ὁ
710 2260 762 2362 τῷ
789 2260 872 2362 Θεῷ
898 2257 957 2334 καί
986 2256 1106 2356 Πατρί
1132 2251 1340 2356 συγκρινὸ-’

128 2407 235 2472 μενος
251 2377 349 2475 Υἰὸς,
367 2383 415 2463 ὥς
433 2378 606 2481 ὁμογενὴς
633 2379 740 2486 αὐτῷ,
758 2375 825 2478 τήν
843 2376 934 2458 κατά
958 2412 992 2458 τι
1017 2385 1106 2480 γοῦν
1124 2375 1325 2456 ἐλάττωσιν

129 2497 210 2602 ἔχει,
226 2509 298 2581 ποῦ
325 2500 363 2582 δέ
387 2501 430 2584 τὸ
455 2510 554 2602 μεῖον
571 2501 779 2605 εὑρήσομεν,
797 2500 856 2582 ὅτε
880 2509 954 2586 τοῖς
980 2501 1189 2603 ὁμογενέσιν
1206 2496 1255 2584 εἰς
1280 2500 1358 2579 &vd

130 2621 300 2724 ἅρμὸττοι
332 2629 396 2725 τῆς
428 2628 553 2711 οὐσίας
588 2627 694 2729 ὅρος;
734 2623 889 2725 ἑκάστης
920 2623 993 2728 γὸρ
1025 2623 1160 2720 ούσίας,
1191 2625 1211 2700 ὁ
1243 2625 1325 2726 περὶ

129 2745 238 2845 athis·
265 2747 387 2850 λόγος,
415 2751 457 2830 ού
483 2747 617 2834 τέλειος
643 2748 708 2846 μὲν
735 2748 773 2829 έν
800 2783 908 2847 τισιν,
933 2746 1062 2850 ἀτελὴς
1090 2746 1128 2828 δέ
1155 2749 1193 2827 ἐν
1220 2745 1325 2854 ἐτέρερ

72 2899 115 2942 το
129 2869 303 2972 φαίνεται,
333 2875 417 2952 ἀλλ’
447 2872 496 2958 εἰς
525 2875 583 2954 καί
614 2873 695 2958 ’ίσος
727 2875 784 2953 ἐπὶ
815 2870 961 2954 πάντων
991 2873 1166 2979 φαίνεται.
1211 2873 1324 2954 αἰτίας

128 2991 243 3092 γεμὴν
265 2995 384 3098 ἐτέρας
412 2995 504 3100 έχειν
526 2993 646 3101 φαμέν
668 3001 741 3074 τῶν
764 2995 1051 3094 συμβεβηκότων
1074 2995 1227 3075 ἕκαστον
1244 2995 1324 3093 ἤτοι

127 3117 428 3220 προσγεγονότων
446 3117 529 3198 καθ’
548 3121 768 3218 ὁνδηποτοῦν
786 3117 932 3221 τρόπον.
973 3117 1060 3196 αι’ττὸ
1083 3115 1122 3198 δέ
1145 3116 1189 3218 δή
1211 3117 1325 3199 πάλιν

128 3236 218 3342 ι’τπέρ
236 3243 436 3347 σαφηνείας
453 3247 526 3322 τῶν
544 3239 734 3344 εἰρημένων
751 3239 795 3321 τὸ
812 3240 857 3347 ἐξ
879 3243 992 3346 ἀρχῆς
1013 3241 1180 3345 παροίσω
1200 3239 1320 3344 παροί-

127 3365 267 3465 δειγμα.
305 3364 493 3468 ἅνθρωπος
520 3363 585 3466 μέν
611 3363 804 3468 ἀνθρώπου
831 3363 957 3444 διοίσει
988 3363 1053 3463 μέν
1079 3363 1175 3448 ὅλως
1204 3363 1352 3462 obsim

71 3513 113 3577 25
128 3485 286 3591 καθάπερ
315 3491 407 3570 εἰσὶν
433 3487 616 3594 ἅνθρωποι
647 3485 768 3594 τυχόν
805 3487 891 3567 ἀλλ’
921 3489 942 3567 ὁ
969 3487 1033 3586 μέν
1058 3521 1113 3572 τις
1140 3488 1240 3568 ἐστὶν
1267 3489 1324 3568 εύ-

127 3608 293 3710 σεβὴς,ὁ
318 3609 357 3693 δέ
382 3611 562 3711 κακόνους,
580 3613 640 3692 καί
665 3613 686 3692 ὁ
712 3609 777 3709 μέν
801 3610 957 3712 ἀσθενής
984 3614 1044 3692 καὶ
1070 3612 1325 3711 λελωβημένος

127 3731 170 3813 τὸ
201 3740 321 3834 σῶμα,
355 3741 452 3820 σῶος
489 3734 528 3816 δέ
562 3738 622 3816 καὶ
659 3736 838 3839 εὔρωστος
869 3735 998 3838 έτερος,
1031 3737 1089 3816 καί
1121 3737 1141 3815 ὁ
1173 3735 1240 3834 μέν
1270 3771 1324 3821 τις

126 3855 322 3956 βάσκανος,
351 3860 371 3938 ὁ
398 3858 436 3940 δέ
463 3859 609 3964 ἀγαθός·
647 3859 731 3940 ἀλλ’
761 3857 849 3940 ὁταν
874 3893 929 3944 τις
955 3858 1092 3940 τούτων
1117 3859 1183 3944 τὰς
1210 3862 1324 3945 αἰτίας

127 3981 284 4085 ἀκριβῶς
302 3981 601 4083 κατασκέπτηται,
620 3981 684 4064 τὸν
701 3981 767 4083 μέν
785 3986 850 4082 τῆς
875 3981 989 4068 αἰτίας
1012 3980 1098 4085 ὁρον
1115 3984 1179 4062 ούκ
1205 3983 1318 4064 αἰτιά-

73 4137 115 4196 30
127 4137 241 4202 σεται,
258 4105 391 4188 πάθεσι
415 4105 454 4188 δέ
475 4113 622 4207 μᾶλλον
639 4113 857 4206 σωματικοῖς
874 4105 988 4208 ἤγουν
1004 4111 1172 4211 ψυχικοῖς
1196 4107 1318 4186 ἀνατί·

127 4235 214 4330 θησι
232 4229 297 4316 τὰς
314 4231 441 4317 αἰτίας.
481 4230 558 4316 ἐνὸς
574 4237 764 4336 τοιγαροῦν
782 4229 971 4329 νοουμένου
995 4263 1034 4309 τε
1057 4231 1116 4309 καὶ
1139 4227 1241 4314 ὄντος
1264 4232 1326 4310 ἐπί

161 4517 189 4574 6.
205 4518 253 4588 μίν
264 4527 434 4590 assumptum
446 4535 478 4574 ex
491 4517 525 4574 E.
657 4529 699 4642 IL.
716 4515 801 4589 μεῖον]
815 4517 923 4586 σημιίον
935 4513 968 4570 Ε.
1095 4514 1136 4570 18.
1153 4514 1276 4643 dmm
1290 4517 1323 4572 E.

698 4595 791 4644 erecto
803 4587 846 4657 (ut
860 4585 927 4656 vid.)
940 4585 992 4642 Ed.
1005 4603 1061 4658 mg.
1073 4586 1156 4644 αἰτίας
1237 4598 1247 4644 t
1261 4589 1289 4643 F.

126 4590 238 4660 ὑπάρχοι
252 4587 303 4643 Ed.
381 4605 437 4680 ¹29.
455 4585 549 4660 αἰτίας]
562 4609 606 4660 γρ.
619 4589 670 4643 ούσ

312 4687 319 4704 ·
677 4688 768 4755 ητα
