3184 5104
389 336 454 398 134
692 335 732 400 B.
756 335 965 402 CYRILLI
994 335 1285 402 ALEXANDR.

388 505 461 578 τῶν
488 497 680 602 εἰρημένων
706 503 756 585 εἰς
784 497 944 598 δύναμιν,
970 503 1029 583 καὶ
1056 500 1109 585 τίς
1136 502 1157 584 ὃ
1184 506 1298 582 ταῦτα
1325 497 1480 600 λέγωνέι

388 623 473 702 ἀλλ’
505 629 554 708 εἰς
585 624 716 723 μανίαν
748 622 985 727 ἀλογωτόπην
1017 627 1077 704 καί
1109 627 1332 728 θηριοπρεπῆ
1363 634 1480 726 παραλ

387 747 592 846 ἑκυεύοντες,
614 746 719 834 λίθοις
746 745 855 829 αὐτὸν
881 751 1101 852 ἐπιχειροῦσι
1128 751 1344 856 σφενδονᾶν,
1367 745 1480 847 ὥσπερ

387 869 591 974 ἀρκούντως
609 869 669 952 διά
685 875 829 971 πολλοῖς
846 871 915 973 ἤδη
932 872 1113 974 λοιδορίας
1130 870 1452 976 προσκρούσαντες,
1466 905 1480 970 η

387 996 535 1098 μετρίαν
562 994 607 1102 ἐξ
632 996 803 1080 ἀπονοίας
832 997 888 1104 ἐφ’
919 998 1055 1081 ἑαυτοῖς
1085 995 1332 1098 ἐπισυρόμενοι
1362 993 1426 1094 τὴν
1451 996 1480 1096 όγ

388 1117 521 1222 θερμόν
541 1118 608 1219 μὲν
626 1120 690 1200 οὖν
707 1122 765 1200 καί
783 1120 1094 1224 παραλογώτατον
1110 1118 1153 1202 τὸ
1176 1127 1250 1202 τῶν
1265 1119 1442 1202 Ἰουδαίων
1459 1121 1480 1198 ε’·

359 1270 498 1347 ορημα·
527 1241 671 1347 πρόεισι
697 1242 736 1324 δὲ
762 1245 826 1324 ούκ
852 1248 901 1329 εἰς
926 1243 1033 1346 ἔργον
1051 1243 1214 1348 ἀκαίρως,
1233 1245 1330 1342 ἀπῆν
1348 1241 1418 1346 γοίρ
1442 1242 1480 1323 ἕο

388 1372 517 1448 παθεῖν
548 1369 569 1448 ὁ
599 1365 732 1472 καιρός.
786 1367 1026 1471 κατακρύπτει
1058 1365 1097 1450 δὲ
1128 1365 1253 1448 ἑαυτὸν
1285 1369 1306 1448 ὁ
1337 1366 1480 1470 Χριστὸς

388 1491 522 1596 τοίχοις
547 1489 772 1593 ὑποδραμὼν,
791 1485 858 1596 ούχ
883 1490 1002 1596 ἔτερόν
1023 1526 1058 1572 τι
1082 1499 1146 1572 τοῦ
1172 1493 1261 1572 ἰδίου
1284 1491 1480 1594 προστησά

389 1613 571 1714 σώματος,
588 1614 690 1695 ἀλλὰ
714 1620 759 1722 τῇ
785 1613 932 1715 δυνάμει
958 1620 1023 1716 τῆς
1040 1613 1207 1716 θεότητος
1225 1617 1348 1721 ἀφωιῆ
1365 1622 1437 1698 τοῖς
1453 1615 1480 1719 ζι

389 1771 452 1818 σιν
469 1736 594 1818 ἑαυτὸν
612 1737 860 1840 καταστήσας.
898 1741 957 1821 καί
983 1740 1046 1820 ούκ
1071 1738 1231 1842 ἠρκέσθη
1256 1745 1308 1846 τῷ
1332 1745 1463 1836 λαθεῖν,

389 1866 447 1940 καί
472 1861 607 1968 ἔξεισιν
626 1863 666 1944 ἔοι
691 1866 747 1944 τιῧ
772 1864 861 1972 ἰερού,
879 1862 993 1946 τύπον
1010 1861 1136 1966 ὥσπερ
1160 1861 1240 1944 τινά
1262 1859 1480 1965 πραγμάτων

390 1990 527 2086 νοητῶν
554 1983 802 2094 καταγράφων
828 1989 866 2067 ἔν
892 1986 1040 2071 τούτοις.
1091 1993 1167 2072 τοῖς
1198 1984 1264 2086 μὲν
1290 1985 1363 2089 γὰρ
1393 1988 1480 2090 οἰγοο

222 2128 338 2188 θεολ.
361 2108 500 2192 οαύτδν
528 2109 691 2216 ἐμφανής
722 2113 803 2191 ἔστι
834 2109 893 2191 διὰ
928 2109 1075 2209 παντὸς,
1107 2108 1198 2192 κατὰ
1229 2107 1272 2192 τό
1301 2120 1323 2158 “
1339 2109 1480 2214 Μακόρι

221 2205 345 2321 ἔξω
391 2243 412 2282 “
431 2236 579 2338 καθαροὶ
607 2239 653 2340 τῇ
681 2233 820 2343 καρδίᾳ,
847 2233 902 2316 ὅτι
929 2237 1029 2316 αύτοί
1056 2232 1240 2317 τὸνθεόν
1267 2233 1452 2341 ὅψονται.”

389 2356 503 2463 τρέχει
528 2355 565 2439 δέ
588 2365 662 2439 τῶν
684 2365 871 2465 θεομαχεῖν
890 2357 1110 2458 εἰθισμένων,
1128 2362 1188 2439 καί
1213 2360 1327 2439 αύδενί
1350 2365 1424 2439 τῶν
1446 2363 1480 2438 δι

388 2479 552 2574 βούντων
581 2483 755 2590 φαίνεται,
780 2481 866 2562 ἀλλ’
893 2481 973 2563 ούδέ
1001 2481 1044 2563 τὸ
1072 2489 1231 2563 συνεῖναι
1259 2482 1394 2587 τρόπον
1422 2517 1480 2564 τιν.

389 2607 668 2688 συνδιαιτᾶσθαι
694 2614 769 2690 τοῖς
796 2606 987 2687 διώκωσιν
1014 2604 1123 2687 αὐτὸν
1149 2614 1299 2688 ποιεῖται
1335 2609 1463 2714 φίλον,

364 2733 496 2828 δημεῖ
524 2728 562 2810 δέ
593 2739 741 2830 μᾶλλον
772 2733 900 2830 αὐτῶν,
933 2733 991 2810 καί
1022 2728 1275 2830 ἀπανίσταται,
1306 2737 1435 2812 πᾶσαν
1466 2737 1480 2810 ι’

390 2854 503 2962 ἑαυτῷ
534 2855 764 2963 συνεξέλκων
792 2856 973 2955 εὐθυμίαν,
1004 2857 1063 2936 καί
1100 2861 1173 2934 τῶν
1202 2856 1287 2958 παρ’
1317 2856 1446 2936 ἑαυτοῦ

390 2975 542 3076 σμοίτων
567 2977 718 3080 ἐρήμους
745 2981 849 3086 ἀφεῖς
876 2977 968 3076 τούς,
988 2975 1051 3084 ἀφ’
1071 2974 1121 3057 ὧν
1145 2975 1191 3058 ἂν
1215 2977 1324 3059 πόθοι
1351 2985 1480 3075 κακῶς,

391 3107 439 3185 εἰς
466 3100 508 3180 τὸ
537 3101 656 3182 θέλειν
678 3099 787 3182 αύτόν
809 3099 983 3201 ἀδικῆσαί
1006 3109 1111 3207 φημι,
1130 3104 1189 3180 καί
1216 3107 1264 3186 εἰς
1291 3099 1338 3180 τά
1364 3107 1480 3182 τῶνδ

357 3223 554 3322 δβούντων
572 3223 823 3332 ἔγχειρήματα,
837 3232 867 3306 εἰ
885 3227 943 3306 καί
961 3222 1095 3324 μάταια
1112 3223 1233 3308 πάντα
1250 3224 1398 3308 δεικνύει
1417 3231 1480 3328 Χρ

392 3346 521 3456 ἀφάτιρ
549 3346 696 3447 δυνάμει
722 3355 795 3431 τῶν
823 3355 872 3434 εἰς
899 3345 1008 3432 αὐτὸν
1034 3348 1347 3455 πλημμελούντων
1371 3347 1416 3429 τὸ
1445 3353 1480 3428 ἀι

392 3471 574 3576 ἀφανίζων
593 3471 740 3575 θράσος.

224 3661 356 3748 Rem.
520 3659 577 3726 Καὶ
604 3664 760 3752 ποράτωυ
787 3657 873 3730 εἶδεν
900 3663 1075 3754 ἄνθρωπον
1102 3663 1225 3752 τυφλὸν
1251 3665 1290 3731 ἐκ
1316 3669 1466 3740 revenit.

458 3806 796 3910 Ἐμπαροινούντων
831 3811 927 3918 αὐτῷ
963 3817 1036 3892 τῶν
1065 3811 1257 3908 Ἰουδαίων,
1293 3812 1411 3896 λίθοις
1450 3845 1480 3891 τι

393 3931 653 4036 κατακοντίζειν
690 3932 960 4038 ἐπιχειρούντων
997 3932 1116 4033 αὐτὸν,
1153 3933 1267 4042 ἔξεισι
1302 3934 1369 4036 μὲν
1406 3945 1476 4016 τοῦ

363 4056 513 4141 οαύτοῖς
531 4059 625 4160 ἱεροῦ
642 4062 874 4163 παραχρῆμα,
893 4061 951 4138 καὶ
968 4062 1032 4159 τῆς
1049 4065 1122 4140 τῶν
1141 4056 1341 4140 διωκόντων
1358 4063 1480 4142 ἀνοσιι

391 4179 519 4262 ἑαυτὸν
555 4180 736 4289 ὑπεξάγει.
794 4182 1030 4288 παρατρέχων
1066 4182 1104 4268 δὲ
1145 4181 1209 4266 τὸν
1245 4185 1286 4266 ἐκ
1323 4183 1463 4288 γενετῆς

429 4375 454 4414 2.
474 4361 516 4413 καί
527 4359 700 4434 θηριοπρεπῆ]
714 4361 756 4415 καί
767 4361 905 4432 θηριωδίαν
916 4363 958 4416 καί
970 4362 1129 4433 θηριαπριπῆ
1142 4363 1176 4419 Β.
1186 4361 1338 4418 emendavit
1348 4361 1447 4418 Holst.

392 4429 1053 4556 ἰνιςςςννςς
1066 4433 1324 4562 ιςς

392 4515 633 4625 ἔιίθῖἰῖιοιιι.
739 4520 1125 4642 ηἰιιιιῖιιιιόῗίἰῗ
1229 4521 1247 4560 ⁰
1363 4521 1399 4560 δ’
