3248 5112
116 361 248 450 xiv.29.
310 365 367 430 IN
397 365 431 430 S.
455 364 711 430 JOANNEM.
757 365 854 431 LIB.
878 365 920 430 X.
965 365 1068 431 CAP.
1093 365 1121 432 1.
1252 367 1316 431 52⁷

115 527 200 628 παρ’
221 528 320 627 ὐμάν
337 530 358 608 ὁ
377 528 517 632 Πατὴρ,
536 529 558 628 ἡ
582 530 621 610 δὲ
642 530 758 614 κτίσις
780 530 950 628 ἐλάττων,
968 531 1064 631 μέση
1089 564 1143 616 τις
1167 527 1212 631 ἦν
1230 529 1314 609 καθ’

115 649 209 746 ὑμᾶς
226 649 249 750 ἡ
268 659 333 731 τοῦ
353 656 584 755 Μονογενοῖνς
602 653 724 759 φύσις.
763 655 1098 755 καταβιβασθείοης
1115 650 1152 735 δὲ
1170 657 1233 753 τῆς
1251 661 1315 734 τοῦ

117 770 267 876 Πατρὸς
284 774 410 858 οὐσίας
431 781 479 858 εῖς
502 775 568 875 τὴν
585 780 688 874 Υῖού,
705 777 800 862 τίνος
823 774 926 856 ἔσται
951 777 1063 876 μέσος
1087 775 1230 874 λοιπὸν,
1251 777 1315 856 οὐκ

114 895 220 982 ὄντος
248 897 300 978 ἔτι
329 905 393 979 τοῦ
423 897 670 1002 ὑπερκειμένου
699 901 757 980 καῖ
790 900 1049 1005 ὐπερέχοντοςς
1089 906 1119 981 εῖ
1151 899 1190 982 δὲ
1221 897 1316 980 καθά

77 1024 244 1124 εφησιν,
272 1023 321 1106 ὡς
349 1019 521 1124 ὁμογενὴς
553 1023 719 1124 ἀμογενεῖ
744 1027 796 1129 τῷ
826 1026 945 1126 Πατρὶ
973 1024 1211 1128 συγκρίνεται,
1237 1030 1349 1108 πῶςΙ)

115 1145 184 1248 οὐχ
200 1141 249 1228 εἷς
266 1144 320 1224 ἐπ’
336 1147 472 1250 ἀμφοῖν
491 1146 511 1226 ὁ
529 1147 593 1243 τῆς
611 1143 737 1228 οὐσίας
755 1145 858 1226 ἔσται
876 1145 1011 1249 λόγος;
1041 1146 1315 1251 παραιτούμενοι

114 1265 155 1346 δὲ
181 1265 246 1347 τὸν
263 1263 354 1348 Υῖὸν
372 1267 566 1366 ἀμοούσιον
585 1267 757 1374 ὑπάρχειν
775 1269 967 1372 ὁμολογεῖν
984 1275 1037 1379 τῷ
1060 1273 1190 1374 Πατρῖ,
1208 1275 1316 1350 τιθεῖν

115 1388 155 1469 δέ
170 1397 317 1503 μᾶλλον
335 1391 444 1472 αὐτὸν
461 1394 499 1471 έν
516 1389 699 1490 ε’λάττοσι,
717 1395 776 1472 καὶ
793 1392 860 1494 τὴν
877 1401 941 1474 τοῦ
962 1393 1107 1498 Πατρός
1126 1393 1310 1476 κατεσπά-

115 1548 208 1594 σατε
235 1513 347 1622 δόξαν
368 1520 417 1600 εῖς
444 1512 510 1615 τὴν
534 1522 599 1595 τοῦ
625 1513 708 1596 καθ’
728 1517 819 1615 ὐμάς
846 1515 1037 1602 ἐλάττονός
1064 1551 1104 1598 τε
1134 1520 1193 1598 καὶ
1219 1551 1314 1618 μειο·

55 1669 100 1712 10
117 1638 358 1736 νεκτουμένον,
372 1636 426 1742 ἀρ’
444 1640 512 1744 οὐχ
530 1639 634 1742 ὁρᾶτε
653 1637 783 1720 λοιπὸν
800 1638 956 1741 ἀκάνθης
974 1641 1076 1742 δίκην
1091 1638 1311 1722 ἀνατέλλον·

115 1795 190 1840 σαν
213 1758 281 1860 τὴν
302 1763 537 1868 δυσφημίανς
566 1759 623 1866 ἀρ’
643 1763 723 1867 οὐχὶ
742 1773 764 1810 “
776 1760 854 1866 ῥίζα
878 1766 1019 1868 πικρίας
1044 1763 1118 1844 ἀνω
1144 1763 1312 1870 φύονσα”
1358 1767 1483 1898 {ffb-¹³&

115 1883 182 1984 τὴν
209 1891 282 1965 τῶν
309 1887 402 1966 οὐτω
429 1885 655 1982 διακειμένων
681 1886 830 1989 καρδίαν
856 1894 1098 1993 παρενοχλεῖ;
1133 1889 1172 1968 τί
1195 1889 1314 1969 τοίνυν

115 2007 265 2115 ἀφέντες
283 2008 347 2089 τὸν
365 2011 450 2108 εὐθῆ
476 2013 539 2108 τῆς
565 2009 734 2110 ἀληθείας
759 2007 873 2111 λόγον
891 2016 939 2096 εῖς
963 2009 1145 2112 τοσαύτην
1162 2011 1344 2092 ἀτοπίανο

115 2131 356 2234 παρελαύνετε
389 2138 607 2234 λογισμῶνς
648 2129 728 2212 δότε
760 2129 805 2232 δὴ
838 2133 919 2214 δότε
951 2139 1003 2240 τῷ
1035 2135 1201 2236 ὸμογενεῖ
1229 2136 1312 2216 καθ’

539 2262 555 2279 n
707 2263 723 2281 Α
820 2263 837 2281 Α
902 2259 913 2288 κ
1050 2256 1059 2282 Ι
1154 2259 1173 2289 U
1276 2255 1288 2286 ἱ

115 2377 165 2464 εἷς
183 2379 286 2460 ἔσται
305 2378 408 2477 Θεὸς,
427 2381 464 2460 ἐν
483 2381 570 2486 ἁγίᾳ
587 2414 626 2460 τε
651 2381 711 2460 καῖ
735 2379 917 2489 ὸμοονσίιρ
935 2381 1065 2484 Τριάδι
1081 2380 1309 2485 προσκυνού·

115 2501 221 2598 μενός
247 2537 286 2584 τε
311 2506 370 2582 καὶ
383 2501 702 2610 δοξολογούμενος
728 2501 820 2606 πρός
843 2537 882 2583 τε
906 2503 975 2605 ἤδη
999 2504 1100 2605 ἡμῶν
1118 2505 1313 2586 αὐτῶνκά

114 2634 187 2706 τῶν
203 2629 317 2730 ἁγίων
335 2626 514 2730 ἀγγέλων.

206 2827 264 2894 Καὶ
291 2832 346 2894 νῦν
374 2821 490 2918 εῖριικα
518 2823 590 2904 ὑμῖν
617 2827 692 2917 πρὶν
720 2827 877 2910 Γενέσθαι,
903 2827 956 2894 ἴνα
983 2828 1062 2896 ὅταν
1090 2829 1220 2903 τένιιται
1327 2841 1365 2900 ²9

58 3015 101 3055 ΕΟ
612 2953 814 3026 πιστεύοιντο.

170 3099 362 3208 Ἀσφαλές
390 3098 555 3204 ε’νέχνρον
576 3104 649 3180 τῶν
671 3098 822 3180 ἔσεσθαι
848 3096 1159 3201 προσδοκωμένων
1180 3097 1203 3197 ἡ
1230 3103 1346 3202 περῖᾶ

115 3224 232 3306 αὐτῶν
259 3225 384 3330 δρᾶται
410 3221 622 3328 πρόῤῥησις·
656 3229 803 3318 βεβαιοῖ
825 3228 1015 3324 τοιγαροῦν
1041 3227 1115 3300 τῶν
1141 3226 1313 3321 μαθητῶν

114 3345 181 3448 τὴν
215 3349 374 3454 καρδίαν,
410 3349 469 3428 καὶ
508 3342 691 3449 ἀραρότως
731 3351 878 3452 φρονεῖν
914 3344 1095 3426 ἀναπείθει
1132 3343 1310 3446 Χριστὸς,

115 3471 171 3550 ὅτι
196 3505 266 3576 περ
294 3472 432 3552 ἀνεισιν
450 3471 596 3569 ἀληθῶς
622 3467 714 3572 πρὸς
740 3466 805 3550 τὸν
822 3471 860 3549 ἐν
878 3475 952 3554 τοῖς
977 3469 1136 3572 οὐρανοῖς
1166 3467 1313 3574 Πατέρα

60 3627 101 3688 25
115 3597 174 3674 καὶ
207 3593 314 3694 Θεὸν,
343 3590 657 3694 σνμβασιλεύσων
686 3627 726 3674 τε
758 3593 856 3700 αὐτῷ
886 3593 945 3673 καὶ
976 3589 1228 3696 συνεδρεύσων
1263 3595 1312 3678 ὡς

116 3714 219 3816 Θεὸς,
238 3751 297 3797 και
284 3717 428 3824 έξ’
386 3723 495 3798 αὐτοῦ
519 3713 611 3796 κατά
636 3715 791 3824 φύσιν
769 3751 818 3801 ως
839 3713 931 3801 Θεὸς
954 3715 1220 3818 γεγεννημένος
1260 3749 1312 3872 μη

114 3839 187 3944 γὸρ
218 3839 274 3941 δὴ,
303 3838 473 3948 φησὶ,
433 3875 500 3940 την
528 3837 617 3940 ε’μὴν
645 3837 853 3948 ἀπόλειψιν,
883 3837 950 3940 τὴν
980 3837 1073 3920 κατὰ
1101 3837 1222 3944 σαρκά
1253 3874 1311 3921 και

115 3967 270 4072 ε’μφανη·
300 3965 500 4064 σννέσομαι
527 3960 600 4066 γὰρ
627 3964 709 4064 ὑμῖν
730 3965 780 4048 ὡς
802 3963 897 4049 Θεὸς
920 3961 980 4042 διά
1003 3961 1150 4046 παντός·
1180 3967 1219 4041 ἐν
1240 3995 1310 4066 ισιρ

116 4089 390 4190 λογίσησθε
346 4121 411 4187 της
437 4091 510 4168 τῶν
535 4086 648 4188 ἁγίων
672 4091 881 4192 προφητῶν.
923 4089 956 4164 οῖ
983 4083 1050 4184 μὲν
1075 4083 1156 4188 γάρ,
1175 4081 1237 4164 ἀτε
1264 4079 1309 4184 δὴ

63 4217 173 4314 3οκαῖ
195 4211 267 4294 ἀπὸ
291 4215 359 4314 γῆς
383 4207 569 4315 γεγονότες
594 4211 653 4290 καὶ
676 4214 722 4315 τῇ
747 4210 819 4315 ῖδίη
843 4207 953 4314 φύσει
978 4205 1021 4289 τὸ
1047 4205 1162 4312 χρεὸν
1180 4209 1339 4286 &wari-0

30 4357 39 4372 '
95 4373 254 4438 σαντες,
265 4331 548 4437 σννεστάλησάν
566 4367 603 4414 τε
623 4335 681 4412 καῖ
699 4329 947 4438 κεχωρήκασιν
963 4336 1011 4414 εῖς
1029 4327 1094 4410 τὸν
1109 4326 1309 4430 ἀνθρώποις

150 4539 176 4594 3
162 4519 285 4649 &W
297 4530 511 4594 mumptumex
524 4520 556 4576 E.
662 4531 689 4590 5.
708 4515 1076 4590 ἀμονογιννηςδμογιννεῖΕ
1186 4531 1228 4582 14.
1246 4515 1308 4586 ὁμο·

115 4595 175 4663 W}
