3248 5112
270 341 335 406 476
574 341 613 408 B.
638 337 849 404 CYRILLI
880 333 1168 402 ALEXANDR.
1341 335 1406 401 xiv.
1420 353 1473 402 το.

273 504 354 582 καθ’
384 504 477 602 ἡμεῖς
508 502 637 608 χρόνος
667 505 707 582 έν
736 509 787 610 τῷ
824 506 946 603 μηδενὶ
983 501 1132 582 τέθειται
1168 505 1370 617 παντελῶς·
1415 502 1472 578 καὶ

222 713 229 727 ‚
273 624 495 730 μαρτυρήσει
513 625 630 730 λέγων
650 629 670 706 ὁ
689 625 851 734 μελῳδός
871 636 892 672 “
905 625 994 706 Ὅτι
1012 627 1116 730 χίλια
1134 624 1194 724 ἔτη
1212 626 1251 704 ε’ν
1269 625 1474 728 ὀφθαλμοῖς

274 758 297 796 “
314 783 396 847 σου,
417 748 538 854 Κῦριε,
557 753 605 833 ὡς
632 749 745 852 ἡμέρα
769 749 792 848 ἡ
817 749 901 856 χθὲς
928 749 1004 849 ἥτις
1029 753 1164 849 διῆλθε,
1185 751 1243 827 καὶ
1266 743 1414 854 φυλακὴ
1437 747 1475 825 ε’ν

275 882 296 920 “
316 874 450 952 νυκτί.”

225 1109 329 1178 20'Ev
348 1112 456 1204 ἐκείνη
484 1122 523 1206 τῇ
552 1115 659 1208 ἡμέρᾳ
687 1112 776 1193 ὑμεῖς
804 1113 967 1190 τνὼοεοθε
994 1117 1044 1181 ὅτι
1069 1113 1134 1188 ὲτὼ
1158 1115 1192 1178 ἐν
1217 1117 1265 1199 τῷ
1285 1111 1389 1202 Πατρί
1412 1121 1507 1188 μου5

561 1243 614 1308 καί
642 1236 733 1318 ὑμεῖς
759 1241 794 1306 ἐν
819 1240 895 1317 ἐμοὶ
922 1239 1013 1314 κάτὼ
1038 1239 1074 1306 ἐν
1102 1235 1185 1316 ὑμῖν.

108 1425 218 1483 em„
246 1441 263 1482 a
332 1413 565 1516 Δυσέφικτον
588 1413 653 1510 μέν
673 1447 751 1498 πως
778 1415 856 1492 ἐστὶ
884 1409 926 1492 τὸ
954 1415 991 1492 ἐν
1013 1419 1087 1496 τοῖς
1114 1409 1359 1514 προκειμένοις*
1381 1407 1471 1489 θειό·

273 1566 386 1636 ρημα,
408 1537 466 1613 καὶ
492 1539 650 1637 δριμεῖαν
669 1531 794 1638 ὥσπερ
811 1535 974 1642 ἐξαιτοῦν
992 1533 1049 1641 ἐφ’
1069 1536 1182 1642 ἑαυτῷ
1207 1533 1272 1633 τὴν
1290 1533 1472 1630 βάσανον,

274 1655 380 1737 ὄκνον
398 1692 437 1737 τε
463 1661 514 1765 τῷ
539 1657 640 1766 λόγῳ
668 1667 875 1762 περιποιοῦν
893 1659 1121 1757 ἱκανώτατον,
1140 1656 1334 1761 κατευθῦνη
1362 1655 1476 1758 γεμὴν

275 1779 330 1859 ότι
355 1778 468 1861 πάλιν
492 1783 585 1881 ἡμᾶς
609 1787 659 1868 εἷς
684 1782 855 1883 ἀλήθειαν
878 1785 898 1862 ό
924 1781 1099 1886 Χριστός,
1118 1779 1347 1879 πιστεύομεν.
1385 1778 1475 1863 τινές
1492 1815 1532 1856 10

274 1902 340 2001 μέν
358 1904 434 2002 οῦν,
456 1907 569 1986 καίτοι
588 1912 661 1985 τῶν
678 1907 849 2012 προῦχειν
867 1903 1149 2012 ἀποληφθέντων
1167 1902 1254 1984 ποτὲ
1277 1901 1377 2004 παρὰ
1402 1910 1475 1986 τοῖς

275 2029 434 2112 ἀνοσίοις
459 2034 656 2134 αἱρετικοῖς,
673 2029 948 2132 παραιτούμενοι
966 2035 1131 2132 πονηρῶς
1150 2027 1248 2107 τὸέκ
1268 2030 1331 2125 τῆς
1350 2025 1476 2110 οὐσίας

274 2158 338 2229 τοῦ
366 2156 462 2233 Θεοῦ
492 2157 552 2233 καὶ
583 2153 730 2258 Πατρός
763 2155 955 2255 ὁμολογεῖν
987 2151 1050 2234 τὸν
1077 2151 1178 2250 Υῖὸν,
1209 2150 1267 2231 διά
1298 2183 1337 2230 τε
1369 2158 1475 2229 τοῦτο

276 2277 447 2380 ὑπάρχειν
468 2279 506 2356 ε’ν
528 2280 624 2386 αὐτῷ
652 2276 824 2384 σχετικήν
846 2311 925 2358 τινα
949 2279 1007 2357 καὶ
1033 2277 1074 2356 οὐ
1100 2271 1258 2382 φυσικὴν
1282 2275 1476 2354 ὑπονοοῦσι

241 2397 342 2498 λιτὴν
372 2400 513 2498 ἕνωσιν,
543 2403 603 2480 καὶ
640 2403 683 2500 δὴ
722 2405 780 2481 καὶ
818 2399 1082 2507 γεγραφήκασι,
1112 2397 1158 2478 τά
1187 2402 1226 2478 ἐκ
1256 2402 1320 2498 τῆς
1349 2398 1475 2512 οἰκείας
1494 2425 1533 2486 15

277 2522 498 2625 ἐρευγόμενοι
518 2524 672 2625 γνιόμης,
692 2525 733 2603 οῦ
752 2523 798 2602 τά
817 2524 861 2630 ἐξ
876 2523 1005 2624 Ἀγίου
1025 2522 1243 2620 Πνεῦματος,
1263 2525 1311 2606 ὡς
1335 2521 1477 2622 ε’πείπερ

278 2647 460 2746 ἀγαπᾶται
479 2646 544 2744 μὲν
563 2649 583 2725 ό
601 2647 688 2730 Υἱὸς
705 2646 805 2747 παρὰ
823 2655 887 2725 τοῦ
907 2644 1063 2748 Πατρός,
1083 2648 1208 2753 ἀγαπᾷ
1232 2645 1270 2726 δὲ
1296 2647 1341 2726 αῦ
1366 2641 1477 2725 πάλιν

279 2766 385 2852 αῦτός
413 2769 476 2848 τὸν
497 2770 653 2870 Πατέρα,
678 2767 769 2848 κατά
796 2769 923 2848 τοῦτόν
949 2771 1029 2848 ε’στι
1057 2769 1120 2848 τὸν
1145 2770 1280 2873 τρόπον
1305 2772 1342 2849 έν
1367 2770 1474 2874 αὐτῷ.

280 2893 338 2970 καὶ
366 2889 548 2999 ἀπόδειξιν
575 2889 699 2995 ὥσπερ
727 2891 808 2971 τινά
836 2891 1130 2996 δυσανάτρεπτον
1157 2894 1420 2998 εἶσκομίζουσιν
1445 2895 1477 2969 οὶ

279 3016 510 3122 παράφρονες
528 3013 570 3094 τό
593 3049 632 3096 τε
658 3022 709 3124 τῷ
733 3017 953 3124 προκειμένῳ
971 3015 1249 3120 παρεζευγμένον
1266 3021 1377 3124 ῥητῷ,
1397 3015 1481 3118 περί
1494 3054 1535 3093 ιο

279 3173 318 3219 τε
337 3139 438 3238 ἡμῶν
457 3142 515 3218 καὶ
534 3140 656 3219 αὐτοῦ·
686 3144 744 3220 καὶ
763 3138 807 3238 δή
834 3141 894 3219 καί
917 3147 1012 3248 φασι
1038 3141 1238 3240 καλαμίνην
1256 3139 1381 3244 ὥσπερ
1399 3137 1478 3219 τινὰ

279 3262 417 3368 ῥάβδον
441 3269 518 3346 ταῖς
546 3265 680 3342 ἑαυτῶν
708 3261 981 3364 ὑποστήσαντες
1014 3267 1243 3372 δυσφημιάις,
1272 3264 1327 3344 ότι
1354 3261 1478 3363 ὥσπερ

251 3386 380 3485 οὴμεῖς
407 3389 445 3466 έν
469 3387 566 3493 αὐτῷ
593 3383 680 3465 εἶναι
708 3384 897 3489 λεγόμεθο,
918 3387 1045 3492 ἔχομέν
1068 3421 1106 3467 τε
1135 3388 1244 3468 αὐτὸν
1266 3391 1304 3468 ἐν
1332 3389 1478 3484 ἑαυτοῖς,

111 3133 154 3182 Es.

111 3199 197 3249 xxxvi.
208 3197 232 3248 ⁶.

282 3513 339 3590 καὶ
362 3511 404 3589 οῦ
430 3508 521 3589 κατὰ
546 3506 609 3589 τόν
627 3514 690 3609 τῆς
715 3510 840 3596 οῦσίας
865 3508 978 3613 λόγον
995 3510 1177 3610 ἑνοῦμεθα,
1196 3511 1328 3616 τρόπος
1353 3511 1391 3592 δὲ
1416 3514 1480 3608 τῆς

280 3633 451 3728 ἑνώσεως,
485 3631 578 3713 καθὰ
609 3632 818 3740 πεφύκαμεν
850 3637 995 3737 ἀγαπᾶν
1024 3667 1063 3714 τε
1096 3637 1155 3714 καὶ
1186 3639 1476 3738 ἀνταγαπῦισθαι·
1494 3666 1535 3727 ²5

280 3759 384 3855 οῦτω,
403 3759 508 3863 φησὶ,
527 3759 585 3835 καὶ
614 3757 633 3834 ὁ
659 3755 758 3854 Υἱὸς,
778 3757 842 3836 οῦκ
869 3758 975 3863 εὐτῇ
1004 3757 1112 3865 οὐσίᾳ
1138 3757 1281 3844 πάντως
1308 3761 1388 3838 ἐστὶ
1415 3765 1480 3838 τοῦ

282 3887 379 3962 θεοῦ
406 3885 464 3962 καὶ
487 3878 642 3985 Πατρός,
665 3881 923 3985 διακεκριμένος
947 3879 984 3961 δὲ
1013 3889 1198 3966 παντελῶς
1227 3882 1322 3963 κατά
1346 3916 1389 3984 γε
1416 3880 1480 3962 τὸν

281 4011 345 4107 τῆς
374 4007 519 4113 φύσεως
547 4005 670 4108 λόγον,
693 4009 750 4085 καὶ
779 4005 938 4108 ἑτεροίας
965 4005 1058 4110 ἔχων
1086 4009 1224 4112 κομιδῇ,
1249 4005 1341 4087 κατά
1369 4004 1481 4106 μόνον

281 4129 345 4211 τόν
364 4136 427 4229 τῆς
446 4127 588 4234 ἀγάπης
607 4127 744 4229 θεσμὸν
764 4136 903 4227 νοεῖται,
915 4133 1041 4236 φησὶν,
1053 4133 1091 4209 ἐν
1110 4135 1160 4238 τῷ
1179 4132 1308 4234 Πατρί.
1341 4127 1482 4215 σκοπὸς

282 4257 354 4359 γὰρ
373 4257 502 4354 αὐτοῖς,
522 4251 682 4358 καθάπερ
700 4253 839 4361 ἔφαμεν
856 4256 995 4356 ἀρτίως,
1015 4257 1151 4355 ποίημα
1176 4259 1234 4335 καὶ
1261 4257 1397 4354 κτίσμα
1421 4259 1481 4348 καὶ
1495 4288 1538 4345 30

318 4511 344 4561 η.
362 4496 504 4561 περιποιεῖν
517 4493 548 4548 Ε.
648 4511 688 4547 12.
707 4497 824 4562 πονηρῶς
838 4491 900 4547 RF.
916 4492 966 4547 Ed.
980 4511 1035 4561 mg.
1048 4495 1159 4563 πονηρός
1172 4493 1223 4548 Ed.
1315 4511 1358 4550 21.
1377 4495 1419 4549 καὶ
1431 4494 1482 4550 ult.

282 4575 451 4634 assumptum
464 4583 496 4617 ex
511 4565 541 4617 E.
649 4579 693 4631 25.
711 4564 813 4635 ἀγαπᾶν
825 4561 866 4635 τε]
880 4563 995 4635 ἀγαπᾶτε
1011 4563 1042 4619 E.
