3118 5132
319 335 385 399 378
624 335 662 398 B.
687 333 897 398 CYRILLI
927 331 1217 398 ALEXANDR.
1320 329 1386 395 xiii.
1399 347 1466 414 31,
1488 343 1538 412 3ο

288 503 379 583 baca}
416 496 564 602 σφόδρα
599 497 741 579 πλατὺν
778 496 864 578 ἱέναι
900 497 964 578 τὸν
1001 497 1125 599 λόγον,
1161 503 1234 576 τῶν
1271 495 1401 598 ἀρτίως
1442 493 1539 590 ἡμῖ

321 623 620 724 ἀπηριθμημένων
637 619 863 724 πραγμάτων
881 623 955 701 κατ’
975 621 1076 701 ου’δέν
1094 619 1298 720 ἡττωμένην
1319 615 1386 716 τὴν
1410 615 1539 720 δόξαι

293 744 487 849 ἐχόντων.
527 753 604 830 πῶς
629 746 691 824 οὖν
713 744 784 847 ἀρα
811 743 984 825 λοιπόνό
1011 748 1070 824 καὶ
1096 742 1213 825 πάλαι
1240 739 1537 848 δεδοξασμένον

319 867 445 949 ἑαυτὸν
481 873 556 949 νυνὶ
594 867 813 976 δεδοξάσθαι
850 869 949 976 φησί
961 901 972 966 3
1016 867 1233 974 δεδόξασται
1268 864 1341 968 γάρ
1378 867 1441 942 καὶ
1496 865 1540 940 δι

319 992 458 1095 ἑτέρων,
477 995 536 1073 καὶ
565 999 783 1096 θεοπρεποῦς
809 992 978 1100 ἐξουσίας
1006 991 1194 1096 ὑπόληψιν
1222 991 1313 1094 ἔχων
1341 988 1535 1093 ἐφαίνετο

319 1115 361 1195 τό
386 1115 501 1218 γεμὴν
518 1121 582 1217 τῆς
605 1115 713 1223 δόξης
737 1116 875 1196 τέλειον
897 1119 956 1195 καὶ
981 1119 1045 1215 τῆς
1070 1115 1230 1198 εὐκλείας
1253 1111 1295 1194 τὸ
1320 1115 1469 1212 πλῆρες
1504 1111 1540 1188 ἐι

319 1239 439 1348 ἐκείνιρ
456 1239 601 1325 πάντως
619 1239 673 1341 ἦν,
692 1243 799 1348 ἐντῷ
817 1246 945 1320 παθεῖν
963 1240 1072 1320 αὐτὸν
1090 1238 1178 1340 όπέρ
1202 1242 1266 1336 τῆς
1290 1244 1354 1316 τοῦ
1379 1233 1541 1326 κόσμοι

320 1361 420 1464 ζωῆς,
439 1366 498 1443 καὶ
521 1365 563 1443 δι’
581 1367 710 1444 ’ἑαυτοῦ
734 1367 798 1463 τῆς
824 1362 994 1444 ἁπάντων
1010 1361 1246 1444 ἀναστάσεως
1264 1359 1541 1455 καινοτομῆσαι

292 1485 384 1566 ιτόν
401 1485 547 1589 τρόπον.
587 1485 842 1588 βασανίζοντες
858 1485 931 1589 γὰρ
949 1489 998 1570 ὡς
1016 1487 1066 1565 ἐνι
1084 1491 1205 1568 καλῶς
1227 1491 1291 1564 τοῦ
1315 1483 1391 1561 κατ’
1413 1477 1541 1558 αὑτὸν

319 1611 519 1714 μυστηρίου
555 1608 620 1690 τὸν
649 1609 773 1713 λόγον,
806 1611 874 1716 οὐχ
905 1611 1019 1717 ἑαυτῷ
1050 1609 1171 1714 τυχὸν,
1204 1607 1284 1688 οὐδὲ
1316 1606 1446 1709 κυρίως
1488 1603 1541 1682 δι’

320 1731 446 1812 ἑαυτὸν
463 1739 639 1813 τεθνεῶτα
656 1731 903 1840 κατοψόμεθα,
921 1735 1006 1812 ἀλλ’
1029 1732 1117 1837 ιὀτέρ
1136 1731 1282 1832 ἁπάσης
1300 1735 1364 1830 τῆς
1383 1732 1541 1831 ἀνθρω-

319 1853 474 1956 πότητος
501 1863 628 1937 παθεῖν
649 1890 687 1937 τε
715 1861 774 1938 καὶ
802 1862 947 1960 δρᾶσαι,
964 1856 1007 1936 τό
1030 1891 1068 1937 τε
1095 1855 1211 1942 πάθος
1238 1851 1337 1951 αὐτὸ,
1356 1856 1415 1932 καὶ
1443 1851 1536 1950 μετ’

320 1981 430 2059 ἐκεῖνο
462 1978 528 2080 τὴν
555 1977 770 2061 ἀνάστασιν.
821 1979 966 2081 τέθνηκε
993 1978 1058 2078 μέν
1086 1980 1158 2082 γὰρ
1188 1977 1280 2060 κατὰ
1307 1977 1372 2078 τὴν
1399 1975 1537 2079 σάρκα

319 2107 383 2203 τῆς
409 2103 578 2184 ἁπάντων
595 2104 685 2208 ζωῆς
709 2103 923 2208 ἀντίρῤοπον
944 2102 1010 2204 τὴν
1029 2105 1121 2183 ἰδίαν
1139 2100 1357 2199 ἀποδεικνὺς,
1374 2105 1433 2180 καὶ
1459 2103 1535 2198 τῆς

320 2229 469 2332 ἀρχαίας
497 2229 628 2328 ἐκείνης
656 2231 880 2332 ἀποπληρῶν
907 2229 996 2328 ἀρᾶς
1024 2231 1062 2308 ἐν
1089 2231 1202 2334 ἐαυτῷ
1229 2225 1296 2327 τὴν
1321 2225 1474 2324 δύναμιν
1508 2229 1531 2305 ό

319 2349 466 2431 πάντων
490 2351 667 2458 ἀντάξιος.
707 2352 895 2454 ἐγήγερται
922 2349 960 2430 δέ
988 2350 1101 2432 πάλιν
1128 2353 1167 2432 ἐκ
1196 2358 1330 2454 νεκρῶν
1351 2357 1398 2434 είς
1425 2349 1524 2449 ἀκή-

288 2499 310 2564 d
321 2473 431 2577 ρατόν
449 2508 529 2554 τινα
553 2479 611 2554 καὶ
637 2475 887 2576 ἀκατάληκτον
906 2472 1008 2576 ζωὴν,
1028 2473 1118 2574 όληυ
1137 2478 1174 2555 ἐν
1197 2479 1310 2582 ἑαυτῷ
1334 2473 1527 2558 διανιστάς

322 2596 388 2696 τὴν
416 2597 543 2704 φύσιν.
593 2597 697 2704 ἅπαξ
725 2597 798 2701 γὰρ
828 2597 1030 2696 ἀποθανὼν,
1061 2599 1152 2679 κατὰ
1183 2597 1226 2678 τὸ
1258 2598 1523 2701 γεγραμμένον,

324 2730 346 2767 “
364 2721 478 2799 οὐκέτι
497 2719 729 2820 ἀποθνήσκει·
760 2721 914 2805 θάνατος
938 2723 1048 2802 αὐτοῦ
1073 2721 1187 2802 οόκέτι
1212 2721 1371 2825 κυριεύει.
1410 2719 1524 2823 δγάρ

324 2853 345 2889 “
363 2840 528 2942 ἀπέθανε,
552 2878 597 2949 τη
626 2845 782 2952 ἁμαρτίᾳ
810 2843 985 2924 ἀπέθανεν
1012 2845 1171 2952 ἐφάπαξ,
1198 2844 1218 2925 δ
1247 2845 1284 2926 δέ
1312 2845 1369 2950 ζῇ,
1396 2844 1441 2948 ζῇ
1469 2875 1544 2950 τῳι

323 2976 344 3014 “
363 2967 481 3073 Θεῲ.”
528 2975 635 3047 τοῦτο
676 2971 733 3048 καὶ
770 2968 826 3073 ἐφ’
864 2968 949 3067 ἡμῖν
985 2970 1103 3052 αι’τοῖς
1144 2968 1277 3068 ἀληθὲς
1316 2969 1419 3048 ἐσται
1461 2966 1521 3046 διὰ

321 3089 499 3192 Χριστόν.
538 3091 808 3194 ἐγερθησόμεθα
832 3089 905 3195 γὰρ
929 3091 980 3172 ἔτι
1005 3097 1053 3177 εἷς
1078 3089 1234 3173 θάνατον
1258 3095 1347 3196 οὐχὶ,
1367 3093 1448 3172 ἀλλ’
1470 3096 1521 3174 εἰς

321 3210 413 3316 ζωὴν
431 3213 497 3314 τὴν
515 3215 725 3317 ἀπέραντον,
743 3222 773 3295 εἰ
798 3219 857 3295 καὶ
881 3214 1007 3316 πολλὴ
1032 3215 1122 3314 μετὰ
1146 3225 1253 3297 τοῦτο
1274 3223 1347 3296 τῶν
1364 3217 1515 3294 ἀνιστα-

321 3338 437 3434 μένων
465 3339 487 3438 ἡ
516 3337 682 3445 διαφορὰ,
705 3337 797 3419 κατά
824 3375 866 3442 γε
892 3338 934 3420 τό
962 3341 1000 3419 ἐν
1027 3339 1117 3446 δόξη
1145 3343 1249 3446 φημὶ,
1272 3343 1329 3420 καὶ
1357 3338 1422 3439 τὴν
1444 3343 1517 3420 τοῖς

322 3459 477 3540 ἑκάστου
495 3461 640 3565 τρόποις
659 3464 954 3567 χρεωστουμένην
972 3465 1167 3544 ἀντίδοσιν.
1198 3461 1386 3567 γενόμενος
1402 3463 1517 3542 τοίνυν
1533 3489 1544 3528 ²

156 3591 260 3724 ξ13111
325 3581 794 3692 11όιτήκοοςτῷθεῴκαὶ
824 3589 943 3690 Πατρῖ
971 3587 1076 3692 μέχρι
1104 3586 1270 3685 θανάτου,
1298 3583 1451 3666 θανάτου
1478 3582 1514 3663 δέ

173 3695 180 3717 ’
295 3715 346 3787 ο“
364 3707 555 3808 σταυροῦ,”
571 3706 662 3786 κατὰ
680 3705 746 3806 τὴν
761 3717 825 3790 τοῦ
845 3709 999 3791 Παύλου
1018 3709 1152 3816 φωνὴν,
1170 3709 1389 3816 ι’πτερυψιόθη
1407 3707 1514 3789 πάλιν

323 3826 451 3924 λαβὼν
482 3827 525 3910 τό
558 3828 672 3929 ὄνομα
703 3829 745 3912 τό
779 3831 867 3936 ὑπὲρ
899 3841 973 3914 πᾶν
1005 3834 1129 3934 ὄνομα.
1180 3836 1200 3913 ό
1232 3832 1305 3937 γὰρ
1339 3833 1513 3932 νομισθεὶς

322 3953 511 4057 ἅνθρωπος
535 3951 623 4034 εἶναι
648 3955 772 4061 ψιλὸς,
796 3957 1070 4065 ὑπερεδοξάσθη
1094 3958 1189 4056 λίαν,
1208 3955 1302 4041 Θεὸς
1327 3955 1436 4040 ὅντως
1457 3955 1511 4034 καὶ

321 4077 410 4162 Υἱὸς
428 4085 492 4158 τοῦ
512 4083 608 4159 θεοῦ
627 4077 718 4160 κατὰ
735 4078 908 4179 ἀλήθειαν
927 4081 1227 4183 ἀναδεδειγμένος,
1247 4082 1311 4160 οὐκ
1329 4085 1378 4164 εἰς
1400 4077 1510 4158 καινὸν
1524 4103 1544 4160 3⁴

322 4201 465 4308 ἀξίωμα
489 4202 703 4303 κεκλημένος
731 4201 773 4282 τδ
802 4199 890 4283 εἶναι
918 4206 1028 4311 φύσει
1053 4202 1157 4303 Θεὸς,
1180 4205 1265 4284 ἀλλ’
1286 4210 1334 4288 εἰς
1362 4202 1446 4307 ὅπερ
1470 4199 1510 4302 ἦν

155 2715 229 2766 Rom.
236 2714 270 2766 vi.

156 2796 181 2846 9,
191 2795 229 2830 10.

358 4437 401 4492 23·
419 4421 507 4490 πολλὴ
521 4421 553 4477 Ε.
565 4423 634 4478 πολὺ
647 4421 698 4477 Ed.
771 4421 814 4478 26.
833 4421 943 4478 θανάτου
955 4421 1014 4548 alt}
1028 4423 1129 4496 θανάτῳ
1143 4423 1175 4478 E.
1249 4422 1509 4496 28-p.379,2eitat

322 4491 442 4545 collectio
454 4493 666 4549 testimoniorum
675 4494 732 4566 jam
743 4510 822 4566 saepe
834 4493 879 4549 eit.
894 4492 995 4564 (coda
1015 4493 1043 4550 d.
1059 4507 1155 4566 14533,
1168 4493 1214 4550 sol.
1227 4513 1244 4562 4
1257 4495 1296 4564 v).
1375 4511 1418 4566 30.
1435 4487 1506 4560 θεοῦ]

322 4565 341 4590 “
350 4559 493 4618 λοιαίοἰι”
507 4561 565 4634 Syr.
