3274 5118
313 317 378 381 606
616 319 656 384 Β.
679 319 888 385 GYRILLI
919 319 1208 384 ALEXANDR.
1325 318 1446 394 xv.26,
1461 335 1521 396 27.

313 481 511 581 κακόνοιαν,
529 483 764 589 προειρηκότα
792 484 829 566 δὲ
854 491 999 584 μᾶλλον
1023 487 1082 564 καὶ
1109 484 1164 564 ὅτι
1192 482 1257 582 μὲν
1284 483 1388 562 ἔσται
1418 514 1518 581 προ·

313 603 505 706 εγνωκότσ,
524 607 739 712 κεχρημένον
763 607 877 710 γεμὴν
900 607 1092 711 ἡμερότητί
1113 641 1152 687 τε
1181 610 1239 686 καὶ
1268 605 1520 710 ἀμνησικακιίρ

313 735 516 832 θεοπρεπεῖ.
553 731 782 834 παρατέθεικε
802 731 874 834 γὰρ
899 735 957 813 καὶ
976 731 1224 831 ἀκαθηκόντως
1244 732 1356 813 οὕτως
1374 733 1514 808 διακει-

311 853 428 951 μένοις
451 851 516 934 τόν
534 861 583 938 είς
606 856 788 958 σωτηρίαν
806 864 988 935 καλοῦντα
1014 853 1137 956 λόγον,
1156 853 1247 956 πρὸς
1265 852 1307 932 τὸ
1330 854 1389 930 καὶ
1416 849 1512 929 θαύ-

278 997 405 1073 υμασι
431 985 603 1074 βεβαιοῦν
621 983 685 1078 τῆς
712 984 761 1063 είς
788 977 897 1058 αὑτὸν
914 979 1071 1062 πίστεως
1097 977 1163 1077 τὴν
1182 975 1389 1077 ὁμολογίαν,
1410 973 1550 1074 είπερ5

311 1097 400 1184 τινὲς
427 1099 525 1201 ἦσαν
543 1105 672 1204 ἀγαθοὶ
697 1106 755 1182 καὶ
783 1103 1018 1204 εὐγνώμονες,
1052 1105 1189 1209 ὠφελεῖ
1209 1099 1246 1180 δὲ
1264 1099 1415 1206 σφόδρα
1441 1100 1516 1176 κάν

311 1223 426 1331 τοότιρ
462 1223 546 1310 τοῦς
580 1225 753 1325 μαθητὰς,
785 1227 829 1306 ἵν’
864 1225 1117 1326 ἀμνησικάκως
1153 1227 1212 1304 καὶ
1247 1230 1320 1306 τοῖς
1355 1220 1516 1322 ὑβρίζειν

311 1347 438 1432 αὐτοῦς
459 1352 678 1454 ἐπιχειροῦσι
696 1347 760 1429 τόν
784 1353 848 1449 τῆς
865 1350 1046 1450 σωτηρίας
1070 1349 1286 1449 προτείνωσι
1304 1343 1429 1445 λόγον,
1450 1347 1514 1424 καὶ

310 1474 385 1550 κατ’
405 1470 493 1552 αὑτό
512 1473 555 1573 δὴ
574 1482 680 1554 τοῦτο
697 1475 774 1553 κατ’
794 1474 892 1578 ίχνος
916 1471 1027 1556 ἰόντες
1050 1471 1235 1578 φαίνοιντο
1262 1475 1326 1570 τῆς
1353 1473 1391 1548 ἐν
1410 1471 1514 1573 αὐτῷ

309 1599 368 1675 καὶ
399 1596 531 1704 πρότιρ
569 1596 833 1702 διαλαμφιίσης
864 1601 1001 1700 ἀρετῆς.
1053 1597 1086 1676 εἴ
1118 1631 1153 1675 τι
1182 1595 1254 1697 γὰρ
1286 1592 1437 1696 ἀγαθὸν,
1472 1596 1512 1672 ἐν
1531 1625 1571 1667 ιο

308 1719 441 1827 πρώτῳ
459 1725 611 1828 Χριστῷ
638 1724 696 1800 καὶ
723 1722 780 1826 ἐφ’
808 1722 911 1820 ἡμᾶς,
936 1724 996 1800 καὶ
1023 1721 1068 1828 ἐξ
1092 1722 1201 1800 αὐτοῦ
1230 1718 1364 1820 διέρπει
1385 1716 1512 1796 πάντα

308 1839 355 1919 τθι
381 1841 581 1924 κάλλιστα.

258 2066 408 2191 ιὲὊταν
438 2117 472 2182 δὲ
503 2117 584 2208 ἔλθη
613 2121 631 2187 ὁ
661 2120 872 2208 παράκλητος
904 2121 942 2186 ὂν
972 2119 1039 2194 esd>
1070 2121 1191 2199 πέμψω
1222 2113 1295 2195 ὑμῖν
1324 2119 1414 2206 παρὰ
1448 2125 1507 2182 τοῦ

358 2243 497 2344 Πατρός,
529 2243 566 2310 τὸ
598 2251 724 2321 πνεῦμα
756 2247 815 2310 τῦς
844 2244 999 2310 ἀλαθείας
1031 2247 1050 2312 ὃ
1081 2243 1170 2332 παρὰ
1203 2249 1259 2310 τοῦ
1290 2243 1422 2332 Πατρός
1453 2244 1509 2308 ὲκ-

258 2390 293 2452 27
360 2371 543 2456 πορεύεται,
563 2366 690 2434 ἐκεῖνος
713 2371 914 2458 μαρτυρήσει
938 2370 1012 2460 περί
1039 2372 1131 2446 ἐμοῦ·
1160 2370 1213 2434 καί
1240 2365 1331 2446 ὑμεῖς
1358 2368 1393 2435 δὲ
1422 2391 1505 2457 μαρ·
1525 2393 1562 2452 15

357 2491 493 2582 τυρεῑτε,
520 2496 570 2561 ὅτι
597 2495 648 2559 ἀπ’
680 2497 783 2584 ἀρχιῖς
809 2497 874 2573 μετ’
905 2497 985 2572 ἐμοῦ
1012 2497 1098 2564 ἑοτε.

140 2683 224 2796 ξὲρτὲ
368 2669 611 2763 Μεμισῆσθαι
637 2666 754 2769 λέγων
772 2665 898 2747 ἑαυτόν
916 2702 954 2748 τε
980 2671 1038 2747 καὶ
1064 2667 1128 2746 τὸν
1147 2667 1295 2770 Πατέρα
1315 2663 1415 2768 παρὰ
1433 2671 1508 2744 τιῦν

141 2761 248 2886 lb.’25.⁴'
311 2788 496 2868 ἀσυνέτων
523 2789 715 2888 Ἰουδαίων,
743 2793 801 2869 καὶ
828 2799 934 2870 τοῦτο
961 2790 1097 2895 δωρεὰν
1124 2795 1183 2871 καὶ
1209 2792 1261 2870 ἐπ’
1292 2791 1405 2869 οὐδενὶ
1434 2796 1508 2868 τῶν

311 2911 464 3009 εἰκότων,
483 2911 773 3016 συμπαρεισοίγει
791 2913 833 2993 τὸ
853 2920 1001 3012 Πνεῦμα
1026 2913 1224 3019 χρησίμως,
1249 2915 1339 3012 ὁμοῦ
1361 2915 1419 2992 καὶ
1441 2918 1507 3011 τῆς

278 3039 416 3138 ἆὰγίας
444 3037 599 3140 Τριόδος
632 3037 699 3137 τὴν
727 3035 988 3140 ἀναπλήρωσιν
1020 3041 1176 3137 ἐμποιῶν
1207 3044 1259 3145 τῷ
1293 3035 1414 3143 Λόγῳ,
1446 3039 1507 3116 καὶ
1521 3081 1558 3120 ιο

311 3158 399 3241 αὐτὸ
432 3160 470 3241 δὲ
503 3159 637 3245 δεικνῦς
669 3162 995 3261 συνητιμασμένον,
1027 3162 1086 3240 ἵνα
1121 3158 1332 3262 ὁλοκλήρως
1359 3163 1396 3239 ἐν
1427 3163 1507 3264 Υίῷ

311 3282 606 3391 πεπαριρνηκότες
618 3284 835 3387 ἐλέγχωνται
850 3291 923 3364 τῶν
935 3281 1152 3390 παραδόξων
1171 3288 1204 3363 οἱ
1221 3286 1346 3385 θεωροὶ
1366 3283 1424 3361 καὶ
1442 3287 1507 3381 τῆς

311 3405 481 3486 ἀνωτάτω
508 3414 640 3486 πασῶν
659 3408 783 3491 οῦσίας
808 3405 874 3507 τὴν
901 3410 1012 3491 οῦτως
1032 3411 1197 3512 ὑπερφυᾶ
1224 3407 1506 3509 καθυβρίσαντες

311 3530 471 3627 δύναμιν,
505 3531 547 3608 δι’
582 3527 633 3609 ὧν
664 3532 731 3634 οὐχ
760 3529 857 3614 ὅπως
886 3530 1157 3635 παραδέχεσθαι
1194 3533 1268 3609 δεῖν
1299 3526 1413 3637 ᾤοντο
1442 3527 1506 3609 τὸν

311 3650 486 3754 Χριστὸν,
522 3653 638 3733 καίτοι
674 3663 980 3756 τερατουργοῦντα
1016 3654 1127 3760 ξένως
1168 3660 1216 3737 είς
1252 3654 1506 3758 πληροφορίαν
1520 3702 1556 3762 25

311 3777 440 3874 αὐτῶν,
471 3777 555 3854 ἀλλ’
591 3773 642 3854 ὧν
672 3775 740 3875 ἤδη
773 3774 981 3879 δεδράκασι·
1026 3775 1321 3876 δεδυσσεβήκασι
1352 3775 1425 3879 γὰρ
1457 3783 1505 3862 εἰς

276 3981 280 3987 ,
310 3898 431 3995 αὐτὸν,
461 3896 485 3979 ἃ
513 3902 571 3979 καί
598 3897 709 3997 μόνον
737 3901 836 3978 ἐστὶν
864 3901 1032 4000 ἐννοῆσαι
1060 3897 1219 4007 φρικτόν.
1263 3901 1385 3998 καίτοι,
1415 3901 1505 4006 φαίη

310 4023 382 4127 γὰρ
419 4024 464 4104 όίν
498 4059 551 4108 τις
583 4019 703 4128 τυχὸν,
736 4019 765 4100 ὦ
797 4021 992 4130 παρόφρον
1023 4025 1185 4121 Ἰουδαῖε,
1220 4020 1413 4122 θαυμάτων
1443 4059 1506 4104 σοι

345 4297 371 4345 4.
389 4273 432 4346 τὸ]
446 4275 562 4400 τφῖΗΕΕΞᾱ
575 4361 632 4414 ωε,
643 4342 685 4400 ἵνα
693 4289 718 4346 7.
736 4275 798 4331 τοὺς
808 4275 922 4345 μαθητὰς
935 4277 967 4332 Ε.
979 4280 1034 4335 ταῖς
1045 4277 1169 4347 μαθηταῖς
1182 4276 1233 4331 Ed.
1271 4277 1368 4331 Statim
1380 4275 1412 4332 ἵν’
1425 4277 1504 4346 ἀμνη-

308 4347 456 4404 σικθκωςΕ
509 4417 515 4435 ,
649 4419 660 4432 .
696 4347 858 4415 μνησικάκως
871 4347 922 4401 Εθ.
1127 4364 1167 4402 10.
1186 4351 1279 4439 πρώτη
1293 4347 1324 4401 Ε.
1336 4351 1440 4436 πρώτης
1452 4349 1504 4405 Ed.

311 4436 351 4489 13.
370 4417 415 4472 οῦν
427 4435 475 4488 pro
487 4417 515 4471 δι
529 4416 561 4470 Ε.
614 4437 661 4469 του
673 4429 844 4485 assumptum
857 4435 889 4470 ex
904 4417 935 4472 E.
1184 4435 1227 4472 21.
1247 4419 1309 4472 υυτὸ
1323 4417 1437 4472 Ε.οῦτιυ
1452 4419 1504 4474 Ed.

305 4487 528 4612 ἰιρνυιιῙτγτιμοσριι’νον
547 4485 1040 4628 ΙέΒΕφαὲχροφνέηᾙρμρχρέἷυέἒ.
1060 4488 1297 4558 συνητοιμασμίνον
1316 4487 1368 4542 Ed.
1406 4475 1503 4544 Statim
