3184 5104
403 309 446 372 98
706 311 745 375 B.
770 307 983 375 OYRILLI
1011 307 1300 374 ALEXANDR.
1474 329 1487 370 ς

404 471 513 572 αὐτῆς
536 473 763 575 ἐπιπηδήσας
788 473 953 572 θάνατος,
971 477 1028 554 καὶ
1054 475 1143 575 αὕτη
1168 473 1234 574 μὲν
1258 472 1280 572 ἡ
1304 479 1369 553 τοῦ
1394 469 1487 574 πρά)

404 595 539 702 διδάξει
559 596 682 702 φύσις,
701 603 876 704 σαφηνιεῖ
891 597 928 678 δὲ
946 597 1048 678 οὐδὲν
1065 597 1173 697 ἦττον
1191 599 1249 677 καὶ
1267 595 1309 677 τό
1328 603 1393 675 τοῦ
1414 629 1487 675 παν

236 733 358 798 θεοὺς·
405 723 645 818 Σολομῶντος
664 718 791 821 λόγιον
809 721 892 826 ἕχον
910 721 977 801 ῶδί
992 732 1014 769 “
1025 721 1075 800 ‘O
1090 719 1184 806 Θεός
1201 717 1356 802 θάνατον
1370 721 1435 798 οὐκ
1454 721 1487 798 ἐπ

235 857 274 907 1b.
282 859 307 908 ii·
320 871 358 922 ²4·
406 851 427 889 “
446 840 570 951 φθόνῳ
597 842 634 924 δὲ
658 841 833 939 διαβόλου
856 841 1010 927 θάνατος
1029 847 1198 942 εἰσῆλθεν
1217 849 1264 926 είς
1283 841 1347 922 τὸν
1366 841 1487 939 κόσμο

404 963 543 1050 τούτοις
570 966 635 1066 μέν
662 964 709 1046 τὰ
738 966 870 1046 ἐκείνου
900 973 1044 1071 σαφῶς·
1090 964 1249 1069 δεύτερος
1283 963 1321 1044 δέ
1353 966 1374 1044 ὁ
1406 966 1487 1044 Κοίῖι

405 1089 527 1169 εἰσίτω
560 1092 619 1170 καὶ
656 1088 798 1170 ἑστάτω
836 1088 980 1170 λοιπόν.
1024 1088 1069 1190 ἦν
1098 1089 1164 1188 μὲν
1196 1087 1269 1193 γάρ
1304 1086 1487 1191 πρωτότοι

406 1211 528 1312 Ἀδάμ
555 1211 713 1315 γηπόνος
741 1210 784 1293 τό
811 1211 1036 1314 ἐπιτήδευμα,
1066 1212 1226 1316 δεύτερος
1256 1211 1310 1293 ἐπ’
1337 1214 1435 1319 αὐτῷ
1466 1247 1487 1314 γ

377 1333 534 1434 θἈβελ,
567 1339 652 1416 ἀλλ’
686 1333 732 1436 ἧν
764 1335 960 1439 προβάτων
991 1337 1138 1437 ποιμήν.
1183 1333 1303 1435 ἐπειδὴ
1336 1335 1374 1414 δὲ
1411 1371 1487 1438 προ

407 1458 534 1544 αότοὺς
566 1461 698 1540 θυσίαν
724 1467 776 1567 τῷ
806 1466 889 1568 Θεῷ
923 1460 1031 1560 νόμος
1063 1459 1183 1540 ἐκάλει
1218 1457 1384 1566 φυσικὸς,
1414 1463 1487 1538 οἱδιί

406 1583 548 1666 ἐντιθεὶς
573 1579 639 1682 τὴν
660 1593 725 1664 τοῦ
751 1583 1085 1686 δημιουργήσαντος
1109 1590 1261 1686 γνῶσιν·
1295 1584 1487 1684 ε’νέσπαρτι

407 1707 466 1784 καὶ
503 1705 692 1787 ε’ντέθειται
727 1715 773 1814 τῇ
810 1707 922 1814 φύσει
958 1707 1059 1810 παρὰ
1096 1714 1192 1788 Θεοῦ
1227 1705 1347 1788 πάντα
1385 1705 1432 1787 τὰ
1475 1743 1487 1784 ι

257 1933 263 1946 ἱ
407 1827 644 1934 προσεκόμιζε
669 1829 735 1929 μὲν
754 1833 773 1910 ὁ
793 1841 815 1878 “
831 1830 925 1912 Κάῖν
945 1830 1017 1912 ἀπὸ
1042 1839 1116 1912 τῶν
1138 1835 1286 1935 καρπῶν
1308 1835 1373 1930 τῆς
1399 1832 1486 1931 γῆςξ

307 2007 348 2028 -.
407 1953 620 2056 γέγραπται,
642 1953 743 2034 ἀλλὰ
761 1965 783 2002 “
797 1958 855 2035 καὶ
877 1952 1001 2051 Ἀβελ
1022 1956 1169 2058 ἤνεγκεν
1187 1955 1260 2036 άπὸ
1282 1961 1355 2036 τῶν
1372 1989 1487 2056 πρωτε

408 2085 430 2124 “
448 2083 522 2156 τῶν
538 2076 733 2182 προβάτων
756 2081 814 2158 καὶ
843 2075 916 2160 αἰπό
944 2086 1016 2160 τῶν
1040 2078 1203 2159 στεοίτων
1224 2080 1354 2160 αὐτῶν.
1395 2081 1451 2158 καὶ
1477 2085 1487 2156 ε

409 2211 430 2249 “
449 2202 469 2280 ὁ
489 2201 582 2285 Θεὸς
600 2203 658 2282 ε’πὶ
679 2198 804 2295 Ἀβελ
822 2205 881 2282 καὶ
903 2205 961 2283 ε’πὶ
987 2209 1060 2286 τοῖς
1087 2203 1212 2306 δώροις
1230 2204 1352 2282 αὐτοῦ·
1383 2204 1440 2283 ἐπὶ
1458 2201 1487 2282 διΙ

409 2335 430 2371 “
450 2327 509 2404 καὶ
528 2327 585 2406 ε’πί
603 2331 681 2410 ταῖς
700 2325 842 2408 θυσίαις
860 2327 969 2406 αὐτοῦ
988 2327 1029 2406 οὐ
1048 2327 1249 2432 προσέσχε.
1290 2329 1350 2407 καὶ
1367 2326 1487 2427 ε’λιίπηι

240 2460 355 2519 56η
378 2457 432 2514 ⁸“
454 2448 548 2528 Κάῖν
567 2450 651 2528 λίαν
668 2452 727 2529 καὶ
745 2447 922 2529 συνέπεσε
949 2453 1001 2556 τῷ
1025 2450 1225 2559 προσώπῳ.
1267 2455 1325 2531 καὶ
1344 2449 1418 2532 εἷπε
1439 2457 1487 2530 Κι

408 2583 431 2620 “
451 2571 544 2656 Θεὸς
564 2579 615 2680 τῷ
637 2570 731 2653 Κάῖν
744 2571 825 2653 Ἵνα
848 2573 886 2653 τί
907 2575 1106 2676 περίλυπος
1124 2575 1256 2676 ἐγένου,
1276 2577 1334 2654 καὶ
1360 2575 1417 2654 ἵνα
1442 2575 1480 2652 τί

409 2707 431 2744 “
449 2732 540 2778 πεσε
572 2695 614 2778 τό
646 2697 848 2799 πρόσωπόν
878 2730 976 2794 σου;
1018 2702 1083 2778 οὐκ
1115 2697 1177 2777 ε’διν
1208 2699 1324 2801 ὀρθῶς
1353 2731 1486 2800 προσευ

409 2831 431 2870 “
450 2823 566 2924 ὀρθῶς
589 2821 626 2901 δὲ
651 2820 701 2921 μὴ
728 2819 860 2927 διέλῃς,
880 2822 1057 2924 ήμαρτες;
1089 2820 1316 2926 ἡσθχασον.”
1346 2818 1420 2900 εἶτα
1437 2856 1486 2923 πρ

240 2983 280 3032 1b.
296 2995 319 3046 7-
403 2943 528 3038 ’Ἅβελ
547 2957 568 2992 “
581 2944 682 3048 Πρὸς
700 2943 745 3025 σέ
765 2945 786 3044 ἡ
806 2943 1026 3050 ἀποστροφὴ
1046 2947 1164 3042 αὐτοῦ,
1184 2948 1242 3025 καὶ
1262 2943 1312 3025 σὺ
1331 2944 1449 3052 ἄρξεις
1469 2981 1486 3023 α

410 3071 539 3150 οὐκοῦν
563 3071 582 3149 ὃ
607 3067 673 3167 μέν
695 3065 789 3148 Κάῖν
811 3067 988 3172 ἠλέγχετο
1017 3067 1145 3148 διελὼν
1168 3070 1231 3149 οὐκ
1260 3071 1374 3173 ὀρθῶς
1401 3069 1442 3148 τὸ
1469 3105 1485 3149 π

410 3192 546 3297 νεχθὲν,
566 3194 720 3273 ἐπαίνων
739 3190 777 3272 δὲ
795 3193 854 3271 καὶ
872 3195 976 3292 τιμῆς
992 3191 1138 3298 ἠξιοῦτο
1161 3193 1303 3278 δικαίως
1328 3195 1348 3273 ὁ
1369 3191 1485 3286 Ἀβελ

410 3320 469 3398 καὶ
505 3315 624 3424 τροφὴ
663 3315 801 3423 φθόνου
833 3321 885 3422 τῷ
920 3313 1014 3396 Κτίῖν
1045 3317 1191 3417 ἐγίνετο.
1244 3317 1485 3422 ἁπετραχιίνετ

376 3441 500 3544 διερὸς
518 3441 690 3548 ἐλέγχους
709 3438 792 3524 τοὺς
811 3439 1102 3545 σωφρονίζοντας
1120 3439 1280 3544 καθάπερ
1300 3443 1320 3520 ὁ
1341 3447 1485 3524 Σατανᾶ]

410 3561 475 3652 τὸν
512 3565 635 3645 ἄδικον
672 3561 852 3663 ῶδινήσας
889 3562 1038 3668 Φθόνον,
1076 3563 1236 3668 καθάπερ
1273 3565 1469 3669 εἰρήκαμεν,

409 3686 548 3789 μέτεισι
575 3685 639 3767 τὸν
665 3684 837 3791 ἀδελφὸν,
866 3684 930 3767 τὸν
957 3685 1104 3766 αἰνόσιον
1132 3687 1200 3789 ἤδη
1227 3687 1429 3789 μελετήσας
1456 3697 1484 3792 φ

312 3869 318 3880 ·
410 3821 432 3858 “
453 3807 544 3892 Εἶπε
576 3807 659 3914 γὰρ,
687 3813 793 3915 φησὶ,
826 3807 920 3890 Κάῖν
947 3809 1039 3912 πρὸς
1064 3809 1189 3907 Ἀβελ
1220 3809 1284 3892 τὸν
1312 3810 1470 3919 ἀδελφὸν

411 3947 432 3984 “
450 3937 664 4034 Διέλθωμεν
683 3933 727 4032 δὴ
747 3941 795 4018 είς
812 3933 854 4014 τὸ
873 3935 996 4014 πεδίον
1015 3934 1259 4016 ἄλλατούτου
1277 3933 1484 4033 βέλτιον,”λ

410 4061 468 4138 καὶ
496 4059 657 4162 καθάπερ
686 4058 744 4138 ἐπὶ
775 4059 904 4162 τέρψιν
932 4056 1012 4138 τινὰ
1041 4062 1100 4139 καὶ
1130 4056 1246 4164 χλόην
1273 4057 1337 4139 τὸν
1364 4057 1461 4140 οὐδὲν

446 4279 472 4326 4.
491 4261 527 4316 εἷς
538 4261 584 4315 τὸν
596 4261 695 4330 κόσμον
706 4260 814 4330 είσῆλθε
826 4261 932 4316 inverso
943 4260 1039 4317 ordine
1051 4279 1075 4317 a.
1146 4261 1172 4316 6.
1191 4263 1292 4318 ε’στᾶτω
1306 4263 1338 4317 Β.
1352 4259 1435 4331 στήτω
1450 4261 1483 4316 Η(

409 4346 436 4398 9.
455 4329 548 4386 αὐτοὺς
560 4331 653 4385 θυσίαν
665 4331 717 4386 hoc
729 4331 823 4385 ordine
837 4331 870 4384 B.
993 4349 1034 4388 10.
1086 4337 1151 4387 ῶσιν
1163 4333 1243 4388 edidi.
1256 4334 1340 4404 φύσιν
1351 4337 1405 4402 ἤτοι
1417 4337 1483 4404 γνῶσ

409 4413 456 4464 ρετ
474 4398 638 4454 additionem
656 4407 688 4454 ut
706 4419 784 4469 saepe
802 4401 865 4455 alibi
884 4403 1032 4474 corrigens)
1072 4405 1143 4458 .Ht.
1156 4403 1264 4459 σύνεσιν
1275 4407 1332 4474 ἤτοι
1347 4409 1441 4476 γνῶσιν
1452 4421 1483 4457 επ

409 4463 481 4518 Aub.
542 4533 547 4544 ¹
614 4483 655 4536 15.
673 4472 727 4524 τοῖς
740 4471 832 4536 δώροις
847 4471 878 4524 Β.
891 4473 1006 4542 τδδῶρα
1019 4473 1069 4528 Ht.
1083 4474 1133 4530 Ed.
1262 4492 1305 4547 23.
1323 4473 1406 4546 τιμῆς]
1426 4475 1483 4538 ψοί

408 4531 562 4585 emendant
576 4534 625 4587 Ht.
639 4547 765 4591 neutrum
778 4539 857 4594 habet
871 4539 922 4594 Ed.
961 4548 979 4573 “
989 4543 1061 4598 Fon.
1073 4544 1141 4600 οὗν”
1156 4543 1256 4616 Heyse.
