3118 5132
52 307 219 396 663632.
324 313 389 378 IN
423 309 464 383 ἵ.
486 315 747 381 JOANNEM.
792 314 889 380 LIB.
913 313 974 380 1x.
1185 308 1250 372 37⁷

50 472 202 572 Μίῐῑῑ
223 476 270 556 τὸ
297 475 414 581 ἅγιον
439 485 517 564 ταῖς
544 483 640 578 κυσὶ,
659 479 750 560 κατὰ
777 477 844 580 τὴν
868 479 977 560 aimo
1005 475 1141 584 φωνὴν,
1160 474 1278 554 ἀλλό

51 595 110 674 αἱδί
141 605 218 682 τοῖς
258 603 338 681 ύῶν
378 602 633 706 ε’νυβρίζεσθαι
669 606 758 684 ποσὶ
793 600 876 688 τούς
912 601 1135 705 μαργαρίτας
1170 600 1244 676 ε’ᾶν.

52 719 117 820 3¹6¹
141 724 207 802 οὖν
231 724 310 829 ἔφη
341 729 409 806 καὶ
437 725 625 830 πρότερον,
647 731 695 812 ὡς
722 729 760 807 έν
784 727 866 808 είδει
891 728 1117 828 παραβολῆς,
1142 729 1248 803 τοῦτο

54 852 190 944 πειρᾶται
217 849 421 930 διδάσκειν
451 859 575 954 καιροῦ
604 859 800 934 καλοῦντος
827 855 875 936 είς
906 848 1013 952 ἔργον
1039 849 1098 927 καὶ
1125 851 1243 951 σαφε-

39 969 164 1064 επέραν
181 973 382 1080 ἐπίδειξιν.
424 973 517 1072 μετὰ
534 975 654 1055 τοίνυν
670 983 734 1055 τοῦ
755 972 934 1077 προδότου
955 969 1022 1072 τὴν
1039 967 1248 1050 ἀπόστασιν

57 1095 98 1168 m*
120 1097 181 1190 τῆς
207 1097 343 1181 ἑστίαις
375 1096 446 1196 τὴν
469 1097 687 1202 ἀποδραμῆν,
707 1081 952 1178 ἀνακαινοῦται
980 1093 1119 1190 λοιπὸν,
1138 1095 1187 1177 ὡς
1210 1095 1248 1172 έν

59 1223 144 1322 σιρῷ
161 1223 213 1326 τῷ
230 1221 434 1321 πρέποντι,
453 1229 527 1306 τοῖς
545 1223 707 1324 γνησίοις
723 1228 798 1301 τῶν
816 1225 985 1323 μαθητῶν
1003 1216 1049 1297 τὰ
1066 1213 1249 1319 μυστήρια

59 1341 101 1416 πί
114 1347 204 1444 φησι
223 1347 299 1424 NG,
320 1340 489 1452 ἐδοξάσθη
508 1353 523 1427 6
542 1345 608 1431 665
626 1348 682 1426 τού
700 1343 876 1452 ιἰιθριίπιυ·
906 1346 965 1424 καὶ
990 1343 1156 1442 σημαίνει
1181 1336 1248 1438 μέν

60 1463 100 1538 66
113 1465 239 1546 τούτου
257 1467 305 1548 τὸ
327 1467 516 1572 σωτήριον
531 1468 658 1567 πάθος,
677 1473 724 1552 ὡς
743 1465 785 1548 ὂν
803 1469 860 1548 ε’πὶ
886 1465 1009 1570 θύραις
1034 1498 1073 1544 τε
1097 1465 1155 1544 καὶ
1179 1463 1283 1564 ἤδηδ

34 1587 288 1688 ιιπρεσόμενον
319 1589 418 1690 μετὰ
445 1593 576 1698 βραχύ.
614 1591 833 1700 δεδοξάσθαι
865 1589 977 1694 γεμῆν
1005 1586 1069 1669 τὸν
1096 1587 1165 1668 υίιν
1193 1589 1248 1667 τιῧ

59 1709 197 1816 ὶθμίπιυ
230 1717 373 1822 φησὶν,
404 1717 472 1822 οὐχ
508 1714 627 1820 ἕτερόν
655 1750 736 1797 τινα
772 1714 892 1818 λέγων
923 1714 1006 1816 παρ’
1038 1710 1173 1809 ἑαυτὸν,
1206 1712 1248 1790 ού

59 1836 265 1937 δῆρημᾶιως,
285 1837 459 1942 καθάπερ
483 1839 588 1946 ἔδοξέ
607 1873 716 1920 τισιν·
748 1836 798 1923 εἶς
822 1835 894 1940 γὰρ
910 1835 999 1920 Υἱὸς
1023 1837 1043 1916 6
1067 1833 1244 1938 Χριστὸς,

57 1960 99 2036 τοί
112 1960 180 2062 τρὸ
198 1960 352 2065 σαρκὸς
372 1967 432 2042 καὶ
450 1961 542 2063 μετὰ
559 1962 706 2067 σαρκὸς,
718 1966 775 2044 καὶ
794 1965 880 2064 πρὶν
898 1961 1086 2064 ἅνθρωπος
1103 1959 1248 2061 γένηται

56 2085 118 2161 σθ’
136 2086 243 2184 ῆμᾶς,
262 2091 329 2166 καὶ
355 2085 416 2166 ὅτε
441 2085 587 2192 γέγονεν
605 2088 804 2191 ἅνθρωπος.
843 2083 886 2166 τὸ
910 2084 947 2166 δέ
973 2084 1070 2169 ὅπως
1095 2082 1243 2188 δεδοξά-

29 2215 123 2293 ῑῑσθαι
141 2211 422 2316 διισχυρίζεται,
441 2209 616 2314 ζητητέον·
646 2219 752 2316 φαῖεν
774 2209 846 2314 γὰρ
875 2210 964 2294 ἴσως
991 2207 1083 2292 τινές
1100 2205 1155 2286 Ἣ
1175 2203 1248 2308 γὰρ

56 2333 113 2436 οίγὶ
132 2339 191 2415 καὶ
215 2332 406 2437 πρότερον
423 2342 662 2437 τεραταποιεῖν
680 2332 887 2442 ε’δοξιίζετος
917 2333 1031 2430 καίτοι
1050 2330 1248 2410 θάλασσαν

57 2455 103 2550 μέν
133 2461 410 2562 ἀγριαίνουσαν
446 2459 496 2539 ένὶ
532 2458 756 2558 δυσωπῆσας
793 2458 905 2566 λόγῳ,
939 2459 996 2537 καὶ
1032 2453 1277 2548 βιαιοτάτωνο

57 2585 252 2682 πνευμάτων
285 2582 478 2688 ἀνακύψας
507 2573 640 2691 Ιφορὰν,
667 2581 920 2685 προσεκυνήθη
952 2578 1017 2680 μέν
1043 2576 1143 2681 παρὰ
1174 2583 1247 2658 τῶν

58 2707 145 2816 ἐντῷ
172 2707 303 2814 πλαίιρ
332 2705 425 2803 τότε,
443 2704 574 2806 ἤκουσε
600 2703 638 2787 δὲ
663 2705 718 2786 ὅτι
736 2716 756 2753 “
770 2704 939 2804 Ἀληθῶς
958 2709 1054 2784 Θεοῦ
1081 2701 1154 2785 υίὸς
1179 2698 1244 2782 εἶ.”
1290 2685 1414 2814 {gfflh'

34 2833 99 2908 mi
126 2829 202 2930 μὴν
233 2832 299 2909 καὶ
332 2826 398 2910 τὸν
426 2830 464 2909 έν
493 2834 538 2933 τῇ
570 2832 732 2937 Βηθανίᾳ
760 2827 927 2931 Λάζαρον
955 2829 1246 2929 παλινδρομῆσαι

60 2953 261 3062 τραοτιὶξας
279 2959 331 3036 είς
349 2950 451 3056 ζαῆν,
470 2951 663 3054 διαβόητον
680 2953 768 3058 ἔσχε
786 2951 829 3033 τὸ
848 2959 979 3050 θαῦμα,
998 2953 1047 3035 ὡς
1072 2952 1130 3030 καὶ
1155 2951 1243 3027 ἀνα-

59 3081 202 3164 θαῖνοντι
226 3074 327 3156 κατὰ
350 3074 414 3156 τόν
431 3081 494 3176 τῆς
518 3078 642 3180 ἑορτῆς
667 3075 790 3180 καιρὸν
808 3083 857 3161 είς
873 3072 1111 3178 Ἱεροσόλυμα
1128 3105 1243 3174 πρου-

57 3205 228 3348 τηντῆσαι
268 3197 485 3298 σύμπαντας
520 3201 611 3300 ὁμοῦ
642 3207 718 3285 τοῖς
753 3202 899 3302 νηπίοις,
932 3233 991 3279 και
977 3194 1246 3304 ἀξιιίγαστον

58 3325 136 3432 α’σιρ
161 3323 235 3424 τῆν
262 3324 443 3474 εὐφημίαν
468 3323 680 3405 ἀναπλέκειν
707 3324 881 3427 λέγοντας
909 3333 930 3372 “
945 3316 1240 3422 Εὐλογημένος
1224 3351 1244 3398 ο
1289 3324 1329 3375 1¹¹·
1340 3341 1391 3375 ¹¹¹¹·

29 3457 74 3538 ¹5⁴⁴
87 3446 277 3554 ἐρχόμενος
296 3448 334 3526 έν
352 3444 499 3548 ὀνόματι
520 3448 691 3552 Κυρίου.”
728 3447 829 3528 ἀλλὰ
846 3450 904 3528 καὶ
921 3445 1025 3527 πέντε
1043 3441 1273 3528 διακλάσαςα
1289 3407 1411 3522 ⁹¹145A.

58 3571 170 3672 ιῖρταυς
198 3569 293 3652 ποτὲ
319 3575 380 3650 καὶ
406 3569 544 3678 ὀψαρια
569 3571 644 3671 δύο,
662 3577 876 3678 κορεσθῆναι
903 3567 1153 3674 παρεσκεύασε
1178 3568 1245 3670 τῆν

58 3701 115 3774 τόν
139 3699 194 3778 ἐπ’
227 3693 339 3774 αὐτὸν
364 3694 707 3800 συνδεδραμηκότων
733 3695 886 3797 πληθύν,
914 3695 998 3800 δίχα
1025 3695 1160 3794 νηπίων
1187 3727 1245 3773 και

58 3825 235 3918 γυναικῶν,
258 3823 308 3903 είς
334 3821 440 3900 πέντε
467 3821 726 3901 συντείνουσαν
753 3818 917 3924 χιλιάδας
944 3819 1095 3920 ἀνδρῶν.
1134 3815 1245 3894 ἐδόκει

59 3943 154 4022 δι
112 3976 226 4025 ουτως
257 3939 396 4026 εὐκλεές
422 3941 465 4024 τὸ
492 3942 839 4046 τερατουργούμενον
864 3939 953 4022 εἷναί
977 3973 1084 4036 τισιν,
1104 3941 1152 4022 ὡς
1179 3935 1246 4036 τὴν

32 4075 111 4160 μιαῦ
133 4064 352 4172 πράγματος
380 4067 794 4170 καταπεπληγμένους
776 4099 982 4214 υπεροχην,
996 4061 1178 4211 ζητεῖν’
1136 4057 1245 4138 αυτὸν
1288 4065 1374 4194 {¹1¹3

61 4191 227 4299 ύναδειξσι
256 4223 313 4270 και
340 4189 512 4286 βασιλέα·
550 4199 657 4272 τοῦτο
672 4188 755 4294 γὰρ
782 4185 888 4272 αύτδς
915 4187 999 4286 ἡμῖν
1026 4183 1047 4263 6
1076 4181 1240 4284 Εύαγγε-

63 4315 174 4416 λιστῆς
192 4315 464 4418 διεμαρτύρατο.
492 4313 654 4419 χαλεπὸν
673 4311 710 4394 δὲ
733 4311 834 4393 ούδέν
853 4312 910 4389 καὶ
936 4308 978 4388 δι’
998 4306 1127 4410 ἐτέρων
1146 4305 1246 4386 ὅσιον

94 4571 127 4610 12.
142 4551 168 4626 θ]
182 4555 226 4608 καὶ
239 4551 310 4611 cm.
452 4551 491 4608 16.
510 4553 686 4624 τιροτοπυιιῖν
698 4549 730 4606 Ε.
742 4551 916 4620 τεραταπαιδιν
928 4545 980 4604 Ed.
1034 4546 1163 4602 θάλατταν
1175 4545 1208 4602 Ε.

131 4657 200 4704 τοι.
216 4657 255 4702 11.
621 4653 674 4722 30
