3142 5118
359 341 425 404 204
660 339 699 404 B.
723 337 934 403 CYRILLI
964 333 1249 401 ALEXANDR.
1443 332 1485 395 ix.

361 502 511 611 ἀφίκετο
528 502 593 604 μὲν
612 503 684 609 γάρ
709 503 898 612 ἐξανύσων
917 501 981 583 τὸν
999 501 1043 609 ἐξ
1064 498 1281 603 ἡμερότητος
1305 501 1368 598 τῆς
1393 503 1439 581 είς
1463 495 1495 594 ἡι

361 627 579 730 προτεθέντα
609 626 761 724 σκοπὸν,
789 625 965 724 τουτέστι,
994 626 1247 732 καταφωτίσοι
1274 621 1483 721 σύμπαντας

327 757 427 831 hrofi
456 749 667 850 Πνεύματος
695 751 876 858 δᾳδουχίᾳ.
924 753 1030 830 δεινοὶ
1057 748 1095 828 δὲ
1122 746 1213 852 πρὸς
1239 745 1417 827 ἀπείθειαν
1445 745 1495 824 ὐπι

363 907 486 978 χοντες
517 872 682 954 Ἰουδαῖοι
714 874 780 974 τὴν
809 873 1188 976 καταλαμπρύνουσαν
1217 869 1345 955 αὐτούς
1376 870 1416 949 οὐ
1445 903 1495 947 πα

363 997 514 1101 δέξαντο
547 995 662 1101 χάριν,
695 997 920 1096 αὐτόκλητον
951 993 1077 1098 ωσπερ
1107 995 1165 1101 ἐφ’
1194 993 1339 1077 ἑαυτοὺς
1371 999 1495 1072 καλοῦν

363 1119 427 1198 τόν
445 1117 659 1220 σκοτισμόν.
700 1122 760 1200 καὶ
784 1128 872 1223 γοῦν
889 1120 1092 1223 γέγραπται
1116 1126 1197 1222 περὶ
1222 1119 1341 1198 αὐτῶν
1358 1119 1396 1196 ἐν
1412 1141 1495 1219 προς

195 1263 238 1314 Eu.
245 1264 317 1330 1529.
364 1250 473 1326 τικοῖς
491 1243 700 1343 μηνύμασιν
714 1254 736 1292 “
749 1241 1041 1342 Ὺπομεινοίυτων
1059 1243 1177 1322 αὐτῶν
1195 1249 1275 1349 φῶς
1291 1239 1427 1344 ἐγένετο
1444 1241 1495 1318 αὐτ

365 1377 388 1414 “
407 1367 549 1464 σκότος,
577 1367 759 1466 μείναντες
786 1364 902 1469 αὐγὴν
931 1369 968 1447 έν
995 1366 1110 1472 ἀωρίᾳ
1136 1361 1438 1469 περιεπάτησαν.”
1472 1361 1495 1440 ὅι

364 1492 438 1596 γὰρ
456 1494 548 1595 ἧκενΧ
559 1500 607 1579 είς
625 1492 667 1574 τὸ
685 1502 749 1574 τοῦ
769 1493 880 1593 νόμου
897 1492 1075 1596 κήρυγμα,
1093 1493 1298 1600 περιέμενον
1316 1492 1480 1571 Ἰουδαῖοι

364 1652 403 1696 τε
433 1615 549 1718 αὐγὴν
577 1619 634 1696 καὶ
663 1615 706 1697 τό
735 1623 824 1723 φῶς,
853 1615 1018 1697 τουτέστι
1047 1615 1224 1719 Χριστόν.
1274 1615 1373 1722 ἥξειν
1400 1611 1473 1715 γὰρ

335 1740 616 1843 οπαρεδέχοντο,
650 1743 707 1820 καὶ
739 1739 972 1844 προσεδόκων
1004 1739 1123 1838 αὐτὸν,
1153 1741 1239 1819 ἀλλ’
1271 1743 1305 1819 οἱ
1336 1736 1427 1820 κατὰ
1459 1771 1495 1816 το

366 1866 552 1947 δοκοῦντες
585 1863 758 1960 εὐσεβεῖν,
785 1865 824 1944 έν
852 1864 964 1970 ἀωρίᾳ
992 1863 1271 1967 περιεπότησαν,
1299 1863 1495 1957 τουτέστιν,

365 1984 489 2094 σκότῳ
514 1993 631 2084 βαθεῖ,
648 1989 715 2093 οὐχ
740 1988 860 2090 ἑτέρου
884 1986 979 2072 τινὸς
1005 1990 1124 2080 αὐτοῖς
1148 1985 1338 2090 γεγονότος
1364 1987 1476 2065 αἰτίου

310 2215 312 2220 Α
365 2118 494 2192 παθεῖν
521 2109 585 2191 τὸν
613 2109 828 2210 σκοτισμὸν,
858 2109 959 2190 ἀλλά
986 2118 1063 2197 ταῖς
1091 2118 1202 2218 σφων
1228 2114 1346 2191 αὐτῶν
1373 2113 1495 2190 ἀπειθε

366 2235 664 2315 αὐτεπίσπαστον
682 2235 739 2340 ἐφ’
759 2237 896 2319 ἑαυτοῖς
914 2232 1069 2340 ἐχόντων
1087 2233 1153 2334 τὴν
1172 2234 1294 2353 νόσον.
1332 2235 1495 2338 παραγέγ

365 2362 496 2456 τοίνυν,
509 2362 614 2466 φησὶ,
633 2365 786 2465 τυφλοῖς
805 2357 994 2439 ἐπιδῶσων
1011 2358 1053 2438 τὸ
1072 2358 1222 2456 βλέπειν
1240 2357 1299 2439 διά
1315 2363 1379 2458 τῆς
1397 2359 1495 2448 πίστι

366 2485 388 2582 ἡ
413 2482 451 2562 δὲ
475 2490 548 2562 τῶν
566 2483 868 2587 ἀχειραγωγήτων
886 2485 946 2562 καὶ
970 2483 1227 2564 ἀνυποτάκτων
1244 2483 1413 2586 ἄτεγκτος
1440 2515 1495 2583 γνι

364 2605 461 2692 πολὺ
497 2607 691 2700 βλέπουσα
732 2606 823 2711 πρὸς
860 2607 1040 2687 ἀπείθειαν
1078 2615 1124 2692 εἰς
1160 2607 1362 2715 κατάκριμα
1396 2605 1495 2708 γενέο

332 2729 639 2831 ᾶπαρεσκεόασεν
669 2729 788 2816 αὐτοῖς
820 2727 887 2829 τὴν
915 2738 979 2810 τοῦ
1013 2727 1228 2837 φωτίᾷιντος
1258 2727 1395 2838 ἄφιξιν.
1450 2732 1495 2809 ἐπ

366 2853 438 2959 γὰρ
457 2853 500 2932 οὐ
517 2851 745 2949 πιστεύουσι,
763 2853 1044 2956 κατακρίνοντας.
1075 2863 1182 2934 τοῦτο
1201 2854 1244 2934 δέ
1258 2889 1319 2934 σοι
1337 2853 1495 2960 σαφέστι

197 2977 282 3099 {3¹qu
367 2981 426 3059 καὶ
455 2979 497 3056 δι’
519 2977 647 3080 ἑτέρων
666 2976 803 3080 εἴρηκεν
820 2977 840 3055 ὁ
860 2977 989 3079 Σωτήρ
1009 2988 1030 3026 “
1045 2976 1165 3077 Ἀμὴν
1190 2975 1283 3078 ἀμὴν
1309 2977 1406 3078 λέγω
1437 2979 1495 3075 ὐμί

197 3109 230 3157 ⁰f·
245 3107 283 3170 3⁶·
367 3110 388 3148 “
406 3100 588 3184 πιστεύων
612 3105 662 3184 είς
687 3098 750 3180 τόν
768 3099 859 3180 Υῖὸν
877 3102 920 3180 οὐ
945 3103 1111 3204 κρίνεται,
1132 3104 1152 3181 ό
1179 3101 1217 3181 δὲ
1241 3103 1398 3186 ἀπειθῶν
1422 3108 1477 3208 τῷ

368 3237 388 3274 “
408 3224 476 3326 ἤδη
505 3226 671 3327 κέκριται,
695 3223 750 3304 ὅτι
777 3222 826 3324 μὴ
854 3223 1090 3307 πεπίστευκεν
1112 3231 1160 3316 εἷς
1187 3223 1230 3306 τὸ
1258 3225 1370 3323 ὄνομα
1398 3230 1495 3304 τοῦἺ

367 3360 389 3396 “
407 3358 471 3429 τοῦ
500 3351 628 3431 θεοῦ.”
667 3346 861 3453 χαριέντως
890 3357 1082 3452 τοιγαροῦν
1110 3347 1182 3433 ἀπὸ
1215 3359 1279 3432 τοῦ
1310 3384 1495 3452 παρακειμ

368 3478 426 3552 καὶ
453 3474 490 3552 ἐν
508 3475 636 3577 χερσίν
655 3471 757 3561 ὄντος
776 3470 982 3573 διολέγεταί
996 3507 1035 3553 τε
1053 3471 1278 3575 πράγματος,
1298 3477 1356 3558 καὶ
1379 3470 1422 3553 τὸ
1448 3508 1495 3553 πο

368 3596 482 3702 δόξως
501 3594 746 3675 ἀποτελεσθέν
759 3597 816 3674 ἐπὶ
834 3599 885 3702 τῷ
904 3629 993 3676 ποτε
1012 3599 1143 3703 τυφλῷ
1160 3594 1259 3701 ῥίζαν
1276 3593 1402 3699 ὥσπερ
1421 3631 1495 3676 ποιι

339 3725 420 3828 erc}
439 3715 554 3826 λόγῳ·
587 3719 797 3826 ἀναβλέψαι
820 3717 885 3817 μὲν
904 3718 976 3822 γὰρ
999 3719 1108 3799 αὐτὸν
1127 3721 1170 3799 οὐ
1195 3719 1286 3800 κατὰ
1310 3727 1420 3818 σῶμα
1446 3719 1495 3818 μό

368 3841 549 3922 ἀλλὰκαὶ
576 3840 667 3921 ὅσον
685 3847 733 3925 είς
760 3849 843 3921 νοῦν
863 3843 1126 3948 διισχυρίζεται,
1144 3841 1203 3925 διά
1227 3840 1269 3924 τό
1295 3843 1495 3949 παραδέξαι

367 3965 434 4068 τὴν
455 3969 592 4064 πίστιν,
610 3971 738 4046 παθεῖν
758 3965 794 4046 δὲ
819 3965 861 4045 τὸ
886 3967 1044 4047 ἐναντίον
1062 3964 1144 4052 τούς
1166 3969 1398 4072 Φαρισαίους·
1436 3969 1480 4046 οὐ

403 4226 430 4282 5.
448 4213 607 4283 αὐτόκλητον
624 4213 683 4267 B.a.
704 4211 794 4267 Holst.
812 4211 895 4268 ἀπόκλ
914 4234 960 4267 του
975 4212 1048 4270 Aub.
1108 4214 1209 4270 ἑαυτοῖς
1228 4213 1260 4270 Β.
1278 4215 1328 4270 Ht.
1378 4213 1480 4269 Statim

368 4301 511 4339 σαντεςαμ
593 4300 633 4338 10.
652 4281 785 4354 τουτέστι]
803 4285 893 4347 -ί-τδν
936 4292 955 4337 t.
970 4283 1021 4338 Ed.
1116 4301 1157 4338 11.
1176 4285 1254 4340 τδΒ.
1269 4285 1318 4341 Ht.
1331 4288 1410 4340 τοῦτο
1423 4303 1495 4340 emet

368 4354 441 4408 Aub.
545 4370 585 4407 12.
604 4355 686 4424 μωρίᾳ
701 4353 733 4409 Β.
749 4353 797 4407 Ht.
810 4353 891 4424 ἀωρίᾳ
903 4354 1055 4409 emendavit
1066 4363 1136 4408 recte
1149 4365 1179 4410 ut
1191 4355 1245 4410 vid.
1259 4357 1330 4411 Aub.
1441 4371 1484 4425 15.

367 4424 521 4477 πίσποστον
534 4423 592 4478 B.a.
608 4425 657 4478 Ht.
670 4425 882 4478 ἀντεπίσποοτον
893 4424 966 4480 Aub.
1029 4425 1136 4482 εἀυτούς
1153 4444 1177 4480 a.
1228 4426 1323 4482 Statim
1342 4425 1462 4496 ε’χόντων
1479 4427 1495 4480 h

369 4493 428 4550 B.a.
520 4496 561 4546 ιο.
580 4492 728 4616 ἐπιδώσωνὲ
743 4493 782 4548 ἐπ’
795 4493 861 4551 ἴσον
872 4513 897 4554 a.
990 4509 1031 4566 17.
1050 4495 1077 4566 ἡ]
1091 4497 1116 4549 οἱ
1128 4497 1201 4551 Aub.
1255 4497 1379 4570 ἄτεγκτος
1392 4516 1407 4552 e
1422 4498 1485 4552 Cat.

367 4560 442 4616 Aub.
456 4569 483 4614 et
494 4562 531 4615 ita
542 4579 565 4616 a.
578 4563 691 4618 ἀτάκτως
730 4604 737 4616 .
753 4564 801 4618 Ht.
912 4565 953 4620 18.
971 4566 1040 4620 πολὺ
1053 4565 1127 4621 deest
1139 4567 1167 4622 in
1180 4585 1204 4623 ιι.
