3238 5114
97 361 243 442 xvii.16,
261 379 309 447 17.
344 365 401 430 IN
431 367 463 431 S.
488 365 743 432 JOANNEM.
789 367 883 432 LIB.
909 367 968 433 XI.
1016 367 1117 432 CAP.
1135 368 1196 433 IX.
1243 369 1305 434 713

97 528 282 628 κουργίαις
305 528 612 633 ὑποχειμάζεσθαι,
630 531 777 633 προσίοι
796 565 835 610 τε
855 531 942 634 ὑπὲρ
962 532 1072 630 ἡμῶν,
1092 532 1183 612 κατά
1202 568 1242 636 γε
1262 531 1334 614 τὸς

95 651 299 756 πρέποντῇ
323 653 484 760 μεσιτείηι
511 658 649 759 σχῆμα,
669 656 727 733 καὶ
750 659 966 760 συγχορηγῇ
990 661 1042 762 τῷ
1069 657 1145 764 ἰδίῳ
1173 655 1297 758 γεννή·

95 805 177 874 τορι
195 779 270 858 τοῖς
288 773 401 881 ἀξίοις
425 775 470 855 τὰ
495 776 627 879 ἀγαθά·
667 777 798 879 πρέποι
817 777 890 882 γάρ
917 775 963 859 ἂν
981 781 1039 858 καὶ
1063 789 1170 860 τοῦτο
1193 781 1301 887 αὑτῷ,

97 901 183 1004 Θεῷ
206 897 297 978 κατὰ
326 898 440 1005 φύσιν
463 897 672 1005 ὑπάρχοντι.
710 899 836 1005 έχουσι
864 904 994 999 τοίνυν,
1021 907 1151 1009 φησὶν,
1180 909 1213 982 οἱ
1239 903 1303 984 τὸν

56 1019 169 1103 5σδν
186 1020 215 1101 ὦ
234 1024 347 1129 Πάτερ
371 1025 414 1104 δι’
444 1027 531 1123 ε’μοῦ
558 1023 744 1130 δεξάμενοι
772 1023 887 1126 λόγον
906 1023 972 1124 τὴν
993 1024 1082 1126 ε’μὴν
1109 1029 1148 1106 ἐν
1166 1030 1303 1112 έαυτοῖς

96 1144 377 1239 διαλάμπουσαν
400 1145 528 1245 εἰκόνα,
552 1147 768 1252 σὺμμορφαί
793 1183 832 1228 τε
855 1154 907 1256 τῷ
934 1153 992 1256 σῷ
1020 1151 1160 1257 γνησίῳ
1188 1150 1298 1253 γεγό-

97 1301 205 1347 νασιν
223 1273 312 1375 Υἱῷ,
341 1268 432 1350 κατὰ
459 1272 614 1370 μίμησιν
632 1269 699 1371 τὴν
722 1272 831 1351 αὑτοῦ
858 1276 922 1372 τῆς
950 1276 1125 1372 κοσμικῆς
1154 1273 1298 1378 φαυλό·

96 1425 203 1490 τητος
222 1391 286 1472 τὸν
304 1392 472 1474 κλύδωνα
492 1393 743 1496 παραθέοντες,
760 1393 952 1498 άλλότριοί
971 1429 1009 1474 τε
1033 1397 1092 1474 καὶ
1118 1395 1214 1502 ξένοι
1237 1400 1302 1494 τῆς

95 1517 136 1592 ἐν
162 1517 254 1622 τῷδε
290 1522 342 1622 τῷ
377 1517 447 1626 βίῳ
481 1517 694 1625 φιληδονίαις
729 1553 767 1598 τε
798 1522 863 1598 καὶΙ
887 1517 1033 1618 ἁπάσης
1062 1516 1301 1622 αἶσχρότητος

30 1672 80 1714 ιο
97 1639 394 1739 ἀναδεδειγμένοι.
435 1638 494 1720 διὰ
520 1649 627 1720 τοῦτο
657 1643 787 1750 τήρησιν
815 1639 935 1728 αὐτοῦς
963 1641 994 1721 ἑν
1023 1648 1061 1756 τῇ
1086 1641 1226 1751 ἀληθείᾳ
1255 1647 1301 1748 τῇ

95 1767 160 1868 σῇ·
199 1762 338 1868 φυσικὴ
361 1762 427 1864 μέν
445 1763 518 1867 γάρ
535 1765 573 1842 ἐν
592 1769 745 1872 Χριστῷ
771 1767 829 1844 καὶ
858 1764 947 1868 ὑπὲρ
965 1761 1080 1866 λόγον
1098 1765 1121 1864 ἡ
1141 1763 1294 1868 καθαρό·
1313 1777 1334 1840 d

95 1921 172 1984 της.
213 1885 306 1972 Θεὸς
325 1884 397 1990 γάρ
415 1890 515 1968 ε’στιν
533 1886 714 1986 ἀληθινὸς,
735 1888 890 1994 ἁμαρτίᾳ
914 1888 980 1986 μέν
1007 1888 1218 1969 ὑποπίπτειν
1236 1889 1301 1968 οῦκ

96 2007 198 2093 είδῖος
226 2007 249 2110 ἢ
272 2014 330 2090 καὶ
359 2008 580 2116 ἀνεχόμενος,
604 2010 704 2112 πηγὴ
733 2011 771 2091 δέ
798 2020 945 2111 μᾶλλον
973 2011 1146 2116 ὑπάρχων
1173 2013 1301 2114 ἀρετῆς

97 2132 245 2233 ἀπάσης
268 2138 326 2214 καὶ
348 2140 412 2234 τῆς
434 2137 472 2215 ἐν
490 2135 661 2244 ἁγιασμῷ
687 2135 877 2235 νοουμένης
896 2135 1162 2238 λαμπρότητος.
1201 2132 1299 2242 δρῴη

38 2281 81 2342 ¹5
99 2255 172 2360 γάρ
191 2255 237 2338 ἂν
255 2259 374 2362 ἕτερον
393 2256 495 2338 οὐδέν
513 2259 535 2358 ἡ
555 2260 631 2338 θεία
644 2293 683 2338 τε
702 2264 760 2338 καὶ
778 2266 850 2339 τῶν
864 2259 962 2339 ὅλων
974 2267 1161 2362 κρατοῦσα
1176 2257 1299 2364 φάσις,

95 2387 127 2461 εἰ
161 2379 212 2481 μὴ
243 2380 331 2486 ὅπερ
356 2380 403 2462 οἲν
427 2383 518 2489 αὑτῇ
543 2382 673 2484 πρέποι
702 2417 740 2462 τε
771 2382 862 2462 κατὰ
891 2381 1063 2484 ἀλήθειαν
1093 2385 1151 2463 καὶ
1182 2389 1299 2462 νοοῖτο

94 2503 249 2607 προσόν.
301 2509 339 2587 ἐν
369 2503 408 2586 δὲ
440 2513 514 2592 τοῖς
548 2508 661 2608 ἁγίοις
693 2511 879 2606 μαθηταῖς,
918 2506 1030 2608 ἤγουν
1068 2505 1186 2587 ἅπασι
1223 2513 1297 2590 τοῖς

93 2628 331 2710 πιστεύουσιν
363 2637 412 2714 εἱς
442 2629 560 2727 αὑτὸν,
578 2632 644 2736 οὐχ
674 2628 799 2733 ἑτέρως
826 2627 1022 2738 ένυπάρξαι
1049 2631 1092 2710 τὸ
1121 2629 1327 2733 καθαρὸν,θ

93 2751 208 2853 ἤγουν
236 2751 277 2831 τὸ
307 2754 432 2851 μηκέτι
450 2761 523 2838 τοῖς
552 2762 738 2853 κοσμικαῖς
767 2755 1017 2861 ἀναφὺρεσθαι
1046 2762 1177 2852 κακοῖς,
1196 2760 1225 2833 εἱ
1246 2752 1296 2853 μὴ

39 2913 80 2954 20
95 2874 155 2954 διὰ
182 2880 245 2975 τῆς
275 2876 412 2957 ἄνωθεν
439 2878 698 2978 ἀμνησικακίας
722 2913 760 2958 τε
785 2881 842 2958 καὶ
868 2879 1024 2982 χάριτος,
1048 2875 1208 2958 ἐκποδὼν
1231 2875 1297 2975 μὲν

93 2999 253 3099 τεθείσης
280 3005 353 3079 τῶν
381 2998 449 3100 ἤδη
478 3000 796 3103 προεπταισμένων
824 2999 888 3080 τὸν
912 2999 1117 3100 μολυσμὸν,
1145 3003 1204 3078 καὶ
1231 3008 1296 3080 τοῦ

93 3119 373 3224 παρελάσαντος
391 3124 473 3216 βίον
491 3121 538 3202 τὰ
564 3122 783 3225 ἐγκλήματα,
804 3121 1075 3227 εἰσκομιῷὑσης
1094 3121 1131 3202 δέ
1149 3129 1295 3223 μᾶλλον

94 3248 157 3344 τῆς
183 3247 220 3324 έν
247 3247 418 3352 ἁγιασμῷ
444 3245 533 3348 ζωῆς
559 3244 624 3344 τὴν
652 3246 902 3349 λαμπρότητα,
920 3245 1019 3346 πλὴν
1047 3247 1111 3326 οῦκ
1139 3246 1291 3326 ἀταλαί-

93 3358 398 3474 πωρονΙέχούσης
421 3369 488 3468 τὴν
512 3372 551 3449 ἐν
576 3371 764 3470 ταυτότητι
784 3369 967 3471 διαμονήν·
1004 3369 1205 3476 σοφώτατα
1223 3369 1294 3472 γάρ

40 3533 81 3593 ²5
94 3528 154 3592 μοι
179 3493 343 3599 φαίνεται
368 3495 426 3574 καὶ
448 3495 469 3572 ὁ
489 3498 638 3578 Παῦλος
662 3495 771 3573 εἶπάν
796 3504 818 3539 “
829 3491 948 3574 Ὥστε
966 3494 986 3573 ὁ
1005 3498 1120 3573 δοκῶν
1146 3492 1294 3574 ἑστάναι
1343 3511 1426 3560 1⁰0r-

95 3629 116 3664 “
134 3615 301 3711 βλεπέτω
330 3614 381 3716 μὴ
414 3617 543 3723 πέση.”
582 3619 635 3697 ἀεὶ
664 3615 736 3720 γὰρ
765 3619 803 3696 ἐν
833 3615 942 3726 σάλῳ
971 3616 1018 3697 τά
1053 3617 1204 3720 ἡμέτερα
1235 3619 1292 3696 καὶ
1340 3589 1415 3626 ma,

93 3742 268 3824 ποικίλως
296 3745 447 3820 δονεῖται
474 3739 521 3820 τὰ
542 3741 623 3820 καθ’
649 3741 752 3841 ἡμᾶς,
770 3740 1027 3840 ἀκαταλήκτως
1048 3749 1112 3820 τοῦ
1134 3747 1323 3842 πονηροῦο
1342 3763 1461 3820 om.

93 3861 331 3968 πειράζοντος,
350 3862 653 3967 πρασεδρεόοντός
670 3898 708 3944 τε
727 3863 786 3944 διὰ
802 3863 937 3949 παντὸς
956 3868 1015 3944 καὶ
1032 3865 1292 3946 δνσκατόπτοις

95 3993 319 4089 κακουργιῶν
337 3989 511 4090 εὑρήμασι
537 3997 788 4068 κατασπιλοῦν
812 3987 1007 4085 ἐθέλοντος,
1027 3987 1123 4088 εἴπερ
1142 3983 1187 4065 ἂν
1207 3987 1288 4064 δύν-

45 4152 84 4210 30
95 4144 183 4207 mro,
202 4113 260 4190 καὶ
278 4109 360 4194 τοῦς
378 4111 446 4211 ἤδη
465 4112 758 4214 κεκαθαρμένους·
799 4111 844 4191 τά
862 4109 934 4214 γὰρ
955 4121 976 4158 “
989 4109 1166 4214 βρώματα
1182 4111 1291 4189 αὑτοῦ
1337 4130 1405 4245 Ηόιῑν-
1417 4131 1433 4179 i·

97 4245 117 4282 “
134 4232 314 4331 ἐκλεκτῦ,”
341 4234 433 4314 κατὰ
453 4233 519 4334 τὴν
536 4243 601 4315 τοῦ
618 4234 808 4341 προφήτου
827 4233 963 4342 φωνήν.
1001 4233 1290 4338 ἐπιμαρτυρήσας
1339 4209 1349 4244 ¹
1371 4232 1377 4244 ⁵

95 4361 212 4438 τοίνυν
229 4366 302 4442 τοῖς
331 4359 456 4438 ἑαυτοῦ
485 4363 658 4458 μαθηταῖς
686 4355 752 4457 τὴν
774 4357 844 4466 ἔξω
863 4355 1004 4458 κόσμου
1022 4355 1124 4460 ζωὴν,
1143 4364 1200 4436 καὶ
1227 4361 1290 4453 τῆς

96 4483 290 4567 οῦσιώδους
304 4485 429 4563 ἑαυτοῦ
444 4482 685 4586 καθαρότητος
699 4478 765 4579 τὴν
780 4480 871 4562 κατὰ
882 4481 1035 4582 μίμησιν
1045 4483 1291 4585 συμμορφιάν,

137 4621 208 4668 τοι.
226 4623 263 4668 11.
668 4623 723 4684 ιτ
