<?xml version="1.0" encoding="UTF-8"?>
<!DOCTYPE html PUBLIC "-//W3C//DTD XHTML 1.0 Transitional//EN"
    "http://www.w3.org/TR/xhtml1/DTD/xhtml1-transitional.dtd">
<html xmlns="http://www.w3.org/1999/xhtml" xml:lang="en" lang="en">
 <head>
  <title>
</title>
<meta http-equiv="Content-Type" content="text/html;charset=utf-8" />
  <meta name='ocr-system' content='tesseract 3.04.00' />
  <meta name='ocr-capabilities' content='ocr_page ocr_carea ocr_par ocr_line ocrx_word'/>
</head>
<body>
  <div class='ocr_page' id='page_1' title='image "./sanctipatrisnos02pusegoog_0752.png"; bbox 0 0 3238 5114; ppageno 0'>
   <div class='ocr_carea' id='block_1_1' title="bbox 341 322 1558 398">
    <p class='ocr_par' dir='ltr' id='par_1_1' title="bbox 341 322 1558 398">
     <span class='ocr_line' id='line_1_1' title="bbox 341 322 1558 398; baseline -0.007 -7"><span class='ocrx_word' id='word_1_1' title='bbox 341 331 403 391; x_wconf 67' lang='lat'>714</span> <span class='ocrx_word' id='word_1_2' title='bbox 644 329 683 394; x_wconf 94' lang='lat' dir='ltr'>B.</span> <span class='ocrx_word' id='word_1_3' title='bbox 706 327 912 393; x_wconf 86' lang='lat' dir='ltr'>CYRILLI</span> <span class='ocrx_word' id='word_1_4' title='bbox 942 327 1230 392; x_wconf 75' lang='lat' dir='ltr'><strong>ALEXANDR.</strong></span> <span class='ocrx_word' id='word_1_5' title='bbox 1333 323 1419 388; x_wconf 82' lang='lat' dir='ltr'>xvii.</span> <span class='ocrx_word' id='word_1_6' title='bbox 1436 322 1491 398; x_wconf 87' lang='lat'>16,</span> <span class='ocrx_word' id='word_1_7' title='bbox 1508 335 1558 395; x_wconf 78' lang='lat'>15·</span> 
     </span>
    </p>
   </div>
   <div class='ocr_carea' id='block_1_2' title="bbox 173 487 1590 3443">
    <p class='ocr_par' dir='ltr' id='par_1_2' title="bbox 341 487 1555 600">
     <span class='ocr_line' id='line_1_2' title="bbox 341 487 1555 600; baseline -0.007 -28"><span class='ocrx_word' id='word_1_8' title='bbox 341 497 519 600; x_wconf 76' lang='grc' dir='ltr'>τηρηθῆναι</span> <span class='ocrx_word' id='word_1_9' title='bbox 551 491 681 574; x_wconf 87' lang='grc' dir='ltr'>λοιπῦν</span> <span class='ocrx_word' id='word_1_10' title='bbox 708 497 765 575; x_wconf 78' lang='grc' dir='ltr'>καί</span> <span class='ocrx_word' id='word_1_11' title='bbox 797 493 896 597; x_wconf 79' lang='grc' dir='ltr'>παρὰ</span> <span class='ocrx_word' id='word_1_12' title='bbox 926 495 1070 596; x_wconf 84' lang='grc' dir='ltr'>Πατρῦς</span> <span class='ocrx_word' id='word_1_13' title='bbox 1097 496 1222 600; x_wconf 76' lang='grc' dir='ltr'>ἐρωτᾷ,</span> <span class='ocrx_word' id='word_1_14' title='bbox 1252 491 1458 594; x_wconf 79' lang='grc' dir='ltr'>μονονουχὶ</span> <span class='ocrx_word' id='word_1_15' title='bbox 1490 487 1555 564; x_wconf 87' lang='grc' dir='ltr'>λε’·</span> 
     </span>
    </p>

    <p class='ocr_par' dir='ltr' id='par_1_3' title="bbox 305 611 1558 724">
     <span class='ocr_line' id='line_1_3' title="bbox 305 611 1558 724; baseline -0.005 -28"><span class='ocrx_word' id='word_1_16' title='bbox 305 631 417 720; x_wconf 74' lang='grc' dir='ltr'>ῦγων</span> <span class='ocrx_word' id='word_1_17' title='bbox 434 614 487 698; x_wconf 79' lang='grc' dir='ltr'>Ὠ</span> <span class='ocrx_word' id='word_1_18' title='bbox 511 615 664 720; x_wconf 88' lang='grc' dir='ltr'>πανάγιε</span> <span class='ocrx_word' id='word_1_19' title='bbox 685 617 818 721; x_wconf 85' lang='grc' dir='ltr'>Πάτερ,</span> <span class='ocrx_word' id='word_1_20' title='bbox 842 624 872 698; x_wconf 92' lang='grc' dir='ltr'>εἰ</span> <span class='ocrx_word' id='word_1_21' title='bbox 895 615 962 718; x_wconf 86' lang='grc' dir='ltr'>μέν</span> <span class='ocrx_word' id='word_1_22' title='bbox 989 615 1085 716; x_wconf 88' lang='grc' dir='ltr'>ἦσαν</span> <span class='ocrx_word' id='word_1_23' title='bbox 1111 621 1147 697; x_wconf 91' lang='grc' dir='ltr'>ἐν</span> <span class='ocrx_word' id='word_1_24' title='bbox 1175 614 1314 724; x_wconf 81' lang='grc' dir='ltr'>κάσμιρ,</span> <span class='ocrx_word' id='word_1_25' title='bbox 1346 611 1558 706; x_wconf 89' lang='grc' dir='ltr'>τουτέστιν,</span> 
     </span>
    </p>

    <p class='ocr_par' dir='ltr' id='par_1_4' title="bbox 340 739 1557 850">
     <span class='ocr_line' id='line_1_4' title="bbox 340 739 1557 850; baseline -0.004 -29"><span class='ocrx_word' id='word_1_26' title='bbox 340 747 370 821; x_wconf 92' lang='grc' dir='ltr'>εἰ</span> <span class='ocrx_word' id='word_1_27' title='bbox 398 742 461 822; x_wconf 86' lang='grc' dir='ltr'>τὸν</span> <span class='ocrx_word' id='word_1_28' title='bbox 488 743 526 822; x_wconf 86' lang='grc' dir='ltr'>ἐν</span> <span class='ocrx_word' id='word_1_29' title='bbox 551 745 642 850; x_wconf 76' lang='grc' dir='ltr'>τῷδε</span> <span class='ocrx_word' id='word_1_30' title='bbox 669 748 721 850; x_wconf 75' lang='grc' dir='ltr'>τῷ</span> <span class='ocrx_word' id='word_1_31' title='bbox 748 741 876 850; x_wconf 82' lang='grc' dir='ltr'>κόσμῳ</span> <span class='ocrx_word' id='word_1_32' title='bbox 902 741 1131 842; x_wconf 71' lang='grc' dir='ltr'>τετιμημένον</span> <span class='ocrx_word' id='word_1_33' title='bbox 1153 739 1273 843; x_wconf 78' lang='grc' dir='ltr'>διέζων</span> <span class='ocrx_word' id='word_1_34' title='bbox 1295 739 1393 834; x_wconf 86' lang='grc' dir='ltr'>βίον,</span> <span class='ocrx_word' id='word_1_35' title='bbox 1416 741 1449 816; x_wconf 92' lang='grc' dir='ltr'>εἰ</span> <span class='ocrx_word' id='word_1_36' title='bbox 1479 741 1557 816; x_wconf 85' lang='grc' dir='ltr'>ταῖς</span> 
     </span>
    </p>

    <p class='ocr_par' dir='ltr' id='par_1_5' title="bbox 339 861 1579 1091">
     <span class='ocr_line' id='line_1_5' title="bbox 339 861 1552 969; baseline -0.006 -25"><span class='ocrx_word' id='word_1_37' title='bbox 339 867 501 966; x_wconf 81' lang='grc' dir='ltr'>ἐπιγείοις</span> <span class='ocrx_word' id='word_1_38' title='bbox 531 869 589 946; x_wconf 86' lang='grc' dir='ltr'>καί</span> <span class='ocrx_word' id='word_1_39' title='bbox 616 865 852 969; x_wconf 88' lang='grc' dir='ltr'>προσκαίροις</span> <span class='ocrx_word' id='word_1_40' title='bbox 879 865 1020 963; x_wconf 78' lang='grc' dir='ltr'>ἡδοναῖς</span> <span class='ocrx_word' id='word_1_41' title='bbox 1049 862 1113 944; x_wconf 80' lang='grc' dir='ltr'>τὸν</span> <span class='ocrx_word' id='word_1_42' title='bbox 1144 869 1270 944; x_wconf 90' lang='grc' dir='ltr'>οἰκεῖον</span> <span class='ocrx_word' id='word_1_43' title='bbox 1297 861 1552 963; x_wconf 89' lang='grc' dir='ltr'>ἐγκατασπεί-</span> 
     </span>
     <span class='ocr_line' id='line_1_6' title="bbox 340 983 1579 1091; baseline 0.001 -24"><span class='ocrx_word' id='word_1_44' title='bbox 340 1023 462 1091; x_wconf 88' lang='grc' dir='ltr'>ροντες</span> <span class='ocrx_word' id='word_1_45' title='bbox 493 998 587 1087; x_wconf 85' lang='grc' dir='ltr'>νοῦν,</span> <span class='ocrx_word' id='word_1_46' title='bbox 617 987 683 1090; x_wconf 84' lang='grc' dir='ltr'>τὴν</span> <span class='ocrx_word' id='word_1_47' title='bbox 715 986 993 1088; x_wconf 87' lang='grc' dir='ltr'>άκαλλεστάτην</span> <span class='ocrx_word' id='word_1_48' title='bbox 1025 997 1090 1068; x_wconf 91' lang='grc' dir='ltr'>τοῦ</span> <span class='ocrx_word' id='word_1_49' title='bbox 1121 997 1279 1090; x_wconf 91' lang='grc' dir='ltr'>πονηροῦ</span> <span class='ocrx_word' id='word_1_50' title='bbox 1312 983 1579 1089; x_wconf 62' lang='grc' dir='ltr'>κατεγράφονό</span> 
     </span>
    </p>

    <p class='ocr_par' dir='ltr' id='par_1_6' title="bbox 341 1110 1552 1218">
     <span class='ocr_line' id='line_1_7' title="bbox 341 1110 1552 1218; baseline -0.003 -24"><span class='ocrx_word' id='word_1_51' title='bbox 341 1111 466 1216; x_wconf 77' lang='grc' dir='ltr'>ὥσπερ</span> <span class='ocrx_word' id='word_1_52' title='bbox 496 1111 590 1194; x_wconf 86' lang='grc' dir='ltr'>ἰδέαν</span> <span class='ocrx_word' id='word_1_53' title='bbox 618 1115 656 1192; x_wconf 86' lang='grc' dir='ltr'>ἐν</span> <span class='ocrx_word' id='word_1_54' title='bbox 683 1115 828 1208; x_wconf 85' lang='grc' dir='ltr'>ἑαυτοῖς,</span> <span class='ocrx_word' id='word_1_55' title='bbox 859 1113 922 1192; x_wconf 87' lang='grc' dir='ltr'>οῦκ</span> <span class='ocrx_word' id='word_1_56' title='bbox 955 1110 1000 1191; x_wconf 80' lang='grc' dir='ltr'>ἂν</span> <span class='ocrx_word' id='word_1_57' title='bbox 1030 1113 1167 1218; x_wconf 83' lang='grc' dir='ltr'>ἐπεφύη</span> <span class='ocrx_word' id='word_1_58' title='bbox 1196 1110 1373 1214; x_wconf 75' lang='grc' dir='ltr'>πειράζων</span> <span class='ocrx_word' id='word_1_59' title='bbox 1406 1113 1552 1202; x_wconf 88' lang='grc' dir='ltr'>ἐκεῖνος,</span> 
     </span>
    </p>

    <p class='ocr_par' dir='ltr' id='par_1_7' title="bbox 342 1232 1552 1343">
     <span class='ocr_line' id='line_1_8' title="bbox 342 1232 1552 1343; baseline -0.006 -27"><span class='ocrx_word' id='word_1_60' title='bbox 342 1237 428 1316; x_wconf 85' lang='grc' dir='ltr'>ἀλλ’</span> <span class='ocrx_word' id='word_1_61' title='bbox 448 1238 523 1317; x_wconf 82' lang='grc' dir='ltr'>οὐδ’</span> <span class='ocrx_word' id='word_1_62' title='bbox 543 1235 587 1316; x_wconf 83' lang='grc' dir='ltr'>ἂν</span> <span class='ocrx_word' id='word_1_63' title='bbox 605 1244 678 1321; x_wconf 92' lang='grc' dir='ltr'>τοῖς</span> <span class='ocrx_word' id='word_1_64' title='bbox 704 1237 802 1320; x_wconf 79' lang='grc' dir='ltr'>ἰδίοις</span> <span class='ocrx_word' id='word_1_65' title='bbox 828 1234 933 1320; x_wconf 82' lang='grc' dir='ltr'>αὐτὸς</span> <span class='ocrx_word' id='word_1_66' title='bbox 957 1237 1171 1343; x_wconf 81' lang='grc' dir='ltr'>ἐξωπλίσθη</span> <span class='ocrx_word' id='word_1_67' title='bbox 1189 1235 1332 1330; x_wconf 86' lang='grc' dir='ltr'>τέκνοις,</span> <span class='ocrx_word' id='word_1_68' title='bbox 1352 1237 1424 1331; x_wconf 79' lang='grc' dir='ltr'>τῆς</span> <span class='ocrx_word' id='word_1_69' title='bbox 1448 1232 1552 1311; x_wconf 88' lang='grc' dir='ltr'>ἐνού-</span> 
     </span>
    </p>

    <p class='ocr_par' dir='ltr' id='par_1_8' title="bbox 341 1355 1552 1468">
     <span class='ocr_line' id='line_1_9' title="bbox 341 1355 1552 1468; baseline -0.007 -24"><span class='ocrx_word' id='word_1_70' title='bbox 341 1393 411 1459; x_wconf 88' lang='grc' dir='ltr'>σης</span> <span class='ocrx_word' id='word_1_71' title='bbox 439 1362 535 1468; x_wconf 77' lang='grc' dir='ltr'>αύτῷ</span> <span class='ocrx_word' id='word_1_72' title='bbox 564 1357 791 1468; x_wconf 81' lang='grc' dir='ltr'>φαυλότητος</span> <span class='ocrx_word' id='word_1_73' title='bbox 819 1362 857 1438; x_wconf 93' lang='grc' dir='ltr'>ἐν</span> <span class='ocrx_word' id='word_1_74' title='bbox 879 1359 998 1442; x_wconf 83' lang='grc' dir='ltr'>αὐτοῖς</span> <span class='ocrx_word' id='word_1_75' title='bbox 1024 1357 1116 1464; x_wconf 79' lang='grc' dir='ltr'>ἔχων</span> <span class='ocrx_word' id='word_1_76' title='bbox 1136 1357 1202 1458; x_wconf 80' lang='grc' dir='ltr'>τὴν</span> <span class='ocrx_word' id='word_1_77' title='bbox 1219 1357 1384 1457; x_wconf 85' lang='grc' dir='ltr'>μίμησιν·</span> <span class='ocrx_word' id='word_1_78' title='bbox 1429 1355 1552 1452; x_wconf 81' lang='grc' dir='ltr'>ἐπειδὴ</span> 
     </span>
    </p>

    <p class='ocr_par' dir='ltr' id='par_1_9' title="bbox 311 1481 1589 1716">
     <span class='ocr_line' id='line_1_10' title="bbox 341 1481 1551 1588; baseline -0.002 -26"><span class='ocrx_word' id='word_1_79' title='bbox 341 1483 378 1563; x_wconf 87' lang='grc' dir='ltr'>δέ</span> <span class='ocrx_word' id='word_1_80' title='bbox 417 1485 497 1564; x_wconf 84' lang='grc' dir='ltr'>καθ’</span> <span class='ocrx_word' id='word_1_81' title='bbox 527 1485 718 1584; x_wconf 85' lang='grc' dir='ltr'>ὁμοιότητα</span> <span class='ocrx_word' id='word_1_82' title='bbox 751 1487 809 1563; x_wconf 88' lang='grc' dir='ltr'>καί</span> <span class='ocrx_word' id='word_1_83' title='bbox 841 1485 941 1563; x_wconf 85' lang='grc' dir='ltr'>αύτοὶ</span> <span class='ocrx_word' id='word_1_84' title='bbox 975 1483 1040 1583; x_wconf 81' lang='grc' dir='ltr'>τὴν</span> <span class='ocrx_word' id='word_1_85' title='bbox 1073 1481 1171 1582; x_wconf 84' lang='grc' dir='ltr'>ἐμὴν,</span> <span class='ocrx_word' id='word_1_86' title='bbox 1198 1481 1264 1582; x_wconf 79' lang='grc' dir='ltr'>τὴν</span> <span class='ocrx_word' id='word_1_87' title='bbox 1296 1485 1334 1561; x_wconf 93' lang='grc' dir='ltr'>ἐν</span> <span class='ocrx_word' id='word_1_88' title='bbox 1367 1487 1464 1588; x_wconf 74' lang='grc' dir='ltr'>τῷδε</span> <span class='ocrx_word' id='word_1_89' title='bbox 1501 1488 1551 1587; x_wconf 75' lang='grc' dir='ltr'>τῷ</span> 
     </span>
     <span class='ocr_line' id='line_1_11' title="bbox 311 1605 1589 1716; baseline -0.007 -25"><span class='ocrx_word' id='word_1_90' title='bbox 311 1606 468 1716; x_wconf 87' lang='grc' dir='ltr'>οκόσμιρ</span> <span class='ocrx_word' id='word_1_91' title='bbox 494 1613 727 1711; x_wconf 86' lang='grc' dir='ltr'>διαγελῶντες</span> <span class='ocrx_word' id='word_1_92' title='bbox 751 1607 902 1707; x_wconf 79' lang='grc' dir='ltr'>ἀπάτην,</span> <span class='ocrx_word' id='word_1_93' title='bbox 922 1607 992 1714; x_wconf 82' lang='grc' dir='ltr'>ἐξω</span> <span class='ocrx_word' id='word_1_94' title='bbox 1013 1641 1052 1686; x_wconf 92' lang='grc' dir='ltr'>τε</span> <span class='ocrx_word' id='word_1_95' title='bbox 1073 1605 1199 1712; x_wconf 79' lang='grc' dir='ltr'>κύαμον</span> <span class='ocrx_word' id='word_1_96' title='bbox 1218 1605 1407 1708; x_wconf 86' lang='grc' dir='ltr'>γεγόνασι,</span> <span class='ocrx_word' id='word_1_97' title='bbox 1427 1609 1491 1684; x_wconf 85' lang='grc' dir='ltr'>καῖ</span> <span class='ocrx_word' id='word_1_98' title='bbox 1509 1605 1550 1685; x_wconf 85' lang='grc' dir='ltr'>τὸ</span> <span class='ocrx_word' id='word_1_99' title='bbox 1563 1641 1589 1682; x_wconf 81' lang='grc' dir='ltr'>ιι</span> 
     </span>
    </p>

    <p class='ocr_par' dir='ltr' id='par_1_10' title="bbox 342 1729 1548 1838">
     <span class='ocr_line' id='line_1_12' title="bbox 342 1729 1548 1838; baseline -0.005 -24"><span class='ocrx_word' id='word_1_100' title='bbox 342 1736 405 1829; x_wconf 81' lang='grc' dir='ltr'>τῆς</span> <span class='ocrx_word' id='word_1_101' title='bbox 442 1734 526 1832; x_wconf 82' lang='grc' dir='ltr'>ἐμῆς</span> <span class='ocrx_word' id='word_1_102' title='bbox 559 1733 779 1834; x_wconf 87' lang='grc' dir='ltr'>άσνγκρίτον</span> <span class='ocrx_word' id='word_1_103' title='bbox 816 1730 1054 1838; x_wconf 84' lang='grc' dir='ltr'>φαιδρότητος</span> <span class='ocrx_word' id='word_1_104' title='bbox 1091 1729 1377 1836; x_wconf 79' lang='grc' dir='ltr'>διαφανέστατον</span> <span class='ocrx_word' id='word_1_105' title='bbox 1415 1735 1548 1834; x_wconf 82' lang='grc' dir='ltr'>σχῆμα</span> 
     </span>
    </p>

    <p class='ocr_par' dir='ltr' id='par_1_11' title="bbox 341 1851 1548 1961">
     <span class='ocr_line' id='line_1_13' title="bbox 341 1851 1548 1961; baseline -0.002 -27"><span class='ocrx_word' id='word_1_106' title='bbox 341 1853 471 1934; x_wconf 83' lang='grc' dir='ltr'>λοιπὸν</span> <span class='ocrx_word' id='word_1_107' title='bbox 502 1857 540 1935; x_wconf 90' lang='grc' dir='ltr'>ἐν</span> <span class='ocrx_word' id='word_1_108' title='bbox 576 1855 711 1938; x_wconf 79' lang='grc' dir='ltr'>οἰκείοις</span> <span class='ocrx_word' id='word_1_109' title='bbox 744 1854 1007 1952; x_wconf 90' lang='grc' dir='ltr'>οἰναμάττονται</span> <span class='ocrx_word' id='word_1_110' title='bbox 1039 1853 1194 1957; x_wconf 82' lang='grc' dir='ltr'>πράττοις,</span> <span class='ocrx_word' id='word_1_111' title='bbox 1227 1851 1378 1961; x_wconf 79' lang='grc' dir='ltr'>ἔφεδρόν</span> <span class='ocrx_word' id='word_1_112' title='bbox 1412 1888 1454 1933; x_wconf 92' lang='grc' dir='ltr'>τε</span> <span class='ocrx_word' id='word_1_113' title='bbox 1491 1853 1548 1932; x_wconf 83' lang='grc' dir='ltr'>διά</span> 
     </span>
    </p>

    <p class='ocr_par' dir='ltr' id='par_1_12' title="bbox 341 1977 1545 2082">
     <span class='ocr_line' id='line_1_14' title="bbox 341 1977 1545 2082; baseline -0.002 -25"><span class='ocrx_word' id='word_1_114' title='bbox 341 1987 448 2058; x_wconf 88' lang='grc' dir='ltr'>τοῦτο</span> <span class='ocrx_word' id='word_1_115' title='bbox 474 1981 533 2058; x_wconf 90' lang='grc' dir='ltr'>καί</span> <span class='ocrx_word' id='word_1_116' title='bbox 560 1979 831 2077; x_wconf 84' lang='grc' dir='ltr'>πολεμιώτατον</span> <span class='ocrx_word' id='word_1_117' title='bbox 850 1979 974 2082; x_wconf 86' lang='grc' dir='ltr'>ἐχονσι</span> <span class='ocrx_word' id='word_1_118' title='bbox 1002 1978 1064 2058; x_wconf 85' lang='grc' dir='ltr'>τὸν</span> <span class='ocrx_word' id='word_1_119' title='bbox 1088 1979 1141 2058; x_wconf 87' lang='grc' dir='ltr'>άεί</span> <span class='ocrx_word' id='word_1_120' title='bbox 1166 1985 1239 2061; x_wconf 88' lang='grc' dir='ltr'>τοῖς</span> <span class='ocrx_word' id='word_1_121' title='bbox 1263 1977 1377 2078; x_wconf 90' lang='grc' dir='ltr'>άγίοις</span> <span class='ocrx_word' id='word_1_122' title='bbox 1407 1979 1545 2078; x_wconf 87' lang='grc' dir='ltr'>ἐπιτρί-</span> 
     </span>
    </p>

    <p class='ocr_par' dir='ltr' id='par_1_13' title="bbox 342 2101 1590 2330">
     <span class='ocr_line' id='line_1_15' title="bbox 342 2101 1543 2205; baseline -0.002 -24"><span class='ocrx_word' id='word_1_123' title='bbox 342 2102 447 2203; x_wconf 56' lang='lat' dir='ltr'>§ma</span> <span class='ocrx_word' id='word_1_124' title='bbox 479 2108 652 2200; x_wconf 87' lang='grc' dir='ltr'>σατανῦιν,</span> <span class='ocrx_word' id='word_1_125' title='bbox 686 2106 929 2205; x_wconf 90' lang='grc' dir='ltr'>διατηρεῖσθαι</span> <span class='ocrx_word' id='word_1_126' title='bbox 959 2101 1089 2181; x_wconf 85' lang='grc' dir='ltr'>λοιπὸν</span> <span class='ocrx_word' id='word_1_127' title='bbox 1117 2103 1316 2202; x_wconf 85' lang='grc' dir='ltr'>ἀναγκαίως</span> <span class='ocrx_word' id='word_1_128' title='bbox 1345 2101 1543 2199; x_wconf 86' lang='grc' dir='ltr'>βούλομαι·</span> 
     </span>
     <span class='ocr_line' id='line_1_16' title="bbox 342 2225 1590 2330; baseline -0.002 -26"><span class='ocrx_word' id='word_1_129' title='bbox 342 2232 584 2329; x_wconf 86' lang='grc' dir='ltr'>διατηρεῖσθαι</span> <span class='ocrx_word' id='word_1_130' title='bbox 613 2226 655 2306; x_wconf 92' lang='grc' dir='ltr'>δέ</span> <span class='ocrx_word' id='word_1_131' title='bbox 676 2261 754 2310; x_wconf 87' lang='grc' dir='ltr'>πως</span> <span class='ocrx_word' id='word_1_132' title='bbox 780 2229 843 2306; x_wconf 89' lang='grc' dir='ltr'>ούκ</span> <span class='ocrx_word' id='word_1_133' title='bbox 872 2226 950 2304; x_wconf 86' lang='grc' dir='ltr'>ἐστι</span> <span class='ocrx_word' id='word_1_134' title='bbox 979 2229 1063 2330; x_wconf 87' lang='grc' dir='ltr'>δίχα</span> <span class='ocrx_word' id='word_1_135' title='bbox 1088 2231 1152 2322; x_wconf 82' lang='grc' dir='ltr'>τῆς</span> <span class='ocrx_word' id='word_1_136' title='bbox 1183 2225 1342 2320; x_wconf 81' lang='grc' dir='ltr'>άληθείιις</span> <span class='ocrx_word' id='word_1_137' title='bbox 1368 2231 1433 2325; x_wconf 79' lang='grc' dir='ltr'>τῆς</span> <span class='ocrx_word' id='word_1_138' title='bbox 1462 2232 1542 2324; x_wconf 79' lang='grc' dir='ltr'>σῆς,</span> <span class='ocrx_word' id='word_1_139' title='bbox 1561 2259 1590 2314; x_wconf 73' lang='lat'>¹5</span> 
     </span>
    </p>

    <p class='ocr_par' dir='ltr' id='par_1_14' title="bbox 341 2347 1542 2453">
     <span class='ocr_line' id='line_1_17' title="bbox 341 2347 1542 2453; baseline 0.001 -25"><span class='ocrx_word' id='word_1_140' title='bbox 341 2349 526 2430; x_wconf 72' lang='grc' dir='ltr'>τουτέστιν</span> <span class='ocrx_word' id='word_1_141' title='bbox 555 2353 651 2448; x_wconf 86' lang='grc' dir='ltr'>ἐμοῦ.</span> <span class='ocrx_word' id='word_1_142' title='bbox 694 2354 762 2449; x_wconf 86' lang='grc' dir='ltr'>εἰμί</span> <span class='ocrx_word' id='word_1_143' title='bbox 793 2349 865 2452; x_wconf 83' lang='grc' dir='ltr'>γιίρ</span> <span class='ocrx_word' id='word_1_144' title='bbox 894 2347 965 2451; x_wconf 83' lang='grc' dir='ltr'>ἐγὼ</span> <span class='ocrx_word' id='word_1_145' title='bbox 994 2350 1086 2428; x_wconf 84' lang='grc' dir='ltr'>κατὰ</span> <span class='ocrx_word' id='word_1_146' title='bbox 1115 2349 1229 2453; x_wconf 83' lang='grc' dir='ltr'>φύσιν</span> <span class='ocrx_word' id='word_1_147' title='bbox 1258 2348 1400 2440; x_wconf 77' lang='grc' dir='ltr'>άληθεια</span> <span class='ocrx_word' id='word_1_148' title='bbox 1429 2347 1542 2449; x_wconf 59' lang='lat' dir='ltr'>offla</span> 
     </span>
    </p>

    <p class='ocr_par' dir='ltr' id='par_1_15' title="bbox 343 2471 1419 2576">
     <span class='ocr_line' id='line_1_18' title="bbox 343 2471 1419 2576; baseline 0 -22"><span class='ocrx_word' id='word_1_149' title='bbox 343 2473 475 2576; x_wconf 87' lang='grc' dir='ltr'>Πάτερ,</span> <span class='ocrx_word' id='word_1_150' title='bbox 494 2477 513 2554; x_wconf 88' lang='grc' dir='ltr'><strong>ὁ</strong></span> <span class='ocrx_word' id='word_1_151' title='bbox 533 2475 709 2572; x_wconf 84' lang='grc' dir='ltr'>ούσιώδης</span> <span class='ocrx_word' id='word_1_152' title='bbox 727 2509 765 2552; x_wconf 96' lang='grc' dir='ltr'>τε</span> <span class='ocrx_word' id='word_1_153' title='bbox 785 2477 842 2552; x_wconf 86' lang='grc' dir='ltr'>καί</span> <span class='ocrx_word' id='word_1_154' title='bbox 861 2472 930 2576; x_wconf 82' lang='grc' dir='ltr'>ζῶν</span> <span class='ocrx_word' id='word_1_155' title='bbox 949 2477 1007 2552; x_wconf 83' lang='grc' dir='ltr'>καὶ</span> <span class='ocrx_word' id='word_1_156' title='bbox 1026 2473 1267 2558; x_wconf 86' lang='grc' dir='ltr'>ε’ννπάστατος</span> <span class='ocrx_word' id='word_1_157' title='bbox 1287 2471 1419 2575; x_wconf 83' lang='grc' dir='ltr'>Λόγος.</span> 
     </span>
    </p>

    <p class='ocr_par' dir='ltr' id='par_1_16' title="bbox 401 2596 1540 2699">
     <span class='ocr_line' id='line_1_19' title="bbox 401 2596 1540 2699; baseline -0.001 -23"><span class='ocrx_word' id='word_1_158' title='bbox 401 2599 473 2676; x_wconf 80' lang='grc' dir='ltr'>Καὶ</span> <span class='ocrx_word' id='word_1_159' title='bbox 500 2601 602 2678; x_wconf 86' lang='grc' dir='ltr'>ταυτί</span> <span class='ocrx_word' id='word_1_160' title='bbox 634 2597 698 2696; x_wconf 88' lang='grc' dir='ltr'>μέν</span> <span class='ocrx_word' id='word_1_161' title='bbox 727 2597 846 2699; x_wconf 83' lang='grc' dir='ltr'>λέγειν</span> <span class='ocrx_word' id='word_1_162' title='bbox 878 2597 1015 2676; x_wconf 79' lang='grc' dir='ltr'>οἴεσθαι</span> <span class='ocrx_word' id='word_1_163' title='bbox 1049 2601 1121 2676; x_wconf 85' lang='grc' dir='ltr'>δεῖν</span> <span class='ocrx_word' id='word_1_164' title='bbox 1151 2598 1393 2697; x_wconf 84' lang='grc' dir='ltr'>ῦιτοτοπητέον</span> <span class='ocrx_word' id='word_1_165' title='bbox 1425 2596 1540 2677; x_wconf 79' lang='grc' dir='ltr'>αὐτόν·</span> 
     </span>
    </p>

    <p class='ocr_par' dir='ltr' id='par_1_17' title="bbox 309 2719 1581 2951">
     <span class='ocr_line' id='line_1_20' title="bbox 309 2719 1541 2818; baseline 0.001 -19"><span class='ocrx_word' id='word_1_166' title='bbox 309 2745 331 2809; x_wconf 84' lang='lat' dir='ltr'><strong>d</strong></span> <span class='ocrx_word' id='word_1_167' title='bbox 343 2719 457 2816; x_wconf 86' lang='grc' dir='ltr'>βλέπε</span> <span class='ocrx_word' id='word_1_168' title='bbox 492 2719 530 2800; x_wconf 85' lang='grc' dir='ltr'>δέ</span> <span class='ocrx_word' id='word_1_169' title='bbox 560 2721 656 2804; x_wconf 86' lang='grc' dir='ltr'>ὅπως</span> <span class='ocrx_word' id='word_1_170' title='bbox 690 2720 747 2800; x_wconf 83' lang='grc' dir='ltr'>διὰ</span> <span class='ocrx_word' id='word_1_171' title='bbox 778 2719 934 2818; x_wconf 91' lang='grc' dir='ltr'>πάντων,</span> <span class='ocrx_word' id='word_1_172' title='bbox 968 2724 1016 2804; x_wconf 87' lang='grc' dir='ltr'>ὡς</span> <span class='ocrx_word' id='word_1_173' title='bbox 1053 2721 1136 2805; x_wconf 78' lang='grc' dir='ltr'>ἔπος</span> <span class='ocrx_word' id='word_1_174' title='bbox 1172 2726 1292 2816; x_wconf 90' lang='grc' dir='ltr'>εἰπεῖν,</span> <span class='ocrx_word' id='word_1_175' title='bbox 1324 2727 1398 2800; x_wconf 85' lang='grc' dir='ltr'>τιῦν</span> <span class='ocrx_word' id='word_1_176' title='bbox 1436 2725 1541 2801; x_wconf 83' lang='grc' dir='ltr'>αὑτοῦ</span> 
     </span>
     <span class='ocr_line' id='line_1_21' title="bbox 343 2842 1581 2951; baseline -0.002 -27"><span class='ocrx_word' id='word_1_177' title='bbox 343 2843 465 2947; x_wconf 87' lang='grc' dir='ltr'>λόγων</span> <span class='ocrx_word' id='word_1_178' title='bbox 484 2849 528 2948; x_wconf 78' lang='grc' dir='ltr'>τῇ</span> <span class='ocrx_word' id='word_1_179' title='bbox 556 2851 619 2923; x_wconf 88' lang='grc' dir='ltr'>τοῦ</span> <span class='ocrx_word' id='word_1_180' title='bbox 639 2844 783 2948; x_wconf 86' lang='grc' dir='ltr'>Πατρῦς</span> <span class='ocrx_word' id='word_1_181' title='bbox 812 2843 977 2951; x_wconf 78' lang='grc' dir='ltr'>ἐνεργείᾳ,</span> <span class='ocrx_word' id='word_1_182' title='bbox 996 2879 1039 2948; x_wconf 84' lang='grc' dir='ltr'>τη</span> <span class='ocrx_word' id='word_1_183' title='bbox 1068 2842 1158 2923; x_wconf 88' lang='grc' dir='ltr'>κατά</span> <span class='ocrx_word' id='word_1_184' title='bbox 1183 2879 1217 2924; x_wconf 92' lang='grc' dir='ltr'>τι</span> <span class='ocrx_word' id='word_1_185' title='bbox 1241 2853 1330 2945; x_wconf 93' lang='grc' dir='ltr'>γοῦν</span> <span class='ocrx_word' id='word_1_186' title='bbox 1352 2845 1537 2951; x_wconf 82' lang='grc' dir='ltr'>νοουμένη,</span> <span class='ocrx_word' id='word_1_187' title='bbox 1554 2886 1581 2925; x_wconf 76' lang='grc' dir='ltr'>ιο</span> 
     </span>
    </p>

    <p class='ocr_par' dir='ltr' id='par_1_18' title="bbox 342 2966 1539 3072">
     <span class='ocr_line' id='line_1_22' title="bbox 342 2966 1539 3072; baseline 0.004 -26"><span class='ocrx_word' id='word_1_188' title='bbox 342 2967 385 3046; x_wconf 85' lang='grc' dir='ltr'>τὸ</span> <span class='ocrx_word' id='word_1_189' title='bbox 430 2973 556 3048; x_wconf 92' lang='grc' dir='ltr'>οἰκεῖον</span> <span class='ocrx_word' id='word_1_190' title='bbox 602 2969 849 3072; x_wconf 90' lang='grc' dir='ltr'>παρεισδύσας</span> <span class='ocrx_word' id='word_1_191' title='bbox 892 2967 1102 3070; x_wconf 90' lang='grc' dir='ltr'>πρόσωπον,</span> <span class='ocrx_word' id='word_1_192' title='bbox 1139 2966 1345 3070; x_wconf 88' lang='grc' dir='ltr'>συνεισάγει</span> <span class='ocrx_word' id='word_1_193' title='bbox 1389 2969 1539 3064; x_wconf 90' lang='grc' dir='ltr'>πάντως,</span> 
     </span>
    </p>

    <p class='ocr_par' dir='ltr' id='par_1_19' title="bbox 173 3089 1540 3443">
     <span class='ocr_line' id='line_1_23' title="bbox 173 3089 1539 3217; baseline 0.004 -50"><span class='ocrx_word' id='word_1_194' title='bbox 173 3103 256 3217; x_wconf 54' lang='grc' dir='ltr'>ξυνα</span> <span class='ocrx_word' id='word_1_195' title='bbox 341 3089 451 3171; x_wconf 86' lang='grc' dir='ltr'>ἐκεῖνό</span> <span class='ocrx_word' id='word_1_196' title='bbox 479 3127 550 3172; x_wconf 91' lang='grc' dir='ltr'>που</span> <span class='ocrx_word' id='word_1_197' title='bbox 578 3091 671 3196; x_wconf 82' lang='grc' dir='ltr'>τάχα</span> <span class='ocrx_word' id='word_1_198' title='bbox 698 3090 933 3196; x_wconf 89' lang='grc' dir='ltr'>παραδεικνῦς</span> <span class='ocrx_word' id='word_1_199' title='bbox 957 3093 1088 3192; x_wconf 87' lang='grc' dir='ltr'>άληθές</span> <span class='ocrx_word' id='word_1_200' title='bbox 1114 3091 1168 3171; x_wconf 79' lang='grc' dir='ltr'>ὅτι</span> <span class='ocrx_word' id='word_1_201' title='bbox 1197 3103 1219 3138; x_wconf 83' lang='grc'><strong>“</strong></span> <span class='ocrx_word' id='word_1_202' title='bbox 1229 3091 1347 3174; x_wconf 88' lang='grc' dir='ltr'>πάντα</span> <span class='ocrx_word' id='word_1_203' title='bbox 1371 3095 1413 3170; x_wconf 84' lang='grc' dir='ltr'>δι’</span> <span class='ocrx_word' id='word_1_204' title='bbox 1435 3097 1539 3172; x_wconf 83' lang='grc' dir='ltr'>αὐτοῦ</span> 
     </span>
     <span class='ocr_line' id='line_1_24' title="bbox 185 3183 1540 3321; baseline 0.004 -27"><span class='ocrx_word' id='word_1_205' title='bbox 185 3183 229 3232; x_wconf 51' lang='lat'>&#39;³⁰</span> <span class='ocrx_word' id='word_1_206' title='bbox 344 3228 365 3263; x_wconf 91' lang='lat'>“</span> <span class='ocrx_word' id='word_1_207' title='bbox 383 3215 530 3317; x_wconf 89' lang='grc' dir='ltr'>ἐγένετο,</span> <span class='ocrx_word' id='word_1_208' title='bbox 549 3219 606 3296; x_wconf 86' lang='grc' dir='ltr'>καί</span> <span class='ocrx_word' id='word_1_209' title='bbox 629 3219 736 3321; x_wconf 76' lang='grc' dir='ltr'>χωρὶς</span> <span class='ocrx_word' id='word_1_210' title='bbox 759 3217 867 3295; x_wconf 85' lang='grc' dir='ltr'>αὐτοῦ</span> <span class='ocrx_word' id='word_1_211' title='bbox 885 3215 1024 3318; x_wconf 89' lang='grc' dir='ltr'>ἐγένετο</span> <span class='ocrx_word' id='word_1_212' title='bbox 1043 3214 1122 3296; x_wconf 88' lang='grc' dir='ltr'>οῦδέ</span> <span class='ocrx_word' id='word_1_213' title='bbox 1142 3215 1213 3295; x_wconf 85' lang='grc' dir='ltr'>ἐν.”</span> <span class='ocrx_word' id='word_1_214' title='bbox 1249 3219 1287 3295; x_wconf 87' lang='grc' dir='ltr'>ἐν</span> <span class='ocrx_word' id='word_1_215' title='bbox 1304 3217 1370 3314; x_wconf 77' lang='grc' dir='ltr'>μὲν</span> <span class='ocrx_word' id='word_1_216' title='bbox 1389 3218 1454 3296; x_wconf 79' lang='grc' dir='ltr'>οὖν</span> <span class='ocrx_word' id='word_1_217' title='bbox 1472 3225 1540 3300; x_wconf 87' lang='grc' dir='ltr'>τοῖς</span> 
     </span>
     <span class='ocr_line' id='line_1_25' title="bbox 344 3337 1540 3443; baseline 0.001 -24"><span class='ocrx_word' id='word_1_218' title='bbox 344 3341 463 3420; x_wconf 82' lang='grc' dir='ltr'>ὀπίσω</span> <span class='ocrx_word' id='word_1_219' title='bbox 491 3337 611 3442; x_wconf 81' lang='grc' dir='ltr'>βραχύ</span> <span class='ocrx_word' id='word_1_220' title='bbox 629 3345 813 3442; x_wconf 88' lang='grc' dir='ltr'>τηρεῖσθαι</span> <span class='ocrx_word' id='word_1_221' title='bbox 825 3339 906 3423; x_wconf 91' lang='grc' dir='ltr'>τοῦς</span> <span class='ocrx_word' id='word_1_222' title='bbox 934 3339 1096 3440; x_wconf 85' lang='grc' dir='ltr'>μαθητάς</span> <span class='ocrx_word' id='word_1_223' title='bbox 1113 3338 1211 3443; x_wconf 84' lang='grc' dir='ltr'>παρὰ</span> <span class='ocrx_word' id='word_1_224' title='bbox 1230 3349 1294 3420; x_wconf 88' lang='grc' dir='ltr'>τοῦ</span> <span class='ocrx_word' id='word_1_225' title='bbox 1313 3342 1401 3420; x_wconf 80' lang='grc' dir='ltr'>ἰδίου</span> <span class='ocrx_word' id='word_1_226' title='bbox 1420 3340 1540 3442; x_wconf 78' lang='grc' dir='ltr'>γεννή-</span> 
     </span>
    </p>
   </div>
   <div class='ocr_carea' id='block_1_3' title="bbox 175 3460 1574 3597">
    <p class='ocr_par' dir='ltr' id='par_1_20' title="bbox 175 3460 1574 3597">
     <span class='ocr_line' id='line_1_26' title="bbox 175 3460 1574 3597; baseline 0.004 -58"><span class='ocrx_word' id='word_1_227' title='bbox 175 3482 269 3597; x_wconf 49' lang='grc' dir='ltr'>ῗιθιρτηι</span> <span class='ocrx_word' id='word_1_228' title='bbox 344 3497 447 3565; x_wconf 89' lang='grc' dir='ltr'>τορος</span> <span class='ocrx_word' id='word_1_229' title='bbox 480 3466 517 3542; x_wconf 91' lang='grc' dir='ltr'>ἐν</span> <span class='ocrx_word' id='word_1_230' title='bbox 549 3460 696 3561; x_wconf 86' lang='grc' dir='ltr'>ὀνόματι</span> <span class='ocrx_word' id='word_1_231' title='bbox 725 3462 918 3565; x_wconf 86' lang='grc' dir='ltr'>παρεκάλει</span> <span class='ocrx_word' id='word_1_232' title='bbox 949 3466 999 3570; x_wconf 76' lang='grc' dir='ltr'>τῷ</span> <span class='ocrx_word' id='word_1_233' title='bbox 1034 3461 1172 3542; x_wconf 82' lang='grc' dir='ltr'>δοθέντι</span> <span class='ocrx_word' id='word_1_234' title='bbox 1205 3465 1314 3571; x_wconf 77' lang='grc' dir='ltr'>αὐτῷ·</span> <span class='ocrx_word' id='word_1_235' title='bbox 1364 3467 1402 3543; x_wconf 90' lang='grc' dir='ltr'>ἐν</span> <span class='ocrx_word' id='word_1_236' title='bbox 1433 3463 1474 3544; x_wconf 83' lang='grc' dir='ltr'>δέ</span> <span class='ocrx_word' id='word_1_237' title='bbox 1504 3500 1538 3566; x_wconf 89' lang='grc' dir='ltr'>γε</span> <span class='ocrx_word' id='word_1_238' title='bbox 1549 3489 1574 3546; x_wconf 76' lang='lat'>25</span> 
     </span>
    </p>
   </div>
   <div class='ocr_carea' id='block_1_4' title="bbox 345 3583 1538 3699">
    <p class='ocr_par' dir='ltr' id='par_1_21' title="bbox 345 3583 1538 3699">
     <span class='ocr_line' id='line_1_27' title="bbox 345 3583 1538 3699; baseline 0.003 -35"><span class='ocrx_word' id='word_1_239' title='bbox 345 3585 492 3682; x_wconf 83' lang='grc' dir='ltr'>τούτοις,</span> <span class='ocrx_word' id='word_1_240' title='bbox 513 3587 541 3666; x_wconf 79' lang='grc' dir='ltr'>ἐν</span> <span class='ocrx_word' id='word_1_241' title='bbox 566 3596 603 3699; x_wconf 76' lang='grc' dir='ltr'>τῇ</span> <span class='ocrx_word' id='word_1_242' title='bbox 631 3583 772 3696; x_wconf 81' lang='grc' dir='ltr'>άληθειήι</span> <span class='ocrx_word' id='word_1_243' title='bbox 795 3595 858 3665; x_wconf 91' lang='grc' dir='ltr'>τοῦ</span> <span class='ocrx_word' id='word_1_244' title='bbox 879 3586 1025 3688; x_wconf 85' lang='grc' dir='ltr'>Πατρὸς</span> <span class='ocrx_word' id='word_1_245' title='bbox 1051 3587 1117 3685; x_wconf 80' lang='grc' dir='ltr'>τὴν</span> <span class='ocrx_word' id='word_1_246' title='bbox 1140 3585 1228 3690; x_wconf 84' lang='grc' dir='ltr'>ῦπέρ</span> <span class='ocrx_word' id='word_1_247' title='bbox 1256 3591 1374 3667; x_wconf 83' lang='grc' dir='ltr'>αὐτῶν</span> <span class='ocrx_word' id='word_1_248' title='bbox 1402 3589 1538 3689; x_wconf 79' lang='grc' dir='ltr'>αἴτησιν</span> 
     </span>
    </p>
   </div>
   <div class='ocr_carea' id='block_1_5' title="bbox 316 3708 1567 4434">
    <p class='ocr_par' dir='ltr' id='par_1_22' title="bbox 316 3708 1567 4434">
     <span class='ocr_line' id='line_1_28' title="bbox 346 3708 1536 3812; baseline 0.003 -24"><span class='ocrx_word' id='word_1_249' title='bbox 346 3715 576 3811; x_wconf 90' lang='grc' dir='ltr'>πληροῦσθαι</span> <span class='ocrx_word' id='word_1_250' title='bbox 600 3708 782 3802; x_wconf 83' lang='grc' dir='ltr'>βούλεται.</span> <span class='ocrx_word' id='word_1_251' title='bbox 823 3712 861 3789; x_wconf 92' lang='grc' dir='ltr'>τί</span> <span class='ocrx_word' id='word_1_252' title='bbox 883 3711 945 3790; x_wconf 84' lang='grc' dir='ltr'>οῦν</span> <span class='ocrx_word' id='word_1_253' title='bbox 964 3709 1033 3812; x_wconf 91' lang='grc' dir='ltr'>άρα</span> <span class='ocrx_word' id='word_1_254' title='bbox 1057 3714 1115 3790; x_wconf 84' lang='grc' dir='ltr'>καὶ</span> <span class='ocrx_word' id='word_1_255' title='bbox 1140 3708 1245 3790; x_wconf 88' lang='grc' dir='ltr'>τοῦτό</span> <span class='ocrx_word' id='word_1_256' title='bbox 1270 3714 1383 3806; x_wconf 88' lang='grc' dir='ltr'>ἐστιν,</span> <span class='ocrx_word' id='word_1_257' title='bbox 1403 3711 1427 3811; x_wconf 84' lang='grc' dir='ltr'>ἢ</span> <span class='ocrx_word' id='word_1_258' title='bbox 1445 3713 1482 3790; x_wconf 90' lang='grc' dir='ltr'>τί</span> <span class='ocrx_word' id='word_1_259' title='bbox 1501 3713 1536 3792; x_wconf 83' lang='grc' dir='ltr'>τὸ</span> 
     </span>
     <span class='ocr_line' id='line_1_29' title="bbox 316 3832 1536 3933; baseline 0.003 -21"><span class='ocrx_word' id='word_1_260' title='bbox 316 3832 512 3912; x_wconf 84' lang='grc' dir='ltr'>οποικίλον</span> <span class='ocrx_word' id='word_1_261' title='bbox 536 3839 608 3913; x_wconf 85' lang='grc' dir='ltr'>τῶν</span> <span class='ocrx_word' id='word_1_262' title='bbox 630 3832 752 3933; x_wconf 87' lang='grc' dir='ltr'>λόγων</span> <span class='ocrx_word' id='word_1_263' title='bbox 776 3833 972 3928; x_wconf 79' lang='grc' dir='ltr'>βούλεται;</span> <span class='ocrx_word' id='word_1_264' title='bbox 1003 3836 1044 3912; x_wconf 92' lang='grc' dir='ltr'>ού</span> <span class='ocrx_word' id='word_1_265' title='bbox 1072 3835 1157 3932; x_wconf 90' lang='grc' dir='ltr'>μίαν</span> <span class='ocrx_word' id='word_1_266' title='bbox 1181 3835 1296 3914; x_wconf 75' lang='grc' dir='ltr'>οὖσαν</span> <span class='ocrx_word' id='word_1_267' title='bbox 1319 3837 1536 3916; x_wconf 80' lang='grc' dir='ltr'>ἐπιδεικνύειν</span> 
     </span>
     <span class='ocr_line' id='line_1_30' title="bbox 345 3954 1535 4065; baseline 0.004 -30"><span class='ocrx_word' id='word_1_268' title='bbox 345 3955 412 4056; x_wconf 85' lang='grc' dir='ltr'>τὴν</span> <span class='ocrx_word' id='word_1_269' title='bbox 430 3955 530 4059; x_wconf 87' lang='grc' dir='ltr'>παρά</span> <span class='ocrx_word' id='word_1_270' title='bbox 549 3954 696 4059; x_wconf 86' lang='grc' dir='ltr'>Πατρῦς</span> <span class='ocrx_word' id='word_1_271' title='bbox 714 3957 891 4058; x_wconf 86' lang='grc' dir='ltr'>ἐνέργειαν</span> <span class='ocrx_word' id='word_1_272' title='bbox 909 3959 951 4036; x_wconf 82' lang='grc' dir='ltr'>δι’</span> <span class='ocrx_word' id='word_1_273' title='bbox 972 3959 1082 4037; x_wconf 90' lang='grc' dir='ltr'>αῦτοῦ</span> <span class='ocrx_word' id='word_1_274' title='bbox 1101 3956 1316 4058; x_wconf 88' lang='grc' dir='ltr'>τελουμένην</span> <span class='ocrx_word' id='word_1_275' title='bbox 1335 3962 1391 4038; x_wconf 80' lang='grc' dir='ltr'>ἐπὶ</span> <span class='ocrx_word' id='word_1_276' title='bbox 1410 3967 1456 4065; x_wconf 80' lang='grc' dir='ltr'>τῇ</span> <span class='ocrx_word' id='word_1_277' title='bbox 1474 3969 1535 4040; x_wconf 83' lang='grc' dir='ltr'>τῶν</span> 
     </span>
     <span class='ocr_line' id='line_1_31' title="bbox 346 4078 1567 4187; baseline 0.004 -29"><span class='ocrx_word' id='word_1_278' title='bbox 346 4081 458 4181; x_wconf 87' lang='grc' dir='ltr'>ἁγίων</span> <span class='ocrx_word' id='word_1_279' title='bbox 476 4085 617 4185; x_wconf 82' lang='grc' dir='ltr'>φειδοῖ;</span> <span class='ocrx_word' id='word_1_280' title='bbox 650 4081 687 4158; x_wconf 90' lang='grc' dir='ltr'>ἐν</span> <span class='ocrx_word' id='word_1_281' title='bbox 705 4079 770 4178; x_wconf 87' lang='grc' dir='ltr'>μέν</span> <span class='ocrx_word' id='word_1_282' title='bbox 796 4078 867 4182; x_wconf 84' lang='grc' dir='ltr'>γάρ</span> <span class='ocrx_word' id='word_1_283' title='bbox 892 4080 1046 4178; x_wconf 88' lang='grc' dir='ltr'>ἐκείνοις,</span> <span class='ocrx_word' id='word_1_284' title='bbox 1074 4083 1112 4159; x_wconf 83' lang='grc' dir='ltr'>ἐν</span> <span class='ocrx_word' id='word_1_285' title='bbox 1135 4079 1284 4178; x_wconf 84' lang='grc' dir='ltr'>ὀνόματι</span> <span class='ocrx_word' id='word_1_286' title='bbox 1312 4091 1376 4162; x_wconf 89' lang='grc' dir='ltr'>τοῦ</span> <span class='ocrx_word' id='word_1_287' title='bbox 1403 4083 1567 4187; x_wconf 61' lang='grc' dir='ltr'>Πατρῦςτἓ</span> 
     </span>
     <span class='ocr_line' id='line_1_32' title="bbox 346 4202 1532 4313; baseline 0.007 -33"><span class='ocrx_word' id='word_1_288' title='bbox 346 4207 473 4306; x_wconf 82' lang='grc' dir='ltr'>χρῆναι</span> <span class='ocrx_word' id='word_1_289' title='bbox 499 4202 617 4303; x_wconf 88' lang='grc' dir='ltr'>λέγων</span> <span class='ocrx_word' id='word_1_290' title='bbox 635 4208 820 4304; x_wconf 88' lang='grc' dir='ltr'>τηρεῖσθαι</span> <span class='ocrx_word' id='word_1_291' title='bbox 843 4203 924 4287; x_wconf 90' lang='grc' dir='ltr'>τοῦς</span> <span class='ocrx_word' id='word_1_292' title='bbox 949 4203 1122 4303; x_wconf 83' lang='grc' dir='ltr'>μαθητάς,</span> <span class='ocrx_word' id='word_1_293' title='bbox 1142 4209 1245 4284; x_wconf 91' lang='grc' dir='ltr'>οἰονεί</span> <span class='ocrx_word' id='word_1_294' title='bbox 1263 4204 1305 4284; x_wconf 83' lang='grc' dir='ltr'>τὸ</span> <span class='ocrx_word' id='word_1_295' title='bbox 1324 4209 1362 4285; x_wconf 89' lang='grc' dir='ltr'>ἐν</span> <span class='ocrx_word' id='word_1_296' title='bbox 1381 4206 1469 4313; x_wconf 78' lang='grc' dir='ltr'>δόξῃ</span> <span class='ocrx_word' id='word_1_297' title='bbox 1487 4215 1532 4288; x_wconf 83' lang='grc' dir='ltr'>καί</span> 
     </span>
     <span class='ocr_line' id='line_1_33' title="bbox 348 4324 1529 4434; baseline 0.003 -30"><span class='ocrx_word' id='word_1_298' title='bbox 348 4325 492 4424; x_wconf 88' lang='grc' dir='ltr'>δυνάμει</span> <span class='ocrx_word' id='word_1_299' title='bbox 519 4324 694 4424; x_wconf 85' lang='grc' dir='ltr'>θεότητος,</span> <span class='ocrx_word' id='word_1_300' title='bbox 720 4331 784 4424; x_wconf 76' lang='grc' dir='ltr'>τῆς</span> <span class='ocrx_word' id='word_1_301' title='bbox 814 4336 877 4406; x_wconf 89' lang='grc' dir='ltr'>τοῦ</span> <span class='ocrx_word' id='word_1_302' title='bbox 905 4335 1036 4406; x_wconf 86' lang='grc' dir='ltr'>κακοῦν</span> <span class='ocrx_word' id='word_1_303' title='bbox 1064 4325 1252 4413; x_wconf 87' lang='grc' dir='ltr'>ἐθέλοντος</span> <span class='ocrx_word' id='word_1_304' title='bbox 1280 4327 1351 4434; x_wconf 81' lang='grc' dir='ltr'>ἐξω</span> <span class='ocrx_word' id='word_1_305' title='bbox 1380 4331 1529 4430; x_wconf 86' lang='grc' dir='ltr'>γενέσθαι</span> 
     </span>
    </p>
   </div>
   <div class='ocr_carea' id='block_1_6' title="bbox 348 4473 1527 4620">
    <p class='ocr_par' dir='ltr' id='par_1_23' title="bbox 348 4473 1527 4620">
     <span class='ocr_line' id='line_1_34' title="bbox 385 4473 1527 4550; baseline 0.004 -20"><span class='ocrx_word' id='word_1_306' title='bbox 385 4496 409 4530; x_wconf 88' lang='lat'>1.</span> <span class='ocrx_word' id='word_1_307' title='bbox 428 4473 510 4547; x_wconf 79' lang='grc' dir='ltr'>παρὰ]</span> <span class='ocrx_word' id='word_1_308' title='bbox 525 4484 551 4540; x_wconf 80' lang='lat'>†</span> <span class='ocrx_word' id='word_1_309' title='bbox 567 4479 614 4530; x_wconf 90' lang='grc' dir='ltr'>τοῦ</span> <span class='ocrx_word' id='word_1_310' title='bbox 627 4475 697 4530; x_wconf 79' lang='lat' dir='ltr'><strong>Catt.</strong></span> <span class='ocrx_word' id='word_1_311' title='bbox 843 4495 883 4533; x_wconf 85' lang='grc' dir='ltr'>ιο.</span> <span class='ocrx_word' id='word_1_312' title='bbox 902 4479 1103 4548; x_wconf 85' lang='grc' dir='ltr'>διαγελάσαντες</span> <span class='ocrx_word' id='word_1_313' title='bbox 1118 4479 1189 4533; x_wconf 78' lang='lat' dir='ltr'>Catt.</span> <span class='ocrx_word' id='word_1_314' title='bbox 1335 4497 1375 4550; x_wconf 88' lang='lat'>15.</span> <span class='ocrx_word' id='word_1_315' title='bbox 1394 4483 1439 4534; x_wconf 83' lang='grc' dir='ltr'>οῦκ</span> <span class='ocrx_word' id='word_1_316' title='bbox 1450 4484 1500 4536; x_wconf 82' lang='grc' dir='ltr'>ἔστι</span> <span class='ocrx_word' id='word_1_317' title='bbox 1510 4501 1527 4535; x_wconf 83' lang='grc' dir='ltr'>α.</span> 
     </span>
     <span class='ocr_line' id='line_1_35' title="bbox 348 4545 1501 4620; baseline 0.008 -22"><span class='ocrx_word' id='word_1_318' title='bbox 348 4545 406 4616; x_wconf 84' lang='grc' dir='ltr'>ούχί</span> <span class='ocrx_word' id='word_1_319' title='bbox 420 4545 500 4602; x_wconf 84' lang='lat' dir='ltr'>Cotd.</span> <span class='ocrx_word' id='word_1_320' title='bbox 513 4547 543 4601; x_wconf 83' lang='grc' dir='ltr'>οῦ</span> <span class='ocrx_word' id='word_1_321' title='bbox 556 4545 607 4601; x_wconf 77' lang='lat' dir='ltr'>Ed.</span> <span class='ocrx_word' id='word_1_322' title='bbox 765 4565 804 4616; x_wconf 92' lang='lat'>19.</span> <span class='ocrx_word' id='word_1_323' title='bbox 825 4550 916 4603; x_wconf 85' lang='grc' dir='ltr'>ἐαυτοῦ</span> <span class='ocrx_word' id='word_1_324' title='bbox 929 4549 1000 4603; x_wconf 83' lang='lat' dir='ltr'>Catt.</span> <span class='ocrx_word' id='word_1_325' title='bbox 1155 4566 1199 4620; x_wconf 81' lang='lat'>32.</span> <span class='ocrx_word' id='word_1_326' title='bbox 1218 4553 1311 4604; x_wconf 81' lang='grc' dir='ltr'>κακοῦν</span> <span class='ocrx_word' id='word_1_327' title='bbox 1324 4551 1356 4604; x_wconf 80' lang='grc' dir='ltr'>Ε.</span> <span class='ocrx_word' id='word_1_328' title='bbox 1369 4555 1446 4606; x_wconf 86' lang='grc' dir='ltr'>κακοῦ</span> <span class='ocrx_word' id='word_1_329' title='bbox 1458 4553 1501 4608; x_wconf 83' lang='lat' dir='ltr'>Ed.</span> 
     </span>
    </p>
   </div>
   <div class='ocr_carea' id='block_1_7' title="bbox 0 0 1627 5114">
    <p class='ocr_par' dir='ltr' id='par_1_24' title="bbox 0 0 1627 5114">
     <span class='ocr_line' id='line_1_36' title="bbox 0 0 1627 5114; baseline 0 0"><span class='ocrx_word' id='word_1_330' title='bbox 0 0 1627 5114; x_wconf 95' lang='lat' dir='ltr'> </span> 
     </span>
    </p>
   </div>
  </div>
 </body>
</html>
