3184 5104
400 347 462 412 132
697 346 737 411 B.
761 345 971 411 CYRILLI
1001 345 1287 411 ALEXANDR.
1458 341 1490 404 vi*

400 514 448 595 ὡς
475 509 586 610 μηδὲν
610 511 652 590 τὸ
679 511 851 616 παροίπαν
873 513 1051 592 δύνασθαι
1079 509 1130 592 ὧν
1155 513 1264 616 ἐχρῆν
1288 514 1427 590 ἐννοεῖν.
1465 541 1490 604 μ

399 633 472 737 γὰρ
501 634 622 736 λόγων
649 635 898 743 περιστροφδις
929 637 1153 719 ἐπινοοῦντος
1185 636 1304 718 αὐτοῖς
1336 641 1398 714 τοῦ
1428 635 1490 710 Σω

399 759 500 858 ἡμῶν
528 763 702 862 Χριστοῦ,
733 758 807 838 ἅνω
840 793 878 840 τε
912 763 970 839 καὶ
1008 758 1106 840 κάτω
1140 757 1199 839 διδ
1231 765 1303 838 τῶν
1334 759 1449 836 αῦτιῦν
1479 760 1490 833 ί

399 880 578 986 ῥημάτων,
597 883 655 961 καὶ
673 880 739 982 τῆν
757 883 850 961 ἰδίαν
869 884 987 967 αὐτοῖς
1012 883 1196 983 ἀίδιότητα
1221 879 1456 985 πολυτρόπως
1480 913 1490 956 ι

399 1006 649 1104 σημαίνοντος,
669 1003 770 1086 οὐδέν
789 1005 885 1090 ὅλως
907 1004 1170 1109 διαλογίζονται
1193 1006 1307 1086 πλέον
1324 1001 1374 1084 ὧν
1392 1006 1490 1107 ὁρῦσ

399 1138 463 1209 τοῦ
491 1127 661 1227 σώματος
689 1131 903 1236 ὀφθαλμοῖς,
932 1127 1058 1231 ὥσπερ
1085 1129 1125 1208 δέ
1152 1135 1340 1213 παντελῶς
1367 1129 1490 1235 ἐξεστη

369 1255 458 1332 ῠκαὶ
483 1252 791 1356 παρακεκομμένοι
816 1261 880 1332 τοῦ
906 1261 969 1332 νοῦ
994 1253 1060 1353 τὴν
1078 1251 1267 1355 ἐνέργειαν,
1286 1253 1350 1331 οὐκ
1374 1252 1490 1330 ἀνατεὶ

398 1375 465 1476 τὴν
483 1376 630 1479 καρδίαν
648 1383 696 1461 είς
714 1375 760 1456 τὰ
778 1375 962 1478 πρέποντα
977 1381 1074 1484 θεῷ,
1092 1373 1206 1457 πάλιν
1225 1374 1263 1455 δὲ
1282 1377 1330 1459 ὦς
1348 1377 1398 1455 ἐνὶ
1419 1379 1490 1454 τῶν

343 1595 347 1600 ,
399 1499 492 1599 ἡμᾶς
517 1497 717 1602 ἀνθρώπων
739 1497 820 1580 τότε
848 1497 955 1598 μόλις
982 1499 1172 1608 ἀρξαμένῳ
1200 1497 1242 1580 τὸ
1267 1495 1354 1579 εἶναι
1381 1500 1437 1576 καὶ
1462 1497 1490 1574 ἐι

399 1623 483 1702 αῦσι
510 1630 637 1719 τελεῖν,
665 1621 723 1702 ὅτε
751 1625 809 1702 καὶ
838 1622 1056 1725 γεγέννηται,
1084 1621 1303 1727 παραλόγως
1333 1625 1490 1724 ἐγκαλοῦ

399 1751 543 1853 φεῦδος,
569 1745 650 1826 οὐδὲ
678 1746 767 1849 ὅπερ
795 1746 958 1846 ἥκουσαν
984 1743 1154 1848 λέγοντος
1181 1749 1379 1830 ἐννοοῦντες
1407 1746 1490 1848 ὀρθά

399 1868 465 1968 μέν
486 1868 559 1972 γὰρ
587 1868 658 1976 ἐφη
684 1875 876 1950 τεθεᾶσθαι
903 1868 968 1950 τὸν
984 1868 1158 1973 Ἀβραὰμ
1182 1868 1248 1969 τῆν
1269 1870 1405 1974 ἡμέραν
1425 1868 1490 1946 αῦτ

400 1990 438 2072 δέ
456 1993 665 2092 μεταθέντες
684 1990 776 2097 πρὸς
795 1991 838 2073 τὸ
856 1993 1016 2073 ἐναντίον
1033 1994 1130 2100 αὐτῷ
1147 2001 1211 2074 τοῦ
1230 1991 1343 2096 λόγου
1360 1993 1426 2093 τῆν
1439 1990 1490 2070 δόι

402 2113 493 2196 οῦπω
515 2115 587 2218 γιίρ
613 2123 730 2224 φασιν
748 2115 839 2215 ίχεις
859 2116 911 2211 ἐτη
928 2117 1131 2210 πεντήκοντα
1157 2123 1217 2197 καὶ
1241 2122 1319 2200 πῶς
1346 2115 1490 2197 τεθέασα

366 2239 591 2350 ᾱἋβριιιίμς
622 2240 772 2324 ἐλεεινὸς
796 2248 987 2344 τοιγαροῦν
1009 2241 1029 2320 ὃ
1054 2238 1258 2346 παράφρων
1274 2242 1490 2336 Ἰουδαΐος,π

401 2361 466 2463 μέν
484 2365 538 2443 ἀεὶ
562 2361 725 2466 συζήσας
750 2364 974 2471 ἀπαιδευσίᾳ,
993 2365 1125 2464 μανίαν
1147 2362 1184 2443 δέ
1210 2361 1276 2463 τῆν
1298 2363 1472 2443 ἁτίθασου

400 2483 559 2587 σιίμενος
577 2485 798 2596 σύντροφον.

351 2745 389 2817 58
417 2729 515 2804 Εἶπεν
543 2733 654 2804 αὐτοῖς
681 2739 699 2806 ὁ
722 2739 847 2806 Ἰιιοοῦι
870 2740 974 2817 Ἀμίιν
1002 2740 1088 2818 ἀμείν
1116 2741 1204 2816 λέγω
1229 2736 1312 2822 ὑμῖν,
1340 2739 1416 2828 πρὶν
1438 2739 1489 2816 ‘Af

832 2866 980 2940 Γενέσθαι
1006 2865 1073 2941 ὲτώ
1099 2863 1174 2944 εἰμι.

461 3027 583 3107 Πάλιν
601 3029 658 3109 ἐπὶ
677 3025 719 3108 τὸ
739 3027 893 3130 σύνηθες
913 3030 1085 3137 αὐτῷκαὶ
1105 3031 1216 3137 φίλον
1234 3027 1451 3130 ἐπιτήδευμα
1469 3036 1487 3122 fi

402 3149 579 3254 Χριστός.
621 3158 732 3232 λαλεῖ
746 3149 813 3252 μέν
829 3150 901 3256 γὰρ
919 3151 1003 3234 ἐσθ’
1024 3153 1082 3235 ῦτε
1100 3152 1197 3236 πολῦ
1216 3153 1300 3233 λίαν
1318 3157 1487 3255 αίνιγματ

403 3277 461 3354 καὶ
498 3273 683 3378 διαφόροις
719 3274 961 3384 ἐπικρῦφεσιν
999 3276 1212 3380 ἐπισκιάζων
1248 3276 1315 3377 τῆν
1349 3275 1486 3384 ἐξῆγηο

373 3401 518 3476 οπᾶσιν
536 3399 576 3502 ἐᾷ
601 3399 770 3498 γενέσθαι
795 3405 998 3506 καταφανῆ.
1038 3399 1128 3480 ἐπὰν
1150 3399 1188 3479 δέ
1213 3401 1387 3484 συνέντας
1412 3399 1471 3504 ’ίδη

402 3517 484 3603 τοῦς
502 3522 756 3622 ἀκροωμένους,
770 3521 852 3603 τότε
870 3529 933 3623 τῆς
953 3525 1130 3630 ἀσαφείας
1149 3521 1392 3630 ἀπαμφιαίσας
1411 3523 1476 3602 τὸν

401 3643 623 3746 παρατίθησι
652 3645 789 3748 γυμνὸν
812 3651 870 3727 καὶ
898 3651 1015 3754 σαφῆ,
1040 3644 1061 3727 δ
1088 3645 1132 3748 δῆ
1160 3649 1219 3726 καὶ
1247 3650 1335 3750 δρῦν
1356 3647 1416 3727 ἐπὶ
1444 3679 1485 3724 το

402 3765 528 3870 ρόντος
547 3769 732 3872 ἐπείγεται.
772 3771 892 3870 ἐπειδὴ
910 3770 982 3876 γὰρ
1001 3769 1101 3852 οὐδέν
1119 3769 1274 3874 εὑρίσκει
1292 3770 1479 3866 συνέντας,

403 3899 542 3994 μακροῦ
574 3891 851 3978 διιππεύσαντος
885 3894 1009 3997 λόγου,
1039 3893 1119 3974 οῦδέ
1148 3894 1359 3994 δυνηθέντας
1390 3897 1484 3974 ἐννοε

403 4017 462 4094 καὶ
490 4011 601 4098 ἀίδιός
628 4017 729 4095 ἐστιν
755 4021 804 4102 ὡς
830 4016 875 4126 ἐξ
900 4018 1014 4098 ἀϊδίου
1041 4015 1197 4121 Πατρός,
1220 4020 1278 4096 καί
1307 4017 1362 4097 ὅτι
1391 4017 1483 4120 μείζι

404 4135 575 4240 Ἀβραὰμ
602 4139 827 4240 ἅσυγκρίτως
853 4143 901 4224 ὡς
921 4140 1024 4238 Θεὸς,
1044 4137 1253 4248 ἀναφανδὸν
1272 4139 1340 4240 ἤδη
1366 4145 1483 4247 φησὶν

443 4372 467 4409 1.
485 4354 533 4426 διν]
547 4358 614 4410 νοεῖν
625 4357 660 4412 διν
673 4357 706 4411 B.
720 4357 872 4414 emendavit
887 4359 978 4415 Holst.
1073 4377 1113 4431 13.
1133 4360 1161 4415 δέ
1172 4360 1352 4430 μεταθέντεςο
1366 4359 1428 4414 Cat.
1446 4359 1482 4413 Ηι

404 4433 432 4478 et
443 4427 481 4478 ita
493 4443 517 4480 a.
529 4427 682 4495 μεταθέντες
694 4429 726 4498 δὴ
740 4429 772 4482 Β.
789 4429 837 4484 fle.
880 4429 1042 4502 πρὸς]εἷςα.
1085 4431 1246 4505 αῦτφεδίᾶί.
1258 4433 1321 4487 abra
1336 4431 1369 4487 B.
1382 4431 1433 4486 Ht.
1472 4431 1481 4485 l

406 4493 540 4549 habenta.
554 4497 625 4552 Aub.
768 4501 809 4555 18.
828 4501 893 4570 ἀμὴν
905 4503 950 4554 alt.
963 4510 1133 4572 assumptum
1145 4519 1178 4557 ex
1192 4502 1225 4557 B.
1371 4519 1416 4575 23.
1438 4525 1481 4557 σοι

405 4579 450 4632 24.
468 4565 639 4635 ἀπαμφιείσος
653 4569 676 4622 Β
690 4588 722 4624 ex
735 4588 803 4626 corr.
816 4571 984 4644 θταμφιέσατ
996 4590 1020 4628 a.
1034 4572 1085 4628 Ed.
