3118 5132
302 349 368 412 408
608 354 647 420 B.
671 355 881 420 OYRILLI
911 355 1202 420 ALEXANDR.
1350 353 1415 418 xiv.
1428 367 1460 435 5,
1476 347 1512 410 6-

137 535 225 588 (hl-v·
233 551 257 599 4·
304 515 633 618 ἀπηλλοτριῶσθαί
655 525 772 626 φησιν
800 518 872 599 ἀπὸ
899 525 1076 624 Χριστοῦ“
1092 522 1151 599 καὶ
1179 524 1243 619 τῆς
1270 517 1416 624 χάριτος
1441 517 1510 595 ἐκ·

303 645 438 734 πεσεῖν,
467 639 525 720 διὰ
556 651 620 722 τοῦ
649 647 874 724 δικαιοῦσθαι
904 652 1025 750 φιλεῖν
1051 648 1091 723 ἐκ
1121 642 1243 742 νόμον.
1294 642 1403 744 ὅνπερ
1433 637 1517 741 γὰρ

303 758 440 863 τρόπον
467 766 487 843 5
515 770 579 865 τῆς
606 767 838 870 τετριμμένης
870 801 908 847 τε
939 771 997 846 καὶ
1030 768 1165 851 εὐθείας
1195 768 1375 848 ἐκπίπτων
1402 766 1512 861 ὁδοῦ,

304 882 351 963 τά
375 886 415 964 ἐκ
439 897 504 968 τοῦ
529 896 743 971 πλανᾶσθαι
770 890 916 974 πάντως
944 888 1192 990 ῖποστήσεται
1216 887 1354 988 βλάβη·
1384 890 1518 984 οὕτως,

272 1005 415 1108 δοῖμαι,
433 1015 491 1090 καὶ
516 1014 583 1118 οὐχ
608 1013 734 1116 ἐτέρως
759 1020 792 1094 οἱ
816 1013 883 1114 τὴν
900 1016 938 1094 ἐν
956 1020 1111 1123 Χριστῷ
1129 1013 1360 1112 δικαιοσύνην
1377 1045 1511 1112 παρω·

305 1131 467 1232 σάμενοι,
486 1138 627 1235 καὶτῆς
649 1139 879 1240 εὐαγγελικῆς
903 1138 1086 1222 πολιτείας
1111 1137 1177 1237 τὴν
1194 1135 1381 1217 παίδευσιν
1399 1137 1435 1214 ἐν
1456 1141 1520 1243 τῷ

304 1257 429 1354 μηδενὶ
455 1260 659 1356 τεθεικότες,
687 1259 754 1360 τὴν
781 1261 855 1341 ἅνω
882 1261 993 1342 πόλιν
1021 1263 1086 1340 οὐκ
1115 1259 1283 1367 ὄψονται,
1312 1258 1397 1338 ἀλλ’
1425 1259 1518 1338 οὐδὲ

305 1385 380 1462 τοῖς
398 1381 512 1482 ἁγίοις
529 1383 858 1484 σννδιαιτήσονται.
900 1382 983 1470 ὁδὸς
1006 1383 1079 1489 γὰρ
1105 1385 1128 1484 ἡ
1153 1383 1245 1488 πρὸς
1270 1391 1375 1463 τοῦτο
1399 1385 1513 1480 κομί-

306 1500 430 1604 ζουσα,
449 1503 559 1604 μόνος
577 1508 677 1586 ἐστὶν
696 1509 716 1587 5
735 1505 909 1610 Χριστός.

275 1776 398 1853 δλὲτει
424 1780 515 1864 αὐτῷ
540 1781 662 1859 Θωμᾶο
687 1782 756 1849 Οὐκ
782 1779 919 1860 οἴδαμεν
941 1786 1003 1848 ποῦ
1028 1783 1172 1864 ὑπάτοιο,
1192 1781 1244 1846 καὶ
1271 1781 1343 1847 ιτῶο
1369 1775 1516 1856 οἴδαμεν

275 1914 295 1972 6
357 1902 417 1970 τέιν
443 1903 522 1971 ὁδόν
533 1935 543 1989 5
581 1908 669 1982 λὲτει
701 1908 792 1993 αὐτῷ
824 1909 843 1975 5
869 1909 999 1974 Ἰιιοοῦο
1024 1905 1115 1982 Ἐτὼ
1145 1904 1210 1984 εἶμι
1243 1908 1261 1971 ἐι
1291 1905 1369 1974 ὁδόο
1400 1905 1454 1969 καί
1490 1911 1508 1970 ἑ

356 2027 496 2095 ἀλήθεια
524 2032 623 2098 καλή
652 2035 728 2123 ζωή·
763 2031 871 2100 οὐδεὶς
897 2033 1027 2124 ἔρχεται
1053 2032 1137 2123 πρὸς
1165 2033 1220 2100 τὸν
1242 2033 1383 2121 Πατέρα,
1405 2028 1433 2096 εἰ
1462 2033 1514 2108 μή

277 2166 295 2210 ⁰
358 2153 395 2221 δι’
419 2155 512 2233 ἐμοῦ.

362 2319 478 2399 Οὔπω
520 2317 714 2424 διαρρήδην
752 2326 862 2400 είπεῖν
896 2317 1113 2420 ἐθελήσαντι
1150 2323 1202 2426 τῷ
1237 2323 1390 2426 Χριστῷ
1432 2327 1519 2404 τοῖς

305 2442 432 2522 ἑαυτοῦ
459 2449 647 2542 μαθηταῖς,
676 2443 731 2523 ὅτι
758 2447 934 2538 βαδιεῖται
962 2442 1053 2547 πρὸς
1079 2441 1146 2543 τὴν
1174 2442 1259 2540 άνω,
1287 2445 1345 2522 καὶ
1372 2445 1516 2542 ἀποδη-

305 2564 416 2666 μήσει
447 2566 539 2667 πρὸς
569 2565 633 2646 τὸν
660 2565 818 2670 Πατέρα,
846 2571 1117 2669 αἰνιγματωδῶς
1143 2564 1257 2668 γεμὴν
1284 2565 1334 2644 ἐτι
1363 2569 1420 2644 καὶ
1448 2566 1517 2645 διὰ

305 2695 459 2768 πολλῶν
478 2683 672 2796 ἐμφάσεων
690 2687 733 2769 τὸ
751 2697 905 2793 πρᾶγμα
924 2688 1149 2790 σημαίνοντι,
1171 2687 1416 2793 προσεκάμισε
1441 2687 1518 2787 τὴν

305 2819 435 2893 πεῦσιν
457 2814 477 2892 5
504 2811 679 2914 μαθητής·
712 2817 849 2921 Θωμάς
876 2813 915 2894 δέ
944 2814 990 2916 ἦν
1011 2813 1126 2898 οὗτος·
1157 2815 1215 2893 καὶ
1242 2811 1517 2892 συναναπλέκει

306 2934 387 3016 τινὰ
413 2935 606 3040 λογισμὸν,
634 2971 826 3043 μονονουχι
854 2972 913 3018 και
941 2940 1009 3042 οὐχ
1037 2935 1164 3017 ἑκόντα
1197 2937 1316 3039 λε’γειν
1343 2936 1510 3038 ἐκβιαζό-

306 3093 422 3160 μενος,
446 3063 505 3140 καὶ
532 3060 615 3140 ὅσοι
641 3060 729 3142 ποτέ
757 3060 982 3216 πορεύσεται,
1009 3064 1068 3141 καὶ
1096 3059 1138 3140 οὗ
1165 3063 1229 3160 τῆς
1257 3057 1512 3158 άποδημίας’
1490 3095 1535 3160 ηι

273 3181 389 3269 ᾶὸδὸς
416 3185 648 3264 σνντείνεται.
702 3187 744 3265 οὐ
774 3184 847 3289 γὰρ
878 3185 998 3286 ἴσμεν,
1026 3185 1110 3292 ἐφη,
1140 3187 1206 3265 ποῖ
1237 3180 1402 3286 οπιίγεις,
1431 3179 1515 3263 εἶτα

306 3343 381 3393 πως
399 3304 444 3386 ἂν
463 3305 684 3408 εἰδείημεν
650 3345 705 3402 την
723 3305 814 3405 5553
844 3312 904 3390 καὶ
921 3309 963 3390 τὸ
982 3308 1048 3407 μέν
1067 3305 1217 3416 σφόδρα
1237 3307 1425 3411 περίεργον
1443 3315 1515 3386 τοῦ

304 3435 467 3530 μαθητοῦ
494 3429 709 3534 παρελαύνει
726 3433 903 3534 Χριστός·
943 3435 985 3514 05
1009 3431 1082 3534 γὰρ
1106 3431 1337 3534 ἀποκρίνεταί
1358 3463 1391 3509 τι
1416 3428 1515 3532 πρὸς

305 3587 393 3656 οπερ
412 3553 602 3653 ἤθελεν’
559 3553 667 3639 αυτὸς
684 3557 820 3655 ἁλλ’,’
803 3563 913 3636 εκεῖνο
936 3590 981 3661 τη
964 3549 1080 3662 ιδίρ
1104 3553 1239 3658 γνώσει
1257 3551 1430 3656 τηρήσας,
1450 3557 1514 3632 καὶ

305 3681 416 3784 καιρῷ
434 3684 582 3776 μᾶλλον
600 3681 741 3763 άναθεις
758 3714 810 3786 τερ
794 3635 1125 3786 πρεπωδεστέριρ,
1145 3675 1394 3757 διεκκαλύπτει
1411 3711 1510 3779 χρη-
1530 3705 1534 3742 2

305 3800 433 3899 σίμως,
456 3800 544 3904 ὅπερ
571 3799 617 3900 ἦν
644 3803 764 3886 αὐτοῖς
788 3755 984 3903 ῖῖναγκαῖον
1009 3807 1057 3886 εἷς
1085 3800 1257 3901 μάθησιν.
1297 3797 1364 3902 ἐγὼ
1389 3801 1513 3880 τοίνυν

306 3927 378 4028 εἰμί
403 3929 559 4028 φησινῆ
587 3919 671 4024 ὁδις,
696 3925 767 4028 ἐγὼ
795 3929 812 4021 ἦ
841 3925 992 4024 ἀλήθεια,
1013 3923 1085 4030 ἐγὼ
1114 3930 1131 4020 ἦ
1158 3927 1233 4033 ζωή.
1276 3926 1333 4001 καὶ
1360 3921 1414 4001 ὅτι
1442 3923 1513 4019 μέν

276 4047 445 4147 θάληθὴς
468 4053 551 4150 περὶ
576 4048 702 4128 ἑαυτοῦ
727 4057 841 4128 ταῦτα
865 4050 1024 4151 λέγωνὸ
1048 4049 1190 4152 Κύριος,
1210 4047 1323 4129 οὐδεὶς
1348 4043 1392 4124 ἂν
1410 4041 1512 4142 οἶμαι

306 4176 379 4249 τῶν
409 4170 449 4249 εὖ
481 4171 713 4276 φρονούντων
745 4170 914 4277 ἐνδοιάσῃ
948 4173 1107 4253 πώποτε·
1154 4167 1255 4268 πλὴν
1288 4172 1399 4249 ἐκεῖνο
1436 4173 1512 4248 δεῖν

307 4293 556 4392 ὑπολαμβάνω
575 4291 727 4396 ζητῆσαι
746 4301 973 4400 φιλομαθεῖς.
1011 4303 1076 4375 τοῦ
1094 4292 1166 4398 γὰρ
1188 4292 1233 4393 δὴ
1256 4290 1375 4397 χάριν,
1394 4293 1509 4370 καίτοι
1525 4315 1533 4373 Ε

300 4537 305 4544 ·
345 4531 368 4570 1.
376 4513 540 4570 aedom-E
637 4527 664 4584 7.
682 4512 824 4602 ὄψετριΕ.
923 4528 965 4585 15.
982 4513 1179 4628 βαδιοῦντοιΕ.
1281 4529 1323 4584 19.
1342 4511 1461 4583 οὖχοω.
1476 4509 1508 4564 Ε.

307 4599 350 4654 29.
368 4582 619 4656 εδφρονοίντωνΕ.
633 4583 893 4658 είφρονοῦντωνΕδ.
