3274 5118
314 266 378 332 548
616 267 657 330 B.
681 263 892 330 OYRILLI
921 261 1211 330 ALEXANDR.
1421 276 1524 322 xm.

146 437 269 553 {3³33}
315 429 482 530 κλήματα
499 429 564 530 μέν
582 427 750 529 ε’σάμεθα,
770 428 876 532 νεκρὰ
894 429 932 510 δέ
950 428 1046 529 ὅμως
1065 431 1124 510 καὶ
1142 429 1299 532 ἀκαρπα.
1340 425 1428 529 δίχα
1448 422 1524 524 γὰρ

148 539 269 632 ιιθίο.Ι
285 553 468 658 ιιὲργωνή
493 555 616 638 πίστις
634 554 741 658 νεκρά
767 557 857 652 ε’στι,
876 552 968 634 κατὰ
992 551 1058 654 πήν
1080 562 1145 634 τοῦ
1173 553 1277 654 ἁγίου
1306 546 1451 656 φωιήν.
1492 551 1524 624 εί

313 678 433 758 τοίνυν
455 677 526 781 ἀρα
554 677 644 758 κατὰ
671 687 799 759 τοῦτον
822 675 886 758 τὸν
907 677 1042 781 τρόπον
1066 675 1180 785 ἀρῷτά
1207 709 1246 756 τε
1275 677 1334 755 καὶ
1362 672 1525 775 ι’πάρχοι

316 799 450 908 κλήμα,
470 800 597 902 μάτην,
621 804 669 886 ὡς
696 801 780 886 έπος
807 808 926 898 εἰπεῖν,
950 809 1023 881 τῶν
1046 805 1110 901 τῆς
1137 799 1302 900 ἀμπέλου
1328 796 1524 900 στελέχων

315 923 649 1027 ε’κκεκρεμασμένον,
668 925 761 1006 ’ίστω
786 923 830 1026 δή
854 925 999 1010 πάντως
1024 931 1069 1030 τῇ
1093 933 1158 1006 τοῦ
1176 931 1338 1026 γεωργοῦ
1356 917 1554 1025 δρεπᾶνῃε

314 1048 619 1153 περιτευξόμενος.
667 1052 841 1149 ἀποτεμεΐ
863 1048 935 1154 γάρ
962 1047 1106 1134 πάντως
1135 1047 1233 1146 αὐτὸ,
1260 1049 1319 1128 καὶ
1351 1042 1522 1144 καθάπερ

311 1179 445 1254 είκαῖον
475 1173 661 1281 συρφετὸν
689 1175 776 1276 πυρὶ
812 1175 981 1274 νέμεσθαι
1016 1173 1139 1255 δώσει·
1191 1181 1297 1254 τοῦτο
1333 1169 1406 1272 γάρ
1443 1173 1522 1247 τῶν
1631 1235 1632 1260 ,

313 1295 486 1401 ἀκάρπων
508 1298 549 1378 τὸ
577 1305 697 1399 κρῖμα·
729 1297 890 1402 καθάπερ
917 1295 1015 1396 οἶμαι
1043 1302 1101 1378 καὶ
1128 1300 1187 1379 ε’πὶ
1211 1301 1275 1396 τῆς
1300 1298 1347 1378 ὡς
1370 1297 1408 1372 έν
1434 1292 1520 1372 εἴδει

313 1425 532 1525 παραβολῆς
558 1422 862 1526 παραληφθείσης
888 1426 1012 1522 συκής,
1034 1427 1085 1530 τῷ
1112 1419 1331 1526 γηπονοῦντί
1355 1428 1476 1524 φησιν
1497 1417 1519 1493 ὁ
1631 1411 1632 1426 ³

145 1536 245 1668 {iffi
281 1547 378 1624 broz]
403 1545 535 1650 χωρίου
561 1541 740 1645 δεσπότης
759 1542 986 1653 ((Ἔκκοψον
1007 1544 1128 1646 αὐτὴν,
1151 1545 1246 1624 ἱνατί
1269 1545 1328 1624 καὶ
1355 1539 1424 1640 τήν
1445 1542 1521 1640 γῆν
1537 1573 1574 1617 το

315 1677 340 1714 “
358 1667 577 1772 καταργεῖ;”
608 1669 701 1748 οὕτω
729 1668 881 1749 κάνθάδε
910 1666 1038 1771 νομίζω
1065 1667 1129 1749 τὸν
1151 1667 1320 1748 ἁπάντων
1339 1662 1438 1744 Θεὸν
1454 1667 1520 1744 καὶ

316 1791 474 1894 Πατέρα,
491 1787 555 1871 τάν
573 1789 729 1894 στεγνάν
746 1825 785 1872 τε
807 1794 866 1870 καὶ
888 1791 1019 1894 ἄγονον
1037 1799 1110 1872 τῶν
1128 1788 1323 1892 κλημάτων
1340 1787 1515 1890 ἀποθερί-

314 1913 384 2018 ζειν
409 1915 532 2021 ὄχλον,
559 1917 612 1996 ἐπ’
642 1917 757 1995 οὐδενὶ
784 1921 857 1995 τῶν
885 1917 1075 2021 χρησίμων
1101 1919 1165 2016 τής
1193 1917 1319 2013 νοητῆς
1347 1911 1519 2012 ἀμπέλου

314 2040 598 2143 παρηρτημένον.
632 2037 730 2140 οἶμαι
749 2039 787 2120 δὲ
806 2038 888 2142 ἐγὼ,
907 2039 971 2120 τὸν
992 2046 1065 2120 τῶν
1086 2037 1264 2142 ἡμετέρων
1282 2042 1414 2144 ψυχῶν
1432 2039 1515 2116 ε’πι-

313 2163 485 2265 μελητὴν,
505 2163 671 2245 τουτέστι
694 2162 800 2262 Θεὸν,
819 2163 989 2271 ἐπιδεῖξαι
1013 2163 1130 2244 θέλειν
1149 2161 1207 2244 διὰ
1231 2167 1294 2262 τῆς
1319 2164 1358 2242 ἐν
1375 2161 1518 2245 τούτοις
1532 2185 1569 2246 ¹5

313 2293 539 2391 παραβολῆς,
558 2287 681 2369 ὁποῖόν
703 2323 742 2369 τε
769 2291 827 2368 καὶ
856 2287 946 2368 ὅσον
968 2285 1133 2386 ὑπομένει
1157 2285 1199 2367 τὸ
1227 2283 1370 2383 βλάβος
1398 2287 1421 2384 ἡ
1450 2289 1517 2384 τῆς

314 2411 406 2514 πρὸς
434 2411 542 2492 αὐτὸν
570 2413 752 2497 κοινωνίας
779 2414 1029 2512 ἀποτμηθεῖσα
1055 2409 1170 2518 ψυχή.
1213 2409 1305 2514 πρὸς
1332 2407 1374 2489 τὸ
1402 2408 1516 2509 μηδὲν

315 2532 387 2638 γάρ
407 2533 591 2640 οἰχήσεται
609 2539 667 2616 καὶ
686 2536 868 2640 ἄχρηστος
887 2535 989 2614 ἔσται
1007 2533 1097 2637 πρὸς
1114 2541 1241 2615 πᾶσαν
1257 2533 1514 2636 ἀγαθουργίαν,

285 2657 576 2765 οάναμφιβόλως
616 2657 730 2760 γεμήν
771 2657 922 2738 κολάσει
961 2657 1260 2762 παραδοθήσεται,
1298 2659 1358 2737 καὶ
1399 2653 1515 2760 πυρὸς

316 2781 418 2862 ἔσται
446 2791 510 2862 τοῦ
537 2780 738 2890 παμφάγου
764 2780 895 2888 τροφή.
942 2785 1000 2862 καὶ
1028 2789 1117 2884 γοῦν
1145 2781 1203 2860 διὰ
1230 2788 1294 2861 τοῦ
1320 2777 1514 2886 προφήτου
1529 2812 1567 2854 20

314 2904 428 2988 πάλιν
444 2905 611 3010 Ἱεζεκιήλ
629 2902 715 2986 αὐτὸ
735 2903 778 3006 δή
797 2914 904 2985 τοῦτο
921 2908 979 2985 καὶ
997 2905 1100 3006 μάλα
1121 2911 1254 3012 σαφῶς
1276 2905 1514 3009 διερμηνεάων

314 3027 441 3133 ἔλεγεν
460 3041 482 3078 “
496 3029 560 3110 Υἱὲ
579 3029 779 3132 ἀνθρώπου,
797 3030 836 3110 τί
850 3027 895 3108 ἀν
912 3029 1049 3132 γένοιτο
1067 3029 1109 3110 τὸ
1128 3030 1242 3138 ξύλον
1259 3033 1321 3128 τῆς
1344 3025 1514 3128 ἀμπέλου

314 3164 336 3201 “
354 3157 393 3234 ἐκ
425 3153 573 3236 πάντων
604 3142 677 3235 τῶν
709 3152 832 3261 ξύλων
863 3159 937 3234 τῶν
969 3153 1083 3234 ὅντων
1114 3156 1151 3234 ἐν
1183 3161 1256 3239 τοῖς
1292 3153 1416 3260 ξύλοις
1446 3160 1512 3233 τοῦ

314 3287 337 3326 “
354 3282 512 3380 δρυμοῦ;
550 3275 601 3378 μή
629 3276 815 3384 λήψονται
842 3278 887 3385 ἐξ
911 3278 1020 3358 αὐτοῦ
1049 3275 1163 3384 ξύλον
1190 3285 1254 3357 τοῦ
1284 3281 1435 3376 ποιήσαι
1464 3281 1513 3359 εἰς

313 3409 335 3447 “
354 3403 552 3503 ἐργασίαν,
583 3399 606 3502 ἢ
632 3409 696 3480 τοῦ
721 3400 899 3504 κρεμάσαι
921 3403 960 3480 ἐν
977 3401 1073 3508 αὐτῷ
1098 3407 1172 3481 πᾶν
1189 3409 1329 3499 σκεῦος,
1347 3399 1414 3500 τὴν
1431 3400 1510 3478 κατ’
1526 3433 1563 3493 ι5

314 3531 336 3568 “
355 3511 514 3603 ε’νιαυτδν
538 3522 716 3626 κάθαρσιν
741 3526 850 3624 αὐτῆς
877 3524 1064 3603 ἀναλίσκει
1092 3521 1134 3603 τὸ
1162 3532 1249 3628 πῦρ,
1271 3526 1329 3604 καὶ
1356 3524 1511 3603 ε’κλείπει

280 3654 337 3727 d“
355 3651 403 3730 εἷς
421 3643 536 3743 τέλος,
555 3646 605 3745 μὴ
624 3647 804 3751 χρήσιμον
822 3647 924 3728 ἔσται
947 3652 996 3731 εἰς
1014 3648 1189 3750 ἐργασίαν
1201 3649 1233 3745 ;”
1262 3647 1368 3731 σύνες
1385 3645 1429 3746 δή
1448 3647 1512 3726 οὖν

313 3767 356 3849 τὸ
386 3765 489 3877 ἅπαξ
514 3769 731 3870 ἀποτμηθὲν,
753 3774 812 3849 καὶ
839 3767 1049 3872 ὁλοκλήρως
1076 3771 1371 3871 ἀπεσπασμένον,
1393 3770 1510 3876 ἀχρη-

313 3927 406 3974 στον
423 3890 490 3991 μέν
507 3899 694 3978 παντελῶς
719 3896 778 3972 καὶ
802 3898 852 3978 είς
875 3891 976 3974 οὐδέν
999 3893 1050 3973 έτι
1074 3901 1146 3974 τῶν
1168 3893 1371 3997 ἀναγκαίων
1392 3929 1511 4000 παρα-

312 4022 497 4123 ληφθῆναι
527 4015 731 4118 δυνάμενον,
757 4015 855 4126 μόνιρ
884 4015 921 4097 δέ
949 4017 1044 4124 τάχα
1072 4027 1293 4124 χρησιμεῦον
1319 4018 1416 4122 πυρί.
1457 4016 1511 4122 ἀρ’
1526 4045 1567 4103 30

313 4142 375 4220 οὖν
407 4143 449 4220 οὐ
480 4139 675 4245 πρόδηλον,
708 4144 757 4226 ὡς
793 4147 822 4221 εἰ
859 4143 918 4221 καὶ
956 4140 1079 4245 κλῆμα
1115 4143 1313 4244 γενοίμεθα,
1346 4147 1409 4242 τῆς
1446 4143 1512 4243 μέν
1631 4153 1632 4162 ’

144 3017 269 3073 Ειοὶων.

146 3100 202 3148 2-4.

348 4364 374 4422 5.
393 4351 627 4422 ε’κκεκρεμοσμίνον
638 4355 741 4410 correxi
753 4371 785 4409 ex
797 4353 840 4418 Ε.,
852 4353 900 4425 qui
914 4351 1167 4423 ε’κκεκρεμμιισμένον
1179 4353 1295 4410 exhibet.
1307 4354 1509 4426 ε’κκεκρεμοσμέ·

313 4443 363 4564 :gv
375 4421 433 4547 ἔτι
447 4423 571 4564 Micam&
588 4427 799 4497 τιεριτευξόμενος
810 4424 843 4479 Ε.
856 4424 1071 4494 περιτευξόμενον
1082 4424 1135 4480 Ed.
1256 4439 1299 4496 25.
1317 4429 1463 4497 κρεμμᾶσοι
1476 4427 1508 4482 Ε.
