<?xml version="1.0" encoding="UTF-8"?>
<!DOCTYPE html PUBLIC "-//W3C//DTD XHTML 1.0 Transitional//EN"
    "http://www.w3.org/TR/xhtml1/DTD/xhtml1-transitional.dtd">
<html xmlns="http://www.w3.org/1999/xhtml" xml:lang="en" lang="en">
 <head>
  <title>
</title>
<meta http-equiv="Content-Type" content="text/html;charset=utf-8" />
  <meta name='ocr-system' content='tesseract 3.04.00' />
  <meta name='ocr-capabilities' content='ocr_page ocr_carea ocr_par ocr_line ocrx_word'/>
</head>
<body>
  <div class='ocr_page' id='page_1' title='image "./sanctipatrisnos02pusegoog_0701.png"; bbox 0 0 3238 5114; ppageno 0'>
   <div class='ocr_carea' id='block_1_1' title="bbox 563 1247 893 1326">
    <p class='ocr_par' dir='ltr' id='par_1_1' title="bbox 563 1247 893 1326">
     <span class='ocr_line' id='line_1_1' title="bbox 563 1247 893 1326; baseline 0.009 -3"><span class='ocrx_word' id='word_1_1' title='bbox 563 1247 801 1324; x_wconf 84' lang='grc' dir='ltr'><strong>ΚΕΦΑΛΗ</strong></span> <span class='ocrx_word' id='word_1_2' title='bbox 845 1251 893 1326; x_wconf 91' lang='grc' dir='ltr'>Δ.</span> 
     </span>
    </p>
   </div>
   <div class='ocr_carea' id='block_1_2' title="bbox 123 1514 1329 1728">
    <p class='ocr_par' dir='ltr' id='par_1_2' title="bbox 123 1514 1329 1728">
     <span class='ocr_line' id='line_1_2' title="bbox 123 1514 1329 1606; baseline 0.003 -25"><span class='ocrx_word' id='word_1_3' title='bbox 123 1514 195 1582; x_wconf 72' lang='grc' dir='ltr'>Ὀτι</span> <span class='ocrx_word' id='word_1_4' title='bbox 217 1517 279 1583; x_wconf 80' lang='grc' dir='ltr'>κατ’</span> <span class='ocrx_word' id='word_1_5' title='bbox 295 1519 403 1585; x_wconf 81' lang='grc' dir='ltr'>οὐδένα</span> <span class='ocrx_word' id='word_1_6' title='bbox 424 1521 534 1602; x_wconf 86' lang='grc' dir='ltr'>τρόπον</span> <span class='ocrx_word' id='word_1_7' title='bbox 554 1519 688 1600; x_wconf 80' lang='grc' dir='ltr'>ἀδικήσει</span> <span class='ocrx_word' id='word_1_8' title='bbox 710 1526 763 1586; x_wconf 85' lang='grc' dir='ltr'>τού</span> <span class='ocrx_word' id='word_1_9' title='bbox 784 1523 859 1586; x_wconf 67' lang='lat' dir='ltr'>Tlos,</span> <span class='ocrx_word' id='word_1_10' title='bbox 880 1521 934 1601; x_wconf 79' lang='grc' dir='ltr'>τὴν</span> <span class='ocrx_word' id='word_1_11' title='bbox 955 1521 1045 1602; x_wconf 84' lang='grc' dir='ltr'>δόξαν</span> <span class='ocrx_word' id='word_1_12' title='bbox 1069 1521 1103 1586; x_wconf 91' lang='grc' dir='ltr'>τδ</span> <span class='ocrx_word' id='word_1_13' title='bbox 1125 1521 1279 1606; x_wconf 70' lang='grc' dir='ltr'>εἰληφέναι</span> <span class='ocrx_word' id='word_1_14' title='bbox 1300 1547 1329 1586; x_wconf 92' lang='grc' dir='ltr'>τι</span> 
     </span>
     <span class='ocr_line' id='line_1_3' title="bbox 223 1639 1235 1728; baseline 0.003 -25"><span class='ocrx_word' id='word_1_15' title='bbox 223 1639 366 1723; x_wconf 83' lang='grc' dir='ltr'>λέγεσθαι</span> <span class='ocrx_word' id='word_1_16' title='bbox 388 1644 466 1724; x_wconf 77' lang='grc' dir='ltr'>παρὰ</span> <span class='ocrx_word' id='word_1_17' title='bbox 489 1645 541 1706; x_wconf 86' lang='grc' dir='ltr'>πού</span> <span class='ocrx_word' id='word_1_18' title='bbox 563 1646 646 1708; x_wconf 85' lang='grc' dir='ltr'>Θεαύ</span> <span class='ocrx_word' id='word_1_19' title='bbox 670 1643 718 1708; x_wconf 77' lang='grc' dir='ltr'>καί</span> <span class='ocrx_word' id='word_1_20' title='bbox 741 1642 871 1725; x_wconf 84' lang='grc' dir='ltr'>Πατρδς,</span> <span class='ocrx_word' id='word_1_21' title='bbox 897 1643 1019 1728; x_wconf 79' lang='grc' dir='ltr'>ἔχοντος</span> <span class='ocrx_word' id='word_1_22' title='bbox 1044 1643 1156 1724; x_wconf 77' lang='grc' dir='ltr'>εὐσεβῆ</span> <span class='ocrx_word' id='word_1_23' title='bbox 1182 1647 1235 1707; x_wconf 85' lang='grc' dir='ltr'>τοΰ</span> 
     </span>
    </p>
   </div>
   <div class='ocr_carea' id='block_1_3' title="bbox 548 1757 876 1841">
    <p class='ocr_par' dir='ltr' id='par_1_3' title="bbox 548 1757 876 1841">
     <span class='ocr_line' id='line_1_4' title="bbox 548 1757 876 1841; baseline 0 -19"><span class='ocrx_word' id='word_1_24' title='bbox 548 1825 559 1834; x_wconf 65' lang='grc'>,</span> <span class='ocrx_word' id='word_1_25' title='bbox 579 1757 751 1841; x_wconf 81' lang='grc' dir='ltr'>πράγματος</span> <span class='ocrx_word' id='word_1_26' title='bbox 771 1761 876 1841; x_wconf 88' lang='grc' dir='ltr'>λόγον.</span> 
     </span>
    </p>
   </div>
   <div class='ocr_carea' id='block_1_4' title="bbox 96 2013 1359 2106">
    <p class='ocr_par' dir='ltr' id='par_1_4' title="bbox 96 2013 1359 2106">
     <span class='ocr_line' id='line_1_5' title="bbox 96 2013 1359 2106; baseline 0.004 -26"><span class='ocrx_word' id='word_1_27' title='bbox 96 2041 114 2101; x_wconf 88' lang='lat'>5</span> <span class='ocrx_word' id='word_1_28' title='bbox 193 2015 307 2082; x_wconf 83' lang='grc' dir='ltr'>Καθὼα</span> <span class='ocrx_word' id='word_1_29' title='bbox 334 2017 463 2084; x_wconf 70' lang='grc' dir='ltr'>ἔδωκας</span> <span class='ocrx_word' id='word_1_30' title='bbox 490 2019 580 2103; x_wconf 88' lang='grc' dir='ltr'>αὐτῷ</span> <span class='ocrx_word' id='word_1_31' title='bbox 607 2013 757 2088; x_wconf 73' lang='grc' dir='ltr'>ἐξουσίαν</span> <span class='ocrx_word' id='word_1_32' title='bbox 784 2021 891 2085; x_wconf 71' lang='lat' dir='ltr'>udone</span> <span class='ocrx_word' id='word_1_33' title='bbox 918 2019 1048 2106; x_wconf 83' lang='grc' dir='ltr'>σαρκδο,</span> <span class='ocrx_word' id='word_1_34' title='bbox 1074 2018 1128 2082; x_wconf 80' lang='grc' dir='ltr'>ἵνα</span> <span class='ocrx_word' id='word_1_35' title='bbox 1155 2017 1264 2085; x_wconf 82' lang='grc' dir='ltr'>πᾶνδ</span> <span class='ocrx_word' id='word_1_36' title='bbox 1344 2047 1359 2085; x_wconf 85' lang='lat'><em>2</em></span> 
     </span>
    </p>
   </div>
   <div class='ocr_carea' id='block_1_5' title="bbox 320 2133 1362 2232">
    <p class='ocr_par' dir='ltr' id='par_1_5' title="bbox 320 2133 1362 2232">
     <span class='ocr_line' id='line_1_6' title="bbox 320 2133 1362 2232; baseline 0 -25"><span class='ocrx_word' id='word_1_37' title='bbox 320 2141 468 2208; x_wconf 81' lang='grc' dir='ltr'>δέδωκας</span> <span class='ocrx_word' id='word_1_38' title='bbox 495 2143 591 2228; x_wconf 82' lang='grc' dir='ltr'>αὐτῷ,</span> <span class='ocrx_word' id='word_1_39' title='bbox 618 2143 717 2210; x_wconf 83' lang='grc' dir='ltr'>δώσει</span> <span class='ocrx_word' id='word_1_40' title='bbox 745 2140 856 2209; x_wconf 83' lang='grc' dir='ltr'>αὐτοῖο</span> <span class='ocrx_word' id='word_1_41' title='bbox 882 2143 966 2232; x_wconf 74' lang='grc' dir='ltr'>ζωιίν</span> <span class='ocrx_word' id='word_1_42' title='bbox 993 2139 1136 2208; x_wconf 86' lang='grc' dir='ltr'>αἰώνιον.</span> <span class='ocrx_word' id='word_1_43' title='bbox 1342 2133 1362 2196; x_wconf 81' lang='lat' dir='ltr'>b</span> 
     </span>
    </p>
   </div>
   <div class='ocr_carea' id='block_1_6' title="bbox 78 2379 1496 4460">
    <p class='ocr_par' dir='ltr' id='par_1_6' title="bbox 184 2379 1329 2484">
     <span class='ocr_line' id='line_1_7' title="bbox 184 2379 1329 2484; baseline -0.009 -17"><span class='ocrx_word' id='word_1_44' title='bbox 184 2381 192 2405; x_wconf 70' lang='lat'>⁸</span> <span class='ocrx_word' id='word_1_45' title='bbox 228 2381 480 2466; x_wconf 82' lang='grc' dir='ltr'>ΞΗΓΕΙΤΑΙ</span> <span class='ocrx_word' id='word_1_46' title='bbox 503 2381 617 2464; x_wconf 87' lang='grc' dir='ltr'>πάλιν</span> <span class='ocrx_word' id='word_1_47' title='bbox 635 2387 693 2464; x_wconf 83' lang='grc' dir='ltr'>καὶ</span> <span class='ocrx_word' id='word_1_48' title='bbox 712 2383 771 2464; x_wconf 83' lang='grc' dir='ltr'>διὰ</span> <span class='ocrx_word' id='word_1_49' title='bbox 788 2385 925 2464; x_wconf 83' lang='grc' dir='ltr'>τούτων</span> <span class='ocrx_word' id='word_1_50' title='bbox 942 2383 1027 2483; x_wconf 84' lang='grc' dir='ltr'>ἡμῖν</span> <span class='ocrx_word' id='word_1_51' title='bbox 1045 2383 1065 2461; x_wconf 86' lang='grc' dir='ltr'>ἀ</span> <span class='ocrx_word' id='word_1_52' title='bbox 1084 2379 1247 2484; x_wconf 80' lang='grc' dir='ltr'>Χριστὸς</span> <span class='ocrx_word' id='word_1_53' title='bbox 1264 2379 1329 2460; x_wconf 86' lang='grc' dir='ltr'>τὸν</span> 
     </span>
    </p>

    <p class='ocr_par' dir='ltr' id='par_1_7' title="bbox 129 2500 1329 2738">
     <span class='ocr_line' id='line_1_8' title="bbox 129 2500 1329 2610; baseline -0.004 -22"><span class='ocrx_word' id='word_1_54' title='bbox 129 2507 193 2602; x_wconf 81' lang='grc' dir='ltr'>τῆς</span> <span class='ocrx_word' id='word_1_55' title='bbox 221 2500 330 2610; x_wconf 76' lang='grc' dir='ltr'>δόξης</span> <span class='ocrx_word' id='word_1_56' title='bbox 360 2505 506 2608; x_wconf 86' lang='grc' dir='ltr'>τρόπον,</span> <span class='ocrx_word' id='word_1_57' title='bbox 536 2509 579 2586; x_wconf 88' lang='grc' dir='ltr'>δι’</span> <span class='ocrx_word' id='word_1_58' title='bbox 614 2508 724 2608; x_wconf 87' lang='grc' dir='ltr'>οὐπερ</span> <span class='ocrx_word' id='word_1_59' title='bbox 757 2505 802 2587; x_wconf 89' lang='grc' dir='ltr'>ἀν</span> <span class='ocrx_word' id='word_1_60' title='bbox 834 2509 855 2587; x_wconf 84' lang='grc' dir='ltr'>ὁ</span> <span class='ocrx_word' id='word_1_61' title='bbox 888 2505 954 2606; x_wconf 85' lang='grc' dir='ltr'>μέν</span> <span class='ocrx_word' id='word_1_62' title='bbox 986 2505 1079 2589; x_wconf 85' lang='grc' dir='ltr'>θεὸς</span> <span class='ocrx_word' id='word_1_63' title='bbox 1109 2506 1167 2585; x_wconf 80' lang='grc' dir='ltr'>καὶ</span> <span class='ocrx_word' id='word_1_64' title='bbox 1201 2502 1329 2606; x_wconf 85' lang='grc' dir='ltr'>Πατὴρ</span> 
     </span>
     <span class='ocr_line' id='line_1_9' title="bbox 129 2627 1326 2738; baseline 0.002 -34"><span class='ocrx_word' id='word_1_65' title='bbox 129 2627 257 2705; x_wconf 81' lang='grc' dir='ltr'>εὐκλεᾶ</span> <span class='ocrx_word' id='word_1_66' title='bbox 284 2630 343 2708; x_wconf 85' lang='grc' dir='ltr'>καὶ</span> <span class='ocrx_word' id='word_1_67' title='bbox 371 2627 625 2738; x_wconf 79' lang='grc' dir='ltr'>έπιδοξόταπον</span> <span class='ocrx_word' id='word_1_68' title='bbox 649 2633 831 2738; x_wconf 81' lang='grc' dir='ltr'>ἀποφανεῖ</span> <span class='ocrx_word' id='word_1_69' title='bbox 854 2629 919 2711; x_wconf 86' lang='grc' dir='ltr'>τὸν</span> <span class='ocrx_word' id='word_1_70' title='bbox 945 2630 1035 2709; x_wconf 82' lang='grc' dir='ltr'>ἰ’διον</span> <span class='ocrx_word' id='word_1_71' title='bbox 1062 2629 1163 2726; x_wconf 79' lang='grc' dir='ltr'>Υίὸν,</span> <span class='ocrx_word' id='word_1_72' title='bbox 1186 2630 1326 2706; x_wconf 87' lang='grc' dir='ltr'>ἀντιδο-</span> 
     </span>
    </p>

    <p class='ocr_par' dir='ltr' id='par_1_8' title="bbox 79 2748 1359 3350">
     <span class='ocr_line' id='line_1_10' title="bbox 79 2748 1324 2857; baseline -0.001 -27"><span class='ocrx_word' id='word_1_73' title='bbox 79 2789 117 2830; x_wconf 86' lang='grc' dir='ltr'>ιο</span> <span class='ocrx_word' id='word_1_74' title='bbox 130 2748 355 2856; x_wconf 81' lang='grc' dir='ltr'>ξασθήσεπαι</span> <span class='ocrx_word' id='word_1_75' title='bbox 383 2750 420 2832; x_wconf 82' lang='grc' dir='ltr'>δέ</span> <span class='ocrx_word' id='word_1_76' title='bbox 448 2757 506 2834; x_wconf 80' lang='grc' dir='ltr'>καί</span> <span class='ocrx_word' id='word_1_77' title='bbox 534 2753 640 2839; x_wconf 83' lang='grc' dir='ltr'>αὐτὸς</span> <span class='ocrx_word' id='word_1_78' title='bbox 666 2753 766 2857; x_wconf 81' lang='grc' dir='ltr'>παρὰ</span> <span class='ocrx_word' id='word_1_79' title='bbox 788 2761 853 2834; x_wconf 86' lang='grc' dir='ltr'>τοῦ</span> <span class='ocrx_word' id='word_1_80' title='bbox 882 2755 971 2834; x_wconf 79' lang='grc' dir='ltr'>ἰδίου</span> <span class='ocrx_word' id='word_1_81' title='bbox 999 2753 1229 2855; x_wconf 77' lang='grc' dir='ltr'>γεννήματος.</span> <span class='ocrx_word' id='word_1_82' title='bbox 1266 2755 1324 2830; x_wconf 88' lang='grc' dir='ltr'>έκ-</span> 
     </span>
     <span class='ocr_line' id='line_1_11' title="bbox 128 2874 1329 2984; baseline 0.002 -32"><span class='ocrx_word' id='word_1_83' title='bbox 128 2874 299 2955; x_wconf 84' lang='grc' dir='ltr'>πλατύνει</span> <span class='ocrx_word' id='word_1_84' title='bbox 327 2874 365 2955; x_wconf 85' lang='grc' dir='ltr'>δέ</span> <span class='ocrx_word' id='word_1_85' title='bbox 393 2875 589 2979; x_wconf 83' lang='grc' dir='ltr'>τὸνλόγον</span> <span class='ocrx_word' id='word_1_86' title='bbox 612 2882 669 2958; x_wconf 85' lang='grc' dir='ltr'>καὶ</span> <span class='ocrx_word' id='word_1_87' title='bbox 698 2877 868 2984; x_wconf 72' lang='grc' dir='ltr'>διαφανὲς</span> <span class='ocrx_word' id='word_1_88' title='bbox 896 2875 1076 2980; x_wconf 80' lang='grc' dir='ltr'>ἐργάζεται</span> <span class='ocrx_word' id='word_1_89' title='bbox 1098 2876 1140 2956; x_wconf 83' lang='grc' dir='ltr'>τὸ</span> <span class='ocrx_word' id='word_1_90' title='bbox 1164 2877 1329 2979; x_wconf 81' lang='grc' dir='ltr'>θεώρημα</span> 
     </span>
     <span class='ocr_line' id='line_1_12' title="bbox 128 2994 1329 3101; baseline 0 -25"><span class='ocrx_word' id='word_1_91' title='bbox 128 2994 218 3100; x_wconf 76' lang='grc' dir='ltr'>πρὸς</span> <span class='ocrx_word' id='word_1_92' title='bbox 241 2997 412 3101; x_wconf 86' lang='grc' dir='ltr'>ἡμετέραν</span> <span class='ocrx_word' id='word_1_93' title='bbox 433 3000 620 3100; x_wconf 80' lang='grc' dir='ltr'>οἰκοδομήν</span> <span class='ocrx_word' id='word_1_94' title='bbox 647 3035 685 3080; x_wconf 88' lang='grc' dir='ltr'>τε</span> <span class='ocrx_word' id='word_1_95' title='bbox 713 3005 770 3080; x_wconf 82' lang='grc' dir='ltr'>καὶ</span> <span class='ocrx_word' id='word_1_96' title='bbox 798 3000 937 3099; x_wconf 85' lang='grc' dir='ltr'>ὄνησιν.</span> <span class='ocrx_word' id='word_1_97' title='bbox 978 2999 1096 3080; x_wconf 87' lang='grc' dir='ltr'>πάντα</span> <span class='ocrx_word' id='word_1_98' title='bbox 1123 2999 1195 3101; x_wconf 83' lang='grc' dir='ltr'>γάρ</span> <span class='ocrx_word' id='word_1_99' title='bbox 1223 2998 1329 3077; x_wconf 78' lang='grc' dir='ltr'>εἰδότι</span> 
     </span>
     <span class='ocr_line' id='line_1_13' title="bbox 128 3119 1329 3228; baseline 0.005 -28"><span class='ocrx_word' id='word_1_100' title='bbox 128 3123 180 3228; x_wconf 75' lang='grc' dir='ltr'>τῷ</span> <span class='ocrx_word' id='word_1_101' title='bbox 208 3126 292 3228; x_wconf 79' lang='grc' dir='ltr'>θεῷ</span> <span class='ocrx_word' id='word_1_102' title='bbox 318 3125 376 3201; x_wconf 83' lang='grc' dir='ltr'>καὶ</span> <span class='ocrx_word' id='word_1_103' title='bbox 402 3127 521 3224; x_wconf 86' lang='grc' dir='ltr'>Πατρὶ</span> <span class='ocrx_word' id='word_1_104' title='bbox 548 3124 601 3207; x_wconf 87' lang='grc' dir='ltr'>τίς</span> <span class='ocrx_word' id='word_1_105' title='bbox 629 3125 738 3223; x_wconf 85' lang='grc' dir='ltr'>ἡτοῦ</span> <span class='ocrx_word' id='word_1_106' title='bbox 770 3123 1006 3204; x_wconf 83' lang='grc' dir='ltr'>διδάσκεσθαι</span> <span class='ocrx_word' id='word_1_107' title='bbox 1038 3125 1139 3227; x_wconf 81' lang='grc' dir='ltr'>χρεία</span> <span class='ocrx_word' id='word_1_108' title='bbox 1170 3119 1234 3201; x_wconf 88' lang='grc' dir='ltr'>τδν</span> <span class='ocrx_word' id='word_1_109' title='bbox 1265 3126 1329 3220; x_wconf 81' lang='grc' dir='ltr'>τῆς</span> 
     </span>
     <span class='ocr_line' id='line_1_14' title="bbox 129 3242 1359 3350; baseline 0.001 -27"><span class='ocrx_word' id='word_1_110' title='bbox 129 3242 304 3344; x_wconf 75' lang='grc' dir='ltr'>αἰτήσεως</span> <span class='ocrx_word' id='word_1_111' title='bbox 333 3244 491 3348; x_wconf 87' lang='grc' dir='ltr'>τρόπυν;</span> <span class='ocrx_word' id='word_1_112' title='bbox 531 3253 637 3326; x_wconf 86' lang='grc' dir='ltr'>καλεῖ</span> <span class='ocrx_word' id='word_1_113' title='bbox 660 3255 852 3350; x_wconf 82' lang='grc' dir='ltr'>τοιγαροῦν</span> <span class='ocrx_word' id='word_1_114' title='bbox 878 3244 945 3346; x_wconf 84' lang='grc' dir='ltr'>τὴν</span> <span class='ocrx_word' id='word_1_115' title='bbox 974 3244 1074 3348; x_wconf 79' lang='grc' dir='ltr'>παρὰ</span> <span class='ocrx_word' id='word_1_116' title='bbox 1106 3243 1251 3349; x_wconf 83' lang='grc' dir='ltr'>Πατρύς</span> <span class='ocrx_word' id='word_1_117' title='bbox 1280 3250 1359 3330; x_wconf 85' lang='grc' dir='ltr'>είςο</span> 
     </span>
    </p>

    <p class='ocr_par' dir='ltr' id='par_1_9' title="bbox 78 3368 1496 3967">
     <span class='ocr_line' id='line_1_15' title="bbox 78 3368 1328 3474; baseline 0 -28"><span class='ocrx_word' id='word_1_118' title='bbox 78 3400 116 3462; x_wconf 82' lang='lat'>15</span> <span class='ocrx_word' id='word_1_119' title='bbox 130 3368 222 3468; x_wconf 80' lang='grc' dir='ltr'>ἡμᾶς</span> <span class='ocrx_word' id='word_1_120' title='bbox 249 3368 435 3468; x_wconf 88' lang='grc' dir='ltr'>εὐμένειαν.</span> <span class='ocrx_word' id='word_1_121' title='bbox 472 3369 588 3470; x_wconf 78' lang='grc' dir='ltr'>ἐπειδὴ</span> <span class='ocrx_word' id='word_1_122' title='bbox 615 3370 686 3473; x_wconf 84' lang='grc' dir='ltr'>γάρ</span> <span class='ocrx_word' id='word_1_123' title='bbox 714 3373 815 3451; x_wconf 88' lang='grc' dir='ltr'>έστιν</span> <span class='ocrx_word' id='word_1_124' title='bbox 842 3368 1024 3474; x_wconf 78' lang='grc' dir='ltr'>ἀρχιερεὺς</span> <span class='ocrx_word' id='word_1_125' title='bbox 1050 3375 1123 3450; x_wconf 77' lang='grc' dir='ltr'>τῶν</span> <span class='ocrx_word' id='word_1_126' title='bbox 1150 3369 1328 3471; x_wconf 77' lang='grc' dir='ltr'>ἡμετέρων</span> 
     </span>
     <span class='ocr_line' id='line_1_16' title="bbox 129 3489 1328 3598; baseline -0.002 -26"><span class='ocrx_word' id='word_1_127' title='bbox 129 3497 271 3598; x_wconf 79' lang='grc' dir='ltr'>ψυχῶν,</span> <span class='ocrx_word' id='word_1_128' title='bbox 290 3491 380 3572; x_wconf 83' lang='grc' dir='ltr'>καθά</span> <span class='ocrx_word' id='word_1_129' title='bbox 396 3492 555 3598; x_wconf 75' lang='grc' dir='ltr'>πέφηνεν</span> <span class='ocrx_word' id='word_1_130' title='bbox 573 3493 771 3598; x_wconf 81' lang='grc' dir='ltr'>ἅνθρωπος,</span> <span class='ocrx_word' id='word_1_131' title='bbox 789 3492 902 3573; x_wconf 87' lang='grc' dir='ltr'>καίτοι</span> <span class='ocrx_word' id='word_1_132' title='bbox 916 3489 1010 3576; x_wconf 79' lang='grc' dir='ltr'>θεὸς</span> <span class='ocrx_word' id='word_1_133' title='bbox 1029 3492 1200 3597; x_wconf 79' lang='grc' dir='ltr'>ὑπάρχων</span> <span class='ocrx_word' id='word_1_134' title='bbox 1218 3490 1328 3596; x_wconf 79' lang='grc' dir='ltr'>φύσει</span> 
     </span>
     <span class='ocr_line' id='line_1_17' title="bbox 129 3615 1323 3724; baseline 0 -30"><span class='ocrx_word' id='word_1_135' title='bbox 129 3615 219 3713; x_wconf 80' lang='grc' dir='ltr'>μετὰ</span> <span class='ocrx_word' id='word_1_136' title='bbox 245 3615 399 3719; x_wconf 82' lang='grc' dir='ltr'>Πατρύς,</span> <span class='ocrx_word' id='word_1_137' title='bbox 426 3615 492 3700; x_wconf 85' lang='grc' dir='ltr'>τάς</span> <span class='ocrx_word' id='word_1_138' title='bbox 520 3615 607 3720; x_wconf 77' lang='grc' dir='ltr'>ὑπέρ</span> <span class='ocrx_word' id='word_1_139' title='bbox 636 3617 735 3716; x_wconf 84' lang='grc' dir='ltr'>ἡμῶν</span> <span class='ocrx_word' id='word_1_140' title='bbox 763 3615 936 3724; x_wconf 83' lang='grc' dir='ltr'>διαλέξεις</span> <span class='ocrx_word' id='word_1_141' title='bbox 964 3621 1113 3696; x_wconf 82' lang='grc' dir='ltr'>ποιεῖται</span> <span class='ocrx_word' id='word_1_142' title='bbox 1140 3615 1323 3713; x_wconf 85' lang='grc' dir='ltr'>πρεπωδέ-</span> 
     </span>
     <span class='ocr_line' id='line_1_18' title="bbox 129 3737 1496 3870; baseline -0.001 -52"><span class='ocrx_word' id='word_1_143' title='bbox 129 3771 258 3836; x_wconf 86' lang='grc' dir='ltr'>στατα,</span> <span class='ocrx_word' id='word_1_144' title='bbox 280 3739 461 3820; x_wconf 84' lang='grc' dir='ltr'>πιστεύειν</span> <span class='ocrx_word' id='word_1_145' title='bbox 483 3740 576 3839; x_wconf 78' lang='grc' dir='ltr'>ἡμᾶς</span> <span class='ocrx_word' id='word_1_146' title='bbox 599 3741 799 3821; x_wconf 78' lang='grc' dir='ltr'>ἀναπείθων</span> <span class='ocrx_word' id='word_1_147' title='bbox 821 3739 876 3820; x_wconf 79' lang='grc' dir='ltr'>ὅτι</span> <span class='ocrx_word' id='word_1_148' title='bbox 899 3741 957 3820; x_wconf 76' lang='grc' dir='ltr'>καὶ</span> <span class='ocrx_word' id='word_1_149' title='bbox 983 3747 1046 3820; x_wconf 82' lang='grc' dir='ltr'>νῦν</span> <span class='ocrx_word' id='word_1_150' title='bbox 1069 3737 1226 3837; x_wconf 82' lang='grc' dir='ltr'>ἱλασμός</span> <span class='ocrx_word' id='word_1_151' title='bbox 1248 3741 1327 3818; x_wconf 88' lang='grc' dir='ltr'>έσπι</span> <span class='ocrx_word' id='word_1_152' title='bbox 1372 3743 1496 3870; x_wconf 42' lang='lat'>35⁸³?-</span> 
     </span>
     <span class='ocr_line' id='line_1_19' title="bbox 128 3861 1327 3967; baseline -0.001 -26"><span class='ocrx_word' id='word_1_153' title='bbox 128 3865 208 3965; x_wconf 77' lang='grc' dir='ltr'>περὶ</span> <span class='ocrx_word' id='word_1_154' title='bbox 231 3869 304 3943; x_wconf 82' lang='grc' dir='ltr'>τῶν</span> <span class='ocrx_word' id='word_1_155' title='bbox 322 3865 505 3967; x_wconf 81' lang='grc' dir='ltr'>ἁμαρτιῶν</span> <span class='ocrx_word' id='word_1_156' title='bbox 522 3865 634 3962; x_wconf 79' lang='grc' dir='ltr'>ἡμῶν,</span> <span class='ocrx_word' id='word_1_157' title='bbox 653 3868 711 3943; x_wconf 83' lang='grc' dir='ltr'>καὶ</span> <span class='ocrx_word' id='word_1_158' title='bbox 732 3863 965 3967; x_wconf 83' lang='grc' dir='ltr'>παράκλητος</span> <span class='ocrx_word' id='word_1_159' title='bbox 989 3862 1130 3960; x_wconf 88' lang='grc' dir='ltr'>δίκαιος,</span> <span class='ocrx_word' id='word_1_160' title='bbox 1149 3861 1241 3941; x_wconf 89' lang='grc' dir='ltr'>καπά</span> <span class='ocrx_word' id='word_1_161' title='bbox 1261 3862 1327 3961; x_wconf 85' lang='grc' dir='ltr'>τὴν</span> 
     </span>
    </p>

    <p class='ocr_par' dir='ltr' id='par_1_10' title="bbox 79 3983 1485 4460">
     <span class='ocr_line' id='line_1_20' title="bbox 79 3983 1327 4094; baseline -0.002 -28"><span class='ocrx_word' id='word_1_162' title='bbox 79 4041 117 4082; x_wconf 75' lang='lat'>20</span> <span class='ocrx_word' id='word_1_163' title='bbox 128 3983 295 4066; x_wconf 87' lang='grc' dir='ltr'>Ἰωάννου</span> <span class='ocrx_word' id='word_1_164' title='bbox 316 3985 452 4094; x_wconf 86' lang='grc' dir='ltr'>φωνήν.</span> <span class='ocrx_word' id='word_1_165' title='bbox 492 3985 547 4066; x_wconf 85' lang='grc' dir='ltr'>διὸ</span> <span class='ocrx_word' id='word_1_166' title='bbox 572 3989 631 4066; x_wconf 78' lang='grc' dir='ltr'>καὶ</span> <span class='ocrx_word' id='word_1_167' title='bbox 653 3987 673 4066; x_wconf 87' lang='grc' dir='ltr'><strong>ὁ</strong></span> <span class='ocrx_word' id='word_1_168' title='bbox 694 3992 844 4070; x_wconf 84' lang='grc' dir='ltr'>Παῦλος</span> <span class='ocrx_word' id='word_1_169' title='bbox 867 3993 996 4066; x_wconf 85' lang='grc' dir='ltr'>τοῦτον</span> <span class='ocrx_word' id='word_1_170' title='bbox 1013 3986 1106 4084; x_wconf 82' lang='grc' dir='ltr'>ἡμᾶς</span> <span class='ocrx_word' id='word_1_171' title='bbox 1129 3988 1327 4064; x_wconf 86' lang='grc' dir='ltr'>διακεῖσθαι</span> 
     </span>
     <span class='ocr_line' id='line_1_21' title="bbox 128 4107 1485 4239; baseline -0.002 -51"><span class='ocrx_word' id='word_1_172' title='bbox 128 4108 192 4188; x_wconf 88' lang='grc' dir='ltr'>τὸν</span> <span class='ocrx_word' id='word_1_173' title='bbox 209 4107 344 4211; x_wconf 90' lang='grc' dir='ltr'>τρόπον</span> <span class='ocrx_word' id='word_1_174' title='bbox 362 4109 550 4208; x_wconf 80' lang='grc' dir='ltr'>ἐθελήσας,</span> <span class='ocrx_word' id='word_1_175' title='bbox 571 4109 778 4190; x_wconf 83' lang='grc' dir='ltr'>ἐπιστέλλει</span> <span class='ocrx_word' id='word_1_176' title='bbox 804 4121 825 4157; x_wconf 91' lang='grc'><strong>“</strong></span> <span class='ocrx_word' id='word_1_177' title='bbox 841 4110 900 4188; x_wconf 89' lang='grc' dir='ltr'>Οὐ</span> <span class='ocrx_word' id='word_1_178' title='bbox 924 4108 996 4212; x_wconf 83' lang='grc' dir='ltr'>γὰρ</span> <span class='ocrx_word' id='word_1_179' title='bbox 1019 4109 1145 4212; x_wconf 84' lang='grc' dir='ltr'>ἔχομεν</span> <span class='ocrx_word' id='word_1_180' title='bbox 1163 4107 1326 4212; x_wconf 80' lang='grc' dir='ltr'>ἀρχιερέα</span> <span class='ocrx_word' id='word_1_181' title='bbox 1372 4125 1485 4239; x_wconf 55' lang='lat' dir='ltr'>{leb-iv·</span> 
     </span>
     <span class='ocr_line' id='line_1_22' title="bbox 128 4205 1411 4334; baseline -0.005 -19"><span class='ocrx_word' id='word_1_182' title='bbox 128 4241 150 4280; x_wconf 88' lang='lat'>“</span> <span class='ocrx_word' id='word_1_183' title='bbox 167 4233 218 4332; x_wconf 85' lang='grc' dir='ltr'>μὴ</span> <span class='ocrx_word' id='word_1_184' title='bbox 240 4232 433 4332; x_wconf 82' lang='grc' dir='ltr'>δυνάμενον</span> <span class='ocrx_word' id='word_1_185' title='bbox 450 4235 690 4334; x_wconf 78' lang='grc' dir='ltr'>συμπαθῆσαι</span> <span class='ocrx_word' id='word_1_186' title='bbox 713 4239 790 4316; x_wconf 87' lang='grc' dir='ltr'>ταῖς</span> <span class='ocrx_word' id='word_1_187' title='bbox 806 4233 1004 4315; x_wconf 85' lang='grc' dir='ltr'>ἀσθενείαις</span> <span class='ocrx_word' id='word_1_188' title='bbox 1028 4233 1138 4331; x_wconf 78' lang='grc' dir='ltr'>ἡμῶν,</span> <span class='ocrx_word' id='word_1_189' title='bbox 1157 4253 1361 4333; x_wconf 70' lang='grc' dir='ltr'>πεπειρα-(ὶ</span> <span class='ocrx_word' id='word_1_190' title='bbox 1389 4205 1411 4252; x_wconf 69' lang='lat'>⁵&#39;</span> 
     </span>
     <span class='ocr_line' id='line_1_23' title="bbox 128 4353 1325 4460; baseline 0.001 -24"><span class='ocrx_word' id='word_1_191' title='bbox 128 4367 150 4402; x_wconf 90' lang='lat'>“</span> <span class='ocrx_word' id='word_1_192' title='bbox 167 4355 274 4456; x_wconf 91' lang='grc' dir='ltr'>μένον</span> <span class='ocrx_word' id='word_1_193' title='bbox 304 4355 342 4436; x_wconf 87' lang='grc' dir='ltr'>δέ</span> <span class='ocrx_word' id='word_1_194' title='bbox 372 4355 463 4436; x_wconf 87' lang='grc' dir='ltr'>κατά</span> <span class='ocrx_word' id='word_1_195' title='bbox 492 4357 611 4438; x_wconf 87' lang='grc' dir='ltr'>πάντα</span> <span class='ocrx_word' id='word_1_196' title='bbox 640 4357 722 4437; x_wconf 84' lang='grc' dir='ltr'>καθ’</span> <span class='ocrx_word' id='word_1_197' title='bbox 753 4353 945 4456; x_wconf 82' lang='grc' dir='ltr'>ὁμοιότητα</span> <span class='ocrx_word' id='word_1_198' title='bbox 977 4357 1084 4460; x_wconf 86' lang='grc' dir='ltr'>χωρὶς</span> <span class='ocrx_word' id='word_1_199' title='bbox 1118 4354 1325 4458; x_wconf 81' lang='grc' dir='ltr'>ἀμαρτίας.”</span> 
     </span>
    </p>
   </div>
   <div class='ocr_carea' id='block_1_7' title="bbox 342 4555 1115 4628">
    <p class='ocr_par' dir='ltr' id='par_1_11' title="bbox 342 4555 1115 4628">
     <span class='ocr_line' id='line_1_24' title="bbox 342 4555 1115 4628; baseline -0.001 -15"><span class='ocrx_word' id='word_1_200' title='bbox 342 4576 390 4626; x_wconf 85' lang='grc' dir='ltr'>ι-4</span> <span class='ocrx_word' id='word_1_201' title='bbox 409 4576 462 4614; x_wconf 87' lang='lat' dir='ltr'>om.</span> <span class='ocrx_word' id='word_1_202' title='bbox 478 4559 510 4614; x_wconf 89' lang='lat' dir='ltr'>E.</span> <span class='ocrx_word' id='word_1_203' title='bbox 795 4557 820 4613; x_wconf 89' lang='lat'>6.</span> <span class='ocrx_word' id='word_1_204' title='bbox 840 4557 919 4613; x_wconf 77' lang='grc' dir='ltr'>δόσει</span> <span class='ocrx_word' id='word_1_205' title='bbox 932 4556 964 4612; x_wconf 86' lang='lat' dir='ltr'>E.</span> <span class='ocrx_word' id='word_1_206' title='bbox 978 4557 1049 4628; x_wconf 73' lang='grc' dir='ltr'>δδσῃ</span> <span class='ocrx_word' id='word_1_207' title='bbox 1063 4555 1115 4612; x_wconf 87' lang='lat' dir='ltr'>Ed.</span> 
     </span>
    </p>
   </div>
   <div class='ocr_carea' id='block_1_8' title="bbox 0 0 1624 5114">
    <p class='ocr_par' dir='ltr' id='par_1_12' title="bbox 0 0 1624 5114">
     <span class='ocr_line' id='line_1_25' title="bbox 0 0 1624 5114; baseline 0 0"><span class='ocrx_word' id='word_1_208' title='bbox 0 0 1624 5114; x_wconf 95' lang='lat' dir='ltr'> </span> 
     </span>
    </p>
   </div>
  </div>
 </body>
</html>
