3238 5114
66 363 197 429 xvii.1.
243 364 299 428 IN
330 365 363 432 S.
387 365 643 431 JOANNEM.
689 366 784 432 LIB.
808 367 870 432 XI.
916 367 1109 434 CARIII.
1212 366 1276 430 659

67 533 140 629 τῆς
169 528 336 632 γλώττης
359 531 382 630 ἡ
407 531 594 630 εὐκοσμία.
632 531 702 610 τίνι
730 529 800 634 γὰρ
820 531 861 610 οῦ
888 530 1036 637 σφόδρα
1064 528 1276 634 καταφανές,

69 656 125 736 ὡς
155 655 300 738 εὔκολος
327 655 411 734 λίαν
429 656 466 734 έν
483 661 559 738 ταῖς
582 655 828 758 είκαιολογίαις
851 655 1014 754 μάλιστα
1031 659 1104 734 τῶν
1122 655 1186 734 οῦκ
1204 653 1275 759 ἔξω

69 774 247 882 ψόγων
226 813 248 876 η
266 776 489 886 ε’πεισφοριί·
479 840 490 876 ,
522 782 579 859 καὶ
593 787 682 928 γοῦν
700 779 770 934 ἔφη
798 814 852 865 τις
878 779 998 886 σοφός
1027 789 1048 828 “
1064 780 1132 858 Ἐκ
1154 790 1273 858 πολυ·
1320 775 1396 826 ΡΜΜ·
1409 791 1433 825 ¹·

71 910 98 948 “
118 902 249 1052 λογίας
291 903 355 982 οῦκ
392 902 606 1010 ἐκφεύξῃ
585 903 773 1006 αμαρτίαν,
811 901 1019 1012 φειδόμενος
1055 901 1093 983 Μ
1129 901 1277 1007 Χείλεων
1289 928 1307 972 ⁰
1324 855 1381 1020 ¹⁹!

29 1034 97 1110 5“
119 1024 263 1124 νοήμων
280 1027 382 1130 ἕσῃ.”

133 1149 426 1250 Ἀποθαυμάσεις
447 1151 489 1232 δέ
511 1185 545 1232 τι
569 1149 661 1254 πρὸς
687 1151 802 1259 τούτῳ
831 1150 939 1230 καῖ’
917 1184 1037 1253 ετερον
1064 1149 1105 1228 οῦ
1133 1146 1279 1248 μετρίαν

73 1273 164 1373 ἡμῖν
181 1277 347 1372 ἐμποιοῦν
372 1274 438 1374 τὴν
456 1275 593 1376 ὄνησιν.
626 1281 775 1354 ποιεῖται
802 1271 875 1377 γὰρ
900 1273 966 1374 τήν
989 1277 1052 1372 τῆς
1073 1274 1277 1376 προσευχῆς

74 1396 247 1503 ἀπαρχήν
266 1397 354 1502 ὑπὲρ
372 1398 479 1506 δόξης
504 1403 567 1498 τῆς
587 1399 715 1479 ἑαυτοῦ
740 1403 798 1478 καὶ
823 1401 887 1498 τῆς
905 1407 968 1477 τοῦ
989 1395 1144 1498 Πατρός·
1183 1429 1273 1474 συν-

75 1521 271 1603 αναπλέκει
297 1520 334 1602 δὲ
358 1521 447 1622 μετὰ
474 1531 579 1604 τοῦτο
605 1525 664 1603 καὶ
688 1521 950 1626 παρεισκομίζει
974 1525 1194 1626 παραχρῆμα
1212 1518 1278 1618 τὴν

15 1691 61 1731 ιο
78 1645 169 1749 ὑπὲρ
196 1647 307 1746 ἡμῶν.
347 1650 406 1727 καὶ
433 1649 486 1732 τίς
513 1647 534 1748 ή
558 1644 766 1755 πρόφασις;
796 1646 975 1727 ἀναπείθει
1003 1645 1047 1746 δή
1075 1643 1188 1725 πόλιν
1215 1641 1278 1723 τὸν

76 1773 211 1870 ἐπιεικῆ
230 1776 288 1852 καὶ
312 1773 605 1879 θεοφιλέστατον,
624 1775 682 1851 καὶ
705 1770 870 1875 τεχνίτην
887 1773 1032 1869 ἀληθῶς
1051 1773 1097 1853 εἰς
1119 1801 1275 1870 προσευ-

77 1891 149 1998 χήν
182 1893 374 1999 ἐργάζεται.
419 1893 542 1998 ὥσπερ
577 1894 650 1999 γὰρ
679 1899 916 1997 ἀγαθουργεῖν
946 1895 1037 1993 ἡμᾶς
1070 1897 1127 1973 καὶ
1159 1891 1279 1973 πάντα

79 2024 170 2118 δρᾶν
197 2021 401 2122 ἀναγκαῖον,
420 2020 484 2099 οῦκ
511 2025 560 2104 είς
587 2018 698 2125 δόξαν
716 2015 783 2117 τήν
806 2017 978 2120 ἡμετέραν
1006 2016 1071 2116 τὴν
1098 2022 1146 2100 εἰς
1173 2023 1312 2102 τοῦτοᾶ

79 2141 245 2242 σπουδήν
262 2143 563 2246 παρατρέποντας,
577 2144 661 2221 ἀλλ’
683 2149 731 2226 εἷς
749 2141 815 2240 τήν
832 2175 896 2221 του
879 2139 1122 2244 Πατρὸς
1075 2173 1147 2219 των
1165 2139 1276 2236 ὅλων,

23 2295 65 2355 15
81 2268 176 2370 φημι
203 2264 246 2365 δὴ
274 2274 338 2346 τοῦ
367 2271 474 2346 Θεοῦ·
514 2278 535 2314 “
549 2263 737 2372 λαμψάτω
768 2262 841 2368 γάρ
870 2273 965 2416 φησι
996 2261 1037 2343 τὸ
1070 2265 1200 2416 φᾶς’
1181 2269 1348 2382 υμῶνν.
1324 2265 1447 2316 S·M¹¹¹¹¹¹·

81 2401 102 2436 “
121 2390 393 2493 ἔμπροσθεν
344 2425 417 2476 των
435 2388 678 2492 ἀνθρώπων,”
658 2423 756 2473 οπως
774 2389 879 2468 ’ίδωσι
896 2423 943 2468 τα
927 2385 1092 2468 Ηκαλά
1069 2421 1156 2490 εργα
1171 2349 1348 2485 Mv'v.

82 2523 104 2559 ‘⁴
124 2516 182 2592 καὶ
210 2512 399 2620 δοξάσωσι
426 2511 490 2594 τὸν
520 2514 666 2618 Πατέρα
693 2516 792 2611 ὑμῶν
818 2511 882 2592 τὸν
913 2514 951 2592 έν
981 2519 1053 2595 τοῖς
1083 2511 1279 2613 οῦρανοῖς·”

83 2639 175 2716 οὕτω
203 2640 260 2717 καὶ
285 2643 334 2722 είς
358 2637 464 2742 εὐχὴν
482 2638 730 2722 διανιστάντος
757 2637 850 2737 ἡμᾶς
877 2645 941 2718 τοῦ
970 2644 1093 2740 καιροῦ
1119 2633 1191 2740 πρὸ
1208 2641 1282 2716 τῶν

83 2761 260 2864 ἡμετέρων
281 2761 327 2842 τά
351 2796 400 2846 εις
418 2767 514 2843 Θεοῦ
543 2762 716 2869 δόξαν’
682 2769 791 2842 αιτεῖν
817 2759 1185 2865 πρεπωδεστατον,”
1156 2794 1281 2862 ωσπερ

27 2925 70 2964 20
83 2886 145 2964 οῦν
182 2884 307 2982 ἀμέλει
341 2920 399 2965 και
435 2884 542 2970 αὐτὸς
579 2888 599 2964 ὁ
633 2885 795 3036 Χριστός
831 2896 853 2934 “
867 2887 988 2982 Οὕτω,
1026 2886 1203 2990 φησιν,”
1185 2891 1281 2982 υμεῖς
1325 2887 1365 2939 Μ
1379 2905 1412 2938 ¹¹·

84 3021 105 3057 ‘⁴
122 3010 369 3114 προσεύχεσθε
389 3011 559 3113 Πατερ
540 3017 642 3109 ημῶν
664 3011 684 3089 ὁ
708 3013 745 3088 ἐν
768 3016 842 3092 τοῖς
870 3011 1041 3110 οὐρανοῖς,
1070 3006 1281 3108 ἁγιασθήτω
1325 2967 1399 3019 Η

84 3144 104 3179 “
123 3132 165 3212 τὸ
184 3131 296 3230 ὄνομά
310 3167 391 3230 σου,
404 3133 537 3213 ἐλθέτω
555 3133 578 3232 ή
596 3133 769 3228 βασιλεία
784 3166 865 3228 σου,
878 3129 1062 3233 γενηθήτω
1078 3127 1120 3210 τὸ
1139 3127 1310 3228 θέλημάο

86 3267 106 3302 “
125 3291 194 3336 σου
213 3259 260 3340 ὡς
281 3257 319 3336 ἐν
336 3257 475 3364 οὐρανῷ
502 3260 560 3336 καὶ
590 3258 646 3336 ε’πὶ
674 3259 737 3354 τῆς
766 3259 842 3358 γῆς·
876 3253 939 3334 τὸν
958 3255 1067 3357 ἄρτον
1094 3255 1195 3354 ήμῶν
1218 3253 1282 3334 τόν

85 3391 106 3426 “
124 3379 304 3464 ἐπιούσιον
331 3377 392 3464 δδς
421 3381 504 3478 ἡμῖν
530 3379 724 3483 σήμερον.”
759 3380 870 3463 τύπος
895 3379 958 3458 οῦν
981 3379 1051 3481 ἄρα
1078 3383 1284 3484 προσευχῆς

35 3552 50 3589 2
55 3545 72 3604 5
87 3510 133 3589 εὶς
150 3505 241 3605 ἡμᾶς
258 3503 300 3584 τὸ
317 3501 574 3607 τραπόμενον.
609 3503 678 3584 ἔδει
697 3501 768 3606 γὰρ
786 3503 855 3584 ἔδει
872 3499 1008 3588 παντός
1029 3503 1111 3601 ἡμῖν
1128 3506 1280 3605 ἀγαθοῦ,

88 3632 223 3710 καὶτοῦ
246 3627 337 3732 πρὸς
356 3626 452 3708 Θεὸν
471 3627 742 3731 ἀνακομίζοντος
761 3626 896 3729 τρόπου
915 3625 1072 3727 ἡγεμόνα
1091 3629 1148 3706 καὶ
1167 3633 1278 3725 καθή-

89 3751 209 3855 γητήν,
234 3754 276 3833 οῦ
302 3753 479 3856 πρέσβυν,
503 3753 567 3832 οῦκ
595 3751 766 3854 ἄγγελον,
784 3752 870 3832 ἀλλ’
890 3750 999 3832 αὑτὸν
1021 3752 1283 3856 ἀναφαίνεσθαι
1328 3755 1445 3887 ξ’·ΜΜ·

88 3875 147 3956 τὸν
179 3875 356 3982 Χριστόν.
395 3874 597 3976 κεκλήμεθα
630 3875 702 3978 γὰρ
731 3875 792 3955 καί
821 3878 932 3974 ἐσμεν
960 3873 1071 3958 ὄντως
1100 3875 1191 3953 κατὰ
1218 3874 1283 3974 τὴν

88 4009 147 4082 τοῦ
164 3999 353 4106 προφήτου
370 3998 495 4105 φωνήν
515 4001 686 4079 Διδακτοὶ
705 4003 812 4080 Θεοῦ.
1329 3994 1369 4122 {¹3¹
1382 3993 1426 4046 Μ’

39 4129 98 4220 30'
140 4125 191 4204 Τί
215 4123 253 4204 δέ
281 4121 325 4224 δή
353 4125 416 4203 καί
437 4131 532 4228 φησι
556 4121 647 4225 πρὸς
672 4122 736 4202 τὸν
760 4123 886 4220 ἑαυτοῦ
905 4120 1063 4224 Πατέρα,
1084 4119 1221 4223 πρέπον
1239 4117 1284 4199 ἀν

91 4247 137 4346 ε’ίη
171 4248 431 4353 νουνεχέστατα
464 4251 626 4327 κατιδεῖν.
671 4249 742 4326 δεῖν
770 4244 842 4348 γάρ
876 4242 973 4344 οἶμαι
1004 4241 1094 4344 μετὰ
1126 4245 1284 4346 δριμείας

91 4370 179 4458 τινὸς
205 4375 268 4471 τῆς
286 4371 526 4474 ε’πιτηρήσεως
543 4376 588 4475 τῇ
613 4378 684 4451 τῶν
704 4369 907 4471 λεγομένων
927 4370 1056 4474 θεωρίᾳ
1082 4367 1314 4470 προσβάλ-ν
1336 4381 1452 4440 947Δ»

262 4627 287 4680 3.
307 4611 457 4680 πολυλόγου
472 4609 503 4664 Ε.
728 4609 754 4662 6.
772 4609 878 4678 μετρίαν
891 4608 922 4662 Ε.
934 4609 1043 4678 μετρίως
1056 4607 1106 4662 Ed.

641 4713 662 4772 4
678 4711 695 4753 ο
714 4709 731 4754 ι
