3200 5092
433 325 474 389 18
734 321 774 446 Β.
798 321 1007 388 CYRILLI
1036 319 1325 386 ALEXANDR.

433 485 627 572 δικαίως
598 519 725 586 ηκουεν
742 484 931 565 “''Ort
890 521 935 564 τα
961 485 1157 584 σύμπαντα
1182 487 1296 564 δοῦλα
1322 480 1403 561 σά·’
1406 483 1474 560 ἐ’

430 608 657 715 πανταχόθεν
669 609 762 692 θεὸς
780 607 985 707 ἀληθινός
968 606 1139 712 νιτόρχιον
1156 608 1368 708 εὑρίσκεται,
1383 609 1474 703 δῆλι

430 733 574 817 πάντως
611 736 660 816 ὡς
703 733 767 812 ούκ
810 731 910 811 ἔστιν
942 732 981 812 ἐκ
1018 735 1073 811 τιό
1116 735 1244 832 κόσμια
1284 728 1412 819 τούτου,
1453 763 1474 806 τ

431 855 592 957 γενητός.
635 855 726 956 ὅλην
752 853 824 956 γὰρ
851 860 923 934 τῶν
947 853 1194 954 πεποιημένων
1217 853 1283 954 τὴν
1308 852 1429 958 φύσιν
1456 854 1474 930 ό

431 980 515 1079 ἡμῖν
547 982 585 1058 ἐν
617 978 733 1086 τούτῳ
769 979 1036 1079 κατασημαίνει,
1069 975 1135 1076 τὴν
1168 980 1216 1062 ὡς
1254 979 1293 1055 ἐκ
1330 975 1466 1078 μέρους

430 1101 582 1200 σύμπαν
609 1101 652 1181 τὸ
679 1105 899 1199 πεποιῆσθαι
928 1100 1116 1196 νοούμενον
1142 1098 1395 1202 παραπεμπων
1423 1097 1474 1176 σύ

400 1223 556 1328 edam
583 1226 647 1305 οὖν
674 1222 800 1324 ἀμέλει
827 1223 950 1323 πόσης
977 1221 1102 1304 ἑαυτὸν
1131 1222 1321 1328 ὑπεξάγειν
1348 1225 1415 1319 τῆς
1446 1255 1474 1300 π

262 1344 328 1474 ξω·
341 1343 376 1394 ¹³·
430 1349 549 1428 κτίσιν
573 1347 750 1454 όμοφυΐας
778 1349 816 1426 έν
837 1347 1040 1454 προφήταις
1067 1346 1136 1452 ἔφη
1160 1344 1252 1429 Θεός
1271 1345 1412 1424 “Διότι
1440 1349 1474 1423 Θ

281 1503 283 1508 ·
431 1482 454 1518 “
471 1506 541 1570 ειμι
569 1506 628 1551 και
658 1472 722 1550 ούκ
750 1467 974 1573 ἅνθρωποςΫ
1017 1504 1075 1549 και
1103 1471 1167 1549 οὐκ
1193 1469 1336 1571 ε’πεόπερ
1363 1467 1437 1573 ἔφη
1466 1505 1474 1565 ι

430 1595 564 1674 καθΗ
544 1603 637 1746 ημᾶς
669 1594 867 1696 ανθρωπος,
901 1592 960 1672 δια
991 1601 1097 1672 τοῦτο
1129 1591 1271 1676 πάντως
1301 1589 1413 1670 αὐτὸν
1444 1593 1474 1667 οἱι

430 1717 541 1872 ἤγουν
560 1719 689 1820 ἑτέροις
707 1719 783 1796 τισὶ
801 1722 874 1796 τῶν
879 1722 1061 1866 γειαρτῶν,
1080 1713 1318 1822 σνντόξομεν,
1336 1716 1463 1794 ἀλλ”
1444 1749 1474 1792 ει

429 1842 487 1921 ε’πὶ
505 1839 547 1920 τό
566 1840 717 1940 σύμπαν
736 1837 856 1936 ἰόντες,
875 1837 994 1940 ἕτερόν
1011 1872 1046 1917 τι
1065 1872 1155 1918 κατα
1140 1836 1324 1943 φύσιν
1306 1835 1474 1941 νπόρχειν

430 1961 593 2063 γῆσομεν
609 1964 673 2044 τὸν
692 1960 789 2041 θεὸν
806 1959 906 2064 παρὰ
922 1960 1042 2040 πάντα
1059 1959 1105 2039 τό
1122 1959 1265 2062 γενητό.
1306 1963 1420 2043 οὕτως
1439 1957 1474 2056 οἶ

337 2123 362 2202 ·.
429 2087 667 2182 εύσεβοῦντας
692 2091 784 2166 νοεῖν
806 2083 852 2164 τὰ
878 2085 1176 2186 παρεμπίπτοντα
1199 2087 1369 2188 δυσχερῆ·
1399 2095 1421 2130 “
1440 2089 1474 2162 Β.

430 2218 452 2258 “
470 2207 543 2311 γὰρ
578 2211 617 2289 έν
653 2208 821 2316 ἐσόπτρῳ
858 2207 901 2286 δι’
940 2207 1181 2308 οἱνίγματος,”
1220 2205 1379 2310 καθάπερ
1418 2207 1438 2284 ὁ

431 2337 557 2437 φησιν.

262 2451 381 2510 508Δ.
400 2467 419 2508 ο

263 481 387 615 οιιόιίἱοι.

379 2610 416 2664 ²⁴
482 2599 582 2673 Εἶπον
609 2603 666 2672 οὖν
693 2601 765 2683 ὑμῖν
792 2607 843 2672 ὅτι
869 2599 1087 2672 ἀποθανεῖσθε
1112 2605 1148 2671 ὲν
1175 2600 1246 2670 τοῖο
1272 2601 1445 2692 ἁμαρτίαιι
1472 2630 1473 2654 1

486 2801 543 2880 Δι’
565 2799 701 2904 ὀλίγων
719 2802 925 2906 ἀνατρέψας
950 2799 1016 2899 τὴν
1033 2797 1283 2898 όβοολοτότην
1301 2805 1373 2878 τῶν
1389 2800 1473 2877 ἐκεῖν

428 2923 660 3022 θυμουμενιον
701 2923 882 3015 ὑπόνοιαν,
921 2927 981 3004 καὶ
1021 2931 1219 3026 ληροῦντας
1260 2924 1315 3028 ἐφ’
1356 2924 1467 3028 ἑαυτῷ

428 3046 590 3152 ἐλέγξας,
610 3045 791 3127 ἐπάνεισιν
809 3043 934 3148 ὥσπερ
959 3049 1017 3126 ἐπὶ
1040 3044 1104 3125 τὸν
1128 3045 1173 3152 ἐξ
1195 3049 1308 3150 ἀρχῆς
1331 3051 1473 3148 πρατεθε

430 3169 531 3278 λόγῳ
549 3167 701 3267 σκοπόν,
720 3171 779 3249 καὶ
797 3171 835 3248 ἐν
854 3169 954 3253 ὅσοις
973 3169 1117 3248 ἔσονται
1139 3176 1269 3266 κακοῖς,
1287 3177 1473 3269 περιπεσοῡ

430 3294 537 3391 τίσιν,
571 3293 789 3394 ἀλαγιότατα
826 3292 1096 3395 παρωθούμενοι
1131 3291 1173 3372 τό
1212 3293 1391 3372 πιστεύειν
1426 3293 1473 3371 ού

431 3420 589 3498 εἰσαῦθις
616 3414 857 3507 ε’παναλαβὼν
883 3414 1083 3522 ὑποφαίνει.
1123 3420 1245 3520 χρῆμα
1273 3416 1310 3495 δέ
1338 3419 1473 3495 διδασκο

398 3543 542 3644 Ιισοφῷ
559 3539 618 3616 καὶ
637 3539 780 3617 ἐπιεικεῖ
793 3540 1091 3640 πρεπωδεστερον
1109 3535 1154 3617 ἂν
1173 3539 1225 3638 εἴη
1244 3543 1303 3618 καὶ
1320 3546 1429 3618 τοῦτο·
1457 3543 1473 3616 δ

431 3656 529 3758 οἶμαι
558 3657 622 3739 τόν
650 3658 876 3756 διδάσκοντα
904 3660 954 3759 μὴ
987 3666 1064 3744 ταῖς
1097 3667 1169 3740 τῶν
1198 3661 1425 3763 ἀκροωμένων
1451 3664 1472 3740 οἱ

432 3789 656 3891 φιλονεικεῖν,
675 3779 763 3882 μηδέ
789 3786 852 3880 τῆς
879 3789 926 3866 εἰς
950 3782 1076 3867 αὐτούς
1098 3784 1287 3889 φροντίδος
1306 3787 1472 3887 όλιγωρεΐι

431 3904 482 4006 μὴ
511 3906 595 3984 λίαν
622 3905 769 4004 ἑτοίμως
797 3905 1054 4010 παραδέχοιντο
1081 3905 1191 4011 τυχὸν
1219 3913 1290 3986 τῶν
1316 3905 1472 4008 μαθημότ

431 4035 580 4132 γνῶσιν,
600 4025 701 4107 ἀλλὰ
720 4030 778 4106 καὶ
797 4033 957 4111 εἰσαῦθις
974 4028 1020 4108 τὰ
1038 4028 1138 4128 αὐτὰ,
1155 4037 1300 4127 μᾶλλον
1318 4030 1353 4111 δέ
1371 4036 1422 4110 καὶ
1439 4067 1472 4112 τι

432 4153 702 4231 ἀνακυκλοῦντα
735 4151 863 4252 λέγειν,
893 4153 952 4230 καὶ
985 4149 1044 4230 διὰ
1076 4159 1149 4232 τῶν
1180 4154 1299 4234 αὐτῶν
1330 4153 1407 4234 ἰέναι
1433 4157 1472 4259 ῥα

467 4389 608 4512 arbom.
621 4388 694 4443 Aub.
796 4389 856 4443 8.'
828 4389 957 4516 εγῶΕιφμ
968 4388 1020 4446 hoc
1032 4389 1172 4446 ordiness.
1275 4391 1317 4446 18.
1335 4391 1472 4460 διενθυμονμ

432 4459 657 4598 azummumxg.
663 4460 795 4580 Ιξρντῷα.
806 4411 957 4532 ME?
1049 4477 1091 4528 ²4·
1110 4460 1424 4532 πρεποδεστατοιαῦιι.
1437 4461 1472 4516 Ha
