3248 5112
292 301 359 368 486
595 293 636 370 B.
659 301 871 370 CYRILLI
900 302 1189 370 ALEXANDR.
1362 302 1427 368 xiv.
1442 319 1497 368 20.

295 462 451 547 θάνατον
470 465 617 574 φύσεως
639 467 726 550 ὄντα
748 472 813 570 τῆς
837 469 1071 576 φθειρομένης
1096 465 1161 550 τὸν
1178 469 1379 574 ἄνθρωπον,
1396 471 1427 548 εί
1444 466 1499 567 μὴ

293 587 362 690 τὴν
382 591 538 696 ἀρχαίαν
560 593 695 693 ἐκείνην
718 594 957 691 ἀνεκομίσατο
984 592 1100 698 χάριν,
1124 595 1182 674 καὶ
1205 593 1360 698 μετέσχε
1383 590 1502 674 πάλιν

295 712 432 793 τοῦτὸ
458 711 577 796 πάντα
605 714 696 818 πρὸς
723 713 766 795 τὸ
794 712 882 796 εἶναι
906 715 1122 822 συνέχοντος
1147 723 1243 797 Θεοῦ
1271 717 1329 796 καὶ
1357 713 1495 818 ζωογο-

296 844 442 924 νοῦντος
469 841 512 920 δι’
532 845 622 920 Υίοῦ
649 841 687 918 έν
707 837 901 939 Πνεῦματι.
943 839 1172 942 κεκοινώνηκε
1199 841 1319 921 τοίνυν
1347 840 1504 940 αἵματος

259 962 354 1040 bna}
381 960 528 1066 σαρκὸς,
556 963 730 1061 τουτέστι,
757 962 904 1066 γέγονεν
931 964 1132 1068 ἅνθρωπος,
1159 963 1230 1068 ζωὴ
1258 963 1350 1044 κατά
1381 963 1534 1070 φύσιν5

295 1082 477 1190 ῦπάρχων,
495 1087 554 1166 καὶ
581 1089 620 1167 έκ
647 1083 737 1189 ζωῆς
761 1089 825 1186 τῆς
848 1084 941 1166 κατά
966 1087 1082 1194 φύσιν
1103 1087 1367 1190 γεγεννημένος,
1386 1119 1497 1166 τουτ-

295 1207 377 1288 έστι
404 1217 468 1290 τοῦ
491 1215 588 1291 Θεοῦ
615 1213 674 1290 καὶ
700 1209 896 1313 Πατρὸς,ὸ
923 1210 1136 1312 Μονογενὴς
1160 1213 1270 1291 αὐτοῦ
1289 1207 1419 1313 Λόγος,
1438 1210 1500 1290 ἵνα

294 1337 340 1437 τῇ
365 1335 580 1440 φθειρομείη
604 1335 714 1437 σαρκὶ
739 1329 832 1414 κατά
856 1367 898 1436 γε
923 1332 988 1414 τὸν
1005 1332 1120 1438 λόγον
1138 1339 1202 1431 τῆς
1221 1335 1311 1419 ἰδίας
1332 1333 1495 1441 φύσεως,

295 1455 456 1561 ἀῤῥήτιος
488 1492 527 1539 τε
563 1462 622 1539 καὶ
659 1456 860 1564 ἀφράστως
895 1461 954 1537 καὶ
991 1460 1041 1543 ὡς
1071 1456 1177 1544 αὐτὸς
1209 1458 1340 1562 ἔγνωκε
1373 1454 1497 1558 μόνος,

296 1579 422 1660 ἑαυτὸν
447 1580 586 1665 ἔνεῦσας
612 1579 703 1684 πρὸς
730 1579 797 1680 τὴν
825 1580 916 1660 ἰδίαν
939 1582 1049 1662 αὐτοῦ
1077 1581 1282 1687 ἀνακομίση
1309 1577 1411 1684 ζωὴν,
1436 1585 1498 1660 καὶ
1515 1617 1562 1658 ιο

296 1703 449 1808 μέτοχον
466 1704 638 1812 ἀποδείξῃ
662 1704 705 1784 δι’
724 1703 852 1783 ἑαυτοῦ
869 1711 933 1784 τοῦ
951 1709 1048 1784 Θεοῦ
1069 1710 1129 1784 καὶ
1148 1704 1305 1808 Πατρός.
1345 1704 1499 1804 μεσίτης

180 1809 186 1851 ⁷
296 1825 369 1932 γάρ
386 1831 466 1909 ἐστι
484 1834 580 1909 Θεοῦ
599 1831 658 1908 καὶ
682 1828 891 1932 ἀνθρώπων,
910 1826 1003 1923 κατὰ
1020 1826 1064 1909 τὸ
1081 1826 1340 1932 γεγραμμένον,
1358 1833 1409 1935 τῷ
1430 1825 1500 1924 μὲν

297 1957 381 2061 Θεῷ
406 1955 465 2032 καὶ
487 1954 605 2055 Πατρὶ
632 1959 797 2059 φυσικῶς
825 1955 874 2037 ὡς
896 1950 991 2036 Θεὸς
1018 1955 1076 2033 καὶ
1101 1953 1146 2060 ἐξ
1170 1954 1280 2032 αὐτοῦ
1307 1950 1495 2032 συναπτό-

265 2105 284 2152 ο
295 2110 409 2177 μενος,
432 2076 633 2180 ἀνθρώποις
661 2075 700 2156 δὲ
725 2073 839 2159 πάλιν
866 2077 914 2159 ὡς
942 2075 1140 2180 ἅνθρωπος,
1163 2078 1223 2156 καὶ
1250 2075 1344 2182 έχων
1367 2074 1433 2176 μέν
1458 2077 1499 2156 ἐν

126 2216 248 2282 Heus·
295 2203 409 2309 ἑαυτῷ
434 2199 500 2280 τὸν
519 2199 665 2304 Πατέρα
692 2202 751 2281 καὶ
779 2197 829 2279 ιῦν
854 2197 961 2284 αὐτὸς
989 2202 1027 2281 έν
1053 2207 1106 2309 τῷ
1135 2201 1269 2302 Πατρί·
1308 2197 1499 2305 χαρακτὴρ
1516 2231 1558 2292 15

294 2322 367 2428 γάρ
393 2327 474 2406 ε’στι
502 2327 560 2406 καὶ
587 2322 816 2428 ἀπαύγασμα
842 2327 906 2424 τῆς
934 2323 1172 2410 ὑποστάσεως
1199 2325 1319 2422 αὐτοῦ,
1343 2325 1385 2404 οῦ
1409 2329 1498 2404 διω-

294 2449 464 2551 ρισμένος
486 2453 551 2548 τῆς
577 2449 714 2545 οὐσίας,
733 2449 775 2549 ἧς
798 2449 877 2528 ε’στι
900 2446 1086 2554 χοραιαὴρ
1104 2450 1162 2530 καὶ
1185 2449 1231 2556 ἐξ
1252 2447 1295 2549 ἧς
1318 2447 1497 2552 πρόεισιν,

252 2651 258 2658 .
296 2575 345 2657 ὡς
372 2572 609 2676 ἀπαύγασμα
627 2573 712 2652 ἀλλ’
732 2576 770 2652 έν
793 2573 883 2678 αὐτῇ
912 2605 950 2652 τε
977 2571 1029 2652 ιῦν
1049 2571 1169 2670 αὐτὸς,
1188 2574 1247 2652 καὶ
1273 2571 1366 2677 ἔχων
1387 2571 1503 2672 αὐτὴν

296 2699 335 2778 έν
352 2699 478 2805 ἑαυτῷ·
509 2697 602 2797 ἡμᾶς
626 2697 664 2776 δέ
688 2696 801 2778 πάλιν
818 2697 911 2803 ἔχων
928 2699 966 2778 ἐν
984 2700 1108 2805 ἑαυτῷ,
1128 2695 1219 2778 καθὸ
1240 2695 1307 2798 τὴν
1325 2695 1503 2799 ἡμετεραν

296 2820 478 2926 πεφόρηκε
515 2819 641 2927 φύσιν,
679 2822 737 2900 καὶ
773 2827 884 2920 σῶμα
919 2829 984 2900 τοῦ
1021 2821 1147 2924 Λόγου
1184 2817 1419 2926 κεχρημάτικε
1456 2817 1502 2900 τὸ
1517 2863 1559 2903 20

127 2945 238 3077 {2an
296 2945 466 3049 ἡμέτερον
496 2951 617 3042 σῶμα.
669 2943 773 3052 σὰρξ
806 2943 879 3048 γάρ
916 2945 936 3024 ὸ
968 2943 1089 3047 Λόγος
1121 2945 1270 3048 ἐγένετο,
1305 2942 1397 3024 κατὰ
1431 2941 1503 3043 τὴν

262 3067 476 3148 ἀἸωάννου
491 3067 631 3176 φωνήν.
680 3069 863 3175 πεφόρηκε
890 3065 930 3149 δέ
958 3067 1024 3170 τὴν
1051 3069 1227 3172 ἡμετέραν
1254 3065 1380 3174 φύσιν,
1408 3066 1504 3170 πρὸς

295 3189 363 3292 τὴν
390 3193 483 3276 ἰδίαν
509 3191 622 3294 αι’ντὴν
649 3191 890 3273 ἀναπλάττων
919 3193 1023 3296 ζωήν.
1066 3193 1146 3274 ἔστι
1174 3192 1212 3276 δέ
1240 3195 1299 3274 καὶ
1327 3190 1433 3275 αὐτὸς
1461 3193 1504 3270 έν

295 3315 393 3415 ἡμῖν·
437 3315 582 3423 μέτοχοι
620 3315 693 3420 γὰρ
729 3319 838 3396 αὐτοῦ
874 3315 1006 3401 πάντες
1049 3315 1275 3419 γεγόναμενρ
1294 3321 1353 3398 καὶ
1391 3314 1503 3396 αὐτὸν

297 3439 426 3543 ἔχομεν
451 3443 489 3520 έν
513 3442 649 3524 ἑαυτοῖς
677 3439 736 3520 διά
763 3449 827 3522 τοῦ
856 3438 1079 3540 Πνεῦματος·
1121 3441 1180 3520 διὸ
1207 3439 1279 3543 γάρ
1306 3449 1414 3520 τοῦτο
1441 3443 1502 3520 καὶ
1515 3478 1556 3538 ²5

298 3564 394 3647 θείας
432 3561 577 3670 φύσεως
608 3561 806 3665 γεγόναμεν
838 3565 999 3644 κοινωνοὶ
1030 3567 1088 3643 καὶ
1122 3568 1187 3644 υἱοὶ
1220 3563 1500 3668 χρηματίζομεν,

299 3689 393 3768 οὕτω
410 3690 469 3766 καὶ
487 3685 595 3766 αῦτὸν
612 3685 752 3791 ἔχοντες
771 3689 808 3766 ἐν
826 3687 962 3772 ἑαυτοῖς
978 3687 1042 3768 τὸν
1063 3688 1212 3792 Πατέρα
1234 3687 1292 3766 διὰ
1310 3696 1375 3767 τοῦ
1392 3692 1498 3769 Υἱοῦ.

128 3836 253 3891 (mim.
299 3813 358 3892 καὶ
379 3809 600 3914 μαρτυρήσει
625 3809 743 3913 λέγων
760 3812 780 3889 ὸ
802 3817 952 3896 Παῦλος
971 3822 993 3860 “
1005 3810 1094 3892 Ὅτι
1113 3812 1156 3892 δέ
1169 3814 1254 3892 έστε
1274 3816 1350 3910 υἱοὶ,
1366 3811 1500 3918 ε’ξαπέ·

298 3946 322 3984 “
339 3945 485 4015 στειλεν
509 3935 530 4014 ὁ
556 3932 648 4018 Θεὸς
671 3931 713 4013 τὸ
739 3939 889 4034 Πνεῦμα
913 3945 977 4016 τοῦ
995 3941 1086 4016 Υίοῦ
1112 3938 1221 4017 αὐτοῦ
1246 3941 1295 4020 είς
1320 3933 1385 4019 τὸς
1411 3969 1500 4038 καρ-

297 4071 321 4110 “
338 4062 417 4145 δίας
450 4060 550 4160 ὑμῶν
578 4056 708 4162 κράζον
733 4057 860 4154 Ἀθβᾶ
889 4061 909 4139 ὁ
938 4058 1094 4163 πατήρ.”
1139 4061 1182 4141 οῦ
1211 4059 1284 4166 γὰρ
1317 4058 1438 4164 ἕτερόν
1464 4093 1502 4140 τι
1514 4103 1557 4160 30

334 4347 360 4387 τ.
376 4331 456 4386 πάλιν
468 4339 637 4401 assumptum
650 4347 683 4384 ex
697 4329 730 4384 E.
836 4346 862 4402 3.
882 4332 1057 4402 ξωογονοῦντα
1069 4331 1102 4388 Ε.
1211 4345 1289 4403 7-11.
1309 4331 1335 4385 A
1347 4331 1454 4398 Πατρὸς
1465 4329 1503 4385 ad

298 4404 402 4469 Ποτρὸς
413 4402 527 4456 transilit
540 4401 572 4455 E.
796 4417 839 4472 23.
858 4401 1139 4458 ἀναπλάττων-αὐτὸς
1150 4419 1205 4456 om.
1220 4402 1263 4466 E„
1275 4401 1366 4456 invitis
1380 4398 1503 4458 Catelli&

299 4487 342 4537 τι.
358 4473 452 4529 πάντες
468 4473 610 4543 γεγόναμεν
622 4471 694 4526 Θαὶς.
707 4471 743 4560 χο.
755 4471 953 4542 imperfectum)
966 4475 1181 4546 προογεγθναμιν
1193 4472 1226 4528 E.
1237 4474 1339 4530 πάντων
1356 4473 1505 4544 γῑγθναμεν

299 4539 351 4596 Ed.
458 4557 502 4611 3ο.
520 4541 590 4609 ὑμῶν
602 4559 628 4596 a.
640 4539 692 4596 Ed.
704 4546 774 4610 ημῶν
787 4559 810 4598 c.
825 4541 907 4598 Cord.
