3248 5112
122 355 252 443 xiv.31.
320 355 377 420 IN
409 354 725 420 S.JOANNEM.
771 355 867 422 LIB.
891 356 933 422 X.
979 354 1132 421 CARI.
1258 354 1319 418 531

125 776 149 814 ‘⁶
167 768 291 871 τυρίον
316 766 409 848 κατὰ
434 776 498 850 τοῦ
523 773 700 872 Χριστοῦ,
722 767 820 854 ὅπως
846 767 954 849 αὑτὸν
980 767 1236 865 θανατῶσωσι,
1266 769 1325 847 καὶ

127 899 150 938 “
169 891 236 995 οὑχ
272 890 386 996 εὗρον,
414 898 567 974 πολλῶν
598 889 880 997 προσελθόντων
912 891 1252 998 ψευδομαρτύρων.”
1295 895 1325 970 εί

92 1012 201 1116 5γάρ
237 1019 297 1094 καὶ
332 1017 374 1096 δι’
403 1017 604 1120 ἀνθρώπων
631 1016 782 1120 ἐζητεῖτο
819 1015 865 1098 τά
902 1015 979 1096 κατ’
1010 1013 1130 1110 αὑτὸν,
1162 1017 1246 1094 ἀλλ’
1278 1017 1325 1098 ῶς

127 1134 295 1241 ὀργάνοις
335 1141 395 1220 καὶ
435 1142 626 1244 ὑπουργοΐς
672 1144 736 1240 τῆς
778 1139 928 1242 ἐνούσης
971 1141 1067 1248 αὑτῶ
1106 1141 1327 1243 δυστροπίας

128 1263 258 1368 ἐχρῖγτο
285 1263 306 1343 ὁ
334 1263 515 1362 διάβολος,
540 1267 599 1344 καὶ
626 1262 733 1350 αὑτὸς
759 1261 804 1364 ἦν
826 1271 971 1364 μᾶλλον
993 1265 1085 1367 &rep
1112 1261 1229 1368 ἕτερός
1255 1277 1361 1363 τις,υ

129 1389 151 1468 ό
180 1389 291 1491 εὑρεῖν
316 1390 354 1468 ἐν
382 1389 478 1495 αὑτῶ
507 1388 620 1492 ζητῶν
647 1389 909 1490 πλημμέλημα.
950 1389 1077 1469 οῦκοῦν
1104 1387 1246 1489 ἀληθὲς,
1272 1385 1327 1466 ότι

129 1517 204 1592 τῶν
231 1512 328 1592 ίδίων
354 1507 439 1594 ιῦδέν
463 1508 555 1617 εἶχεν
580 1515 600 1592 ὁ
629 1511 799 1608 διάβολος
828 1517 866 1594 ἐν
892 1513 998 1620 αὑτῶ,
1025 1510 1066 1594 δν
1089 1515 1147 1594 καὶ
1170 1511 1329 1620 Ιἀρχοντα

70 1660 116 1704 10
131 1636 186 1716 τοῦ
208 1633 336 1742 κίσμιυ
362 1634 454 1738 πρὸς
476 1634 519 1716 τὸ
543 1634 661 1741 παρὸν
683 1633 881 1736 ὠνόμασεν,
900 1638 967 1742 οὑχ
996 1640 1044 1720 ὡς
1071 1639 1215 1737 ἀληθῶς
1243 1635 1330 1715 ὄντα

130 1756 326 1860 δεσπότην,
345 1763 429 1841 ἀλλ’
449 1757 576 1864 ῶσπερ
593 1759 674 1840 τινὰ
692 1766 765 1840 τῶν
783 1763 977 1863 ἀλιτηρίων
994 1759 1202 1864 βαρβάρων,
1220 1770 1330 1840 πλεο-

131 1883 252 1990 νεξίας
279 1882 377 1992 νόμῳ
409 1882 641 1987 κρατήσαντα
671 1890 744 1966 τῶν
771 1885 847 1964 κατ’
872 1883 995 1964 οῦδένα
1021 1883 1156 1986 τρόπον
1183 1917 1327 1986 προση-

131 2005 269 2088 κόντων
291 2009 397 2114 αὐτῷ.
440 2008 500 2112 ὑφ’
521 2009 634 2115 ἐαυτῷ
661 2007 733 2112 γὰρ
762 2007 957 2108 ἐποιήσατο
986 2006 1044 2086 διά
1069 2012 1133 2106 τῆς
1156 2007 1331 2110 ἁμαρτίας

132 2129 197 2212 τὸν
214 2131 416 2235 ἄνθρωπον,
435 2133 493 2210 καὶ
514 2129 638 2234 ῶσπερ
661 2130 741 2212 τινά
759 2132 914 2230 ποίμνην
933 2127 1216 2231 ἀνεπιστάτητον
1234 2133 1329 2211 ἀπο·

76 2275 118 2336 15
132 2255 367 2356 βονκολήσας
386 2259 482 2335 Θεοῦ
501 2261 574 2335 τῶν
592 2256 795 2357 ἀλλοτρίων
813 2251 960 2358 ἐκρότει.
992 2252 1173 2358 τοιγάρτοι
1192 2257 1249 2335 καῖ
1267 2259 1331 2354 τῆς

133 2381 227 2460 οὕτω
254 2379 491 2483 πορισθείσης
520 2382 633 2484 ἀρχῆς
661 2379 802 2462 δικαίως
831 2378 1055 2478 ἐκβέβληται.
1091 2378 1361 2474 βεβασίλευκεν

131 2501 207 2608 γάρ
241 2507 289 2610 ἐφ
325 2503 418 2603 ἡμᾶς
451 2503 471 2582 ὑ
503 2499 677 2605 Χριστός,
706 2499 761 2582 διό
793 2508 889 2608 φησι
918 2513 940 2551 “
955 2509 1036 2584 Νῦν
1063 2504 1083 2582 ὁ
1115 2503 1237 2608 ἅρχων
1267 2509 1331 2583 τοῦ
1375 2495 1474 2625 ,Ἢ

134 2639 157 2678 “
174 2627 314 2727 κόσμου
344 2625 471 2708 τούτου
502 2624 766 2726 ἐκβληθήσεται
798 2625 878 2732 ἔξω,
908 2624 1008 2728 κάγὼ
1035 2625 1096 2708 ε’ἀν
1124 2629 1262 2734 ὑψωθῶ
1294 2627 1332 2705 ἐκ
1377 2641 1418 2691 ³²·

133 2761 158 2800 “
176 2755 240 2851 τῆς
261 2755 339 2854 γῆς,
356 2749 495 2835 πάντας
517 2747 663 2831 ἑλκύσω
684 2747 776 2852 πρὸς
797 2747 983 2849 ἐμαυτόν.”

663 2945 671 2974 Ι

78 3013 121 3056 20
459 3000 657 3092 Ἐτείρεσθε,
683 3001 813 3080 ἄγωμεν
840 3002 1000 3074 ἐντεῦθεν.

192 3175 241 3254 ‘O
259 3171 325 3275 μέν
343 3172 459 3258 κοινὸς
486 3182 560 3259 τοῖς
587 3182 741 3260 πολλοῖς
766 3178 824 3256 καὶ
849 3173 1076 3278 τετριμμένος
1103 3181 1167 3253 τοῦ
1194 3207 1334 3276 προκει·

137 3298 246 3398 μένου
264 3296 378 3399 λόγος
396 3301 506 3378 ἐκεῖνο
528 3299 655 3378 δίδωσι
673 3305 777 3398 νοεῖν,
795 3301 844 3384 ῶς
861 3299 1004 3402 ἐπείπερ
1029 3299 1049 3378 ὁ
1073 3302 1136 3397 τῆς
1154 3296 1336 3376 Ἰουδαίων

137 3423 306 3506 ἀπονοίας
325 3420 522 3505 εἰσελάσας
540 3421 608 3521 ἤδη
631 3421 761 3526 καιρὸς,
779 3426 970 3527 μονονουχὶ
994 3420 1181 3524 πεπηγότα
1206 3419 1369 3500 λοιπὸνᾰ

138 3544 202 3626 τόν
230 3548 346 3644 τίμιον
377 3555 442 3626 τοῦ
475 3549 643 3647 Σωτῆρος
673 3545 877 3626 ἐπιδεικνύει
908 3543 1079 3650 σταυρόν,
1108 3551 1156 3629 είς
1187 3546 1337 3630 ἐκείνους

81 3698 124 3760 ²5
139 3667 346 3774 ἀποτρέχειν
364 3669 446 3754 τοῦς
464 3667 596 3754 τόπους
615 3670 705 3769 ὁμοῦ
721 3675 794 3753 τοῖς
820 3670 934 3772 ἁγίοις
958 3676 1132 3769 μαθηταῖς
1154 3671 1336 3770 ἠπείγετο,

138 3794 176 3872 ἐν
213 3791 342 3896 οἷσπερ
383 3791 491 3874 αὑτὸν
527 3793 549 3892 η
589 3799 662 3872 τῶν
700 3795 884 3896 ὑπηρετῶν
919 3792 1142 3888 συνελόβετο
1182 3795 1338 3895 εὑροῦσα

139 3923 285 4019 σπεῖρα.
324 3919 383 3996 καὶ
407 3914 557 4000 πιθανὸς
581 3915 688 4016 μένό
715 3925 806 4001 νοῦς·
835 3917 936 4017 πλὴν
958 3916 1048 4000 εἰκός
1072 3950 1110 3996 τε
1136 3919 1194 3998 καὶ
1219 3917 1338 4018 ἕτερον

139 4040 273 4120 ἐθέλειν
301 4042 516 4142 ῦποδηλυῦν,
541 4039 778 4140 πνευματικὸν
806 4039 973 4141 δηλονότι
1001 4043 1059 4121 καὶ
1088 4037 1335 4143 κεκρυμμένον.

139 4163 207 4265 τὴν
224 4161 296 4268 γὰρ
319 4163 364 4271 ἐξ
385 4163 504 4268 ἐτέρου
529 4162 624 4248 τινὺς
649 4161 740 4267 πρὸς
765 4163 883 4268 ἕτερόν
900 4199 934 4244 τι
952 4161 1177 4264 μετάστασιν
1195 4165 1254 4243 καὶ
1272 4163 1338 4263 τὴν

82 4327 127 4386 30
140 4289 180 4369 ἐκ
197 4293 270 4370 τῶν
285 4285 455 4394 χειρόνων
473 4294 522 4373 είς
546 4288 588 4368 τὸ
613 4287 757 4388 ἀμεινον
775 4287 997 4392 ἀποδρομὴν,
1018 4289 1060 4368 δι’
1081 4288 1189 4368 αὑτοῦ
1214 4321 1253 4367 τε
1279 4289 1367 4367 καὶο

147 4517 273 4608 Ι11.βα
318 4517 325 4536 ’
376 4515 410 4572 Ε.
520 4532 561 4572 12.
579 4513 775 4588 προσηκόντων]
788 4515 988 4587 προσελθόντων
1001 4515 1033 4570 Ε.
1149 4529 1192 4570 22.
1210 4517 1292 4586 λόγου
1306 4513 1339 4570 Ε.

141 4609 175 4645 025
189 4605 243 4642 om·
283 4626 290 4641 ι

698 4689 788 4755 3³12
