3274 5118
143 364 252 433 ποία.
323 369 381 433 ΙΝ
411 369 725 436 S.JOANNEM.
770 370 867 436 LIB.
891 370 933 434 X.
978 368 1079 434 CAP.
1103 368 1152 434 11.
1273 369 1335 433 611

141 527 300 634 ἔχουσαν
326 534 473 638 ἕδραίως
499 533 638 642 ψυχήν·
685 535 727 616 τὸ
755 534 793 617 δέ
820 538 869 621 ὦς
898 535 978 643 ἥξοι
1004 537 1064 616 καί
1090 535 1194 616 ἔσται
1219 543 1336 636 προῦ-

139 655 350 755 ποπτευθέυ,
368 660 551 763 λειοτέραν
573 659 644 765 ἔχει
668 659 735 762 τὴν
751 658 918 763 πρόοδον,
938 662 995 740 κοί
1018 658 1061 742 τό
1085 659 1198 766 ἄχθος
1223 659 1334 765 εὐφο-

137 777 341 884 ρητότερον,
360 785 409 867 ὡς
433 787 737 887 προεγνωσμένου
758 783 826 885 ἤδη
850 787 909 865 καὶ
933 783 1235 936 προτετριμμένον
1259 789 1338 868 ταῖς

138 936 204 983 του
186 911 348 986 ποθεῖν
366 907 626 992 ἀνευδοιοὶστως
647 908 808 988 ἐλπίσιν.
844 905 943 1007 οἶμαι
967 908 1011 988 δέ
1032 943 1067 988 τι
1093 910 1151 988 καί
1176 915 1337 987 τοιοῦτον

103 1027 369 1128 5ύποσημῆναι
400 1030 667 1126 βούλεσθαι
632 1065 696 1111 του
726 1029 901 1134 Χριστόν.
949 1036 979 1110 εί
1012 1029 1085 1135 γὰρ
1116 1027 1200 1132 ἐγὼ,
1231 1033 1337 1138 φησί,

138 1152 385 1252 τοσαῦταμὲν
403 1154 471 1255 ἤδη
493 1143 843 1258 τεθαυματούργηκα,
861 1157 921 1235 καὶ
944 1162 1051 1235 τοῦτο
1075 1157 1132 1235 ε’πί
1157 1152 1337 1258 μάρτυσιν

139 1275 232 1374 ὑμῖν,
250 1277 561 1382 θαυματουργήσει
590 1277 628 1360 δὲ
656 1314 715 1360 και
702 1279 842 1386 έφΗ
824 1285 923 1380 υμῶν
945 1314 966 1359 ο
951 1277 1244 1382 Παράκλητος·
1277 1281 1336 1358 καὶ

138 1403 203 1500 τῆς
238 1403 421 1482 Ἰουδαίων
458 1402 628 1488 ἀπονοίας
664 1403 729 1486 ούκ
769 1401 938 1504 ἀτονήσει
978 1399 1020 1483 τὸ
1062 1402 1210 1506 θράσος,
1247 1404 1366 1490 άλλίι

137 1521 283 1604 ἔσονται
299 1523 413 1606 πάλιν
431 1528 469 1607 εὐ
486 1525 635 1627 τούτοις,
648 1531 707 1608 καί
726 1529 764 1607 έν
782 1535 857 1612 τοῖς
875 1527 926 1608 έτι
944 1525 1156 1632 χείροσιμῆ
1175 1521 1331 1607 σκανδα-

83 1676 123 1718 10
138 1647 280 1747 λισθῆτε,
299 1649 467 1756 φησὶυ,”
447 1685 534 1732 οταν
551 1653 610 1733 καί
639 1653 739 1732 αι’ττοί
767 1659 875 1732 τοῦτο
901 1649 1076 1735 παθόντες
1103 1649 1332 1754 εὑρίσκησθε,

139 1773 382 1875 διαμέμνησθε
405 1773 443 1854 δὲ
463 1782 651 1880 πανταχοῦ
672 1781 745 1854 τῶν
763 1775 859 1874 ε’μῶυ
874 1773 1010 1877 λόγων·
1041 1785 1063 1823 “
1075 1776 1134 1855 Οὐ
1155 1773 1231 1928 γάρ
1255 1777 1335 1854 ε’στι

138 1903 161 1944 “
177 1895 395 1998 μαθητὴς’
360 1933 471 2050 υιτερ
502 1896 566 1980 τὸν
602 1897 834 1997 διδάσκαλον,
864 1896 944 1980 οὐδὲ
982 1900 1165 1984 δοῦλος
1146 1933 1234 2002 υπερ
1271 1899 1335 1982 τὸν

137 2029 161 2068 “
177 2021 370 2126 κύριον’
327 2024 471 2103 αυτοῦ.”

1379 1768 1405 1820 Β.
1408 1768 1506 1821 Mutua.

1380 1850 1405 1886 x.
1420 1849 1460 1898 24.

132 2273 423 2352 Ἀποσυνατώτουσ
449 2277 640 2344 ποιήσουσιν
666 2278 758 2354 ὑμᾶς·
793 2276 861 2343 ἀλλ’
891 2277 1020 2368 ἔρχεται
1046 2279 1118 2368 ὥρα
1143 2277 1197 2344 ίνα
1223 2281 1289 2345 πᾶι
1314 2277 1364 2346 όν

83 2407 123 2472 ¹5
234 2399 431 2468 ἀποκτείναι
457 2403 540 2480 ὑμᾶς
567 2401 646 2494 δόξιρ
674 2402 828 2494 λατρείαν
855 2405 1054 2496 προσφέρειν
1081 2406 1129 2489 τῷ
1154 2404 1239 2490 Θεῷ.

190 2572 405 2675 Ἀνεκόμισε
429 2573 521 2679 πρὸς
546 2575 633 2658 αὐτὸ
659 2575 701 2657 τὸ
725 2575 883 2677 πάντων,
902 2581 951 2663 ὡς
973 2577 1057 2665 έπος
1081 2583 1200 2676 είπεΐυ,
1219 2573 1363 2681 ἀκρόυ
1391 2593 1503 2652 mu.

136 2731 247 2780 τατον
264 2705 338 2779 τῶν
357 2702 491 2798 δεινῶν,
507 2709 572 2782 τοῦ
592 2700 755 2782 κινδύνου
773 2698 841 2802 τὴν
859 2701 1072 2851 πρόρῤησιυ,
1092 2704 1160 2807 οὐχ
1183 2701 1242 2782 ίυα
1265 2699 1333 2801 τὴν

135 2821 312 2927 ἄνανδρον
330 2831 404 2909 τοῖς
422 2859 550 2906 εαυτου
533 2827 788 2927 μαθηταῖς’
770 2825 1007 2928 ευεργάσηται
1031 2828 1171 2906 πτοίαν·
1201 2827 1243 2905 ού
1261 2859 1333 2976 γαρ

135 2943 181 3026 δν
198 2947 338 3052 ἥρμοσε
362 2953 521 3052 δρᾶν
469 2984 521 3057 τερ
550 2983 593 3052 γε
620 2949 716 3033 ὅλως
737 2949 974 3052 παροτρύνειν
991 2948 1152 3028 ε’θέλουτι
1175 2947 1266 3050 πρὸς
1290 2945 1332 3030 τδ

83 3107 123 3148 20
136 3071 383 3172 εύτολμότατο
400 3071 539 3154 λίαν
502 3107 567 3153 τον
585 3071 820 3176 εύαγγελικὸυ
838 3071 989 3178 κηρῦξαι
1012 3069 1138 3174 λόγον·
1171 3071 1292 3150 ἀλλ’
1276 3106 1333 3151 ινα

134 3193 199 3276 τὸν
226 3193 397 3276 ἀνωτάτω
425 3195 598 3304 φόβον,
575 3231 624 3280 ως
651 3195 720 3296 ἤδη
744 3194 1054 3298 προεγνωσμένου,
1072 3192 1269 3298 εύτριβῆ
1244 3227 1333 3274 οντα

135 3317 193 3400 διδ
218 3328 324 3401 τοῦτο
347 3319 628 3424 παρωθούμευοι,
655 3317 790 3402 παντὸς
814 3317 881 3419 μέν
901 3318 970 3420 ἤδη
998 3315 1332 3400 καταυεανιεύωνται

134 3453 256 3543 κακοῦ,
270 3444 405 3546 μηδένα
424 3445 461 3525 δὲ
481 3444 578 3530 ὅλως
594 3449 755 3526 ποιοῖντο
773 3440 898 3544 λόγου,
911 3442 999 3543 μηδὲ
1017 3441 1114 3546 είπερ
1133 3477 1168 3524 τι
1185 3441 1366 3545 προσίοιίι

133 3574 208 3648 τῶν
235 3567 510 3678 ἀφορητοτέρων
537 3575 657 3650 κακῶν
685 3563 773 3649 είυοι
810 3567 1021 3648 δοκούντων.
1071 3575 1145 3653 τοῖς
1180 3565 1253 3670 γὰρ
1288 3565 1332 3648 τὸ

83 3721 121 3785 ι5
134 3689 251 3794 μεῖζόν
275 3695 317 3774 οὐ
345 3692 537 3794 δεδοικόσι,
556 3694 665 3774 ποίοιν
691 3689 736 3772 ἂν
762 3691 889 3797 ζημίαν
913 3693 1050 3774 ἐποίσει
1077 3691 1120 3773 τὸ
1148 3689 1327 3789 ἔλαττον,

134 3821 166 3896 οί
197 3815 235 3897 δέ
264 3821 323 3898 καί
355 3825 427 3898 τῶν
454 3825 503 3902 είς
534 3817 646 3921 ἄκρον
673 3815 833 3918 ἡκόντων
863 3815 1037 3918 δειμάτων
1067 3823 1332 3919 κατευμεγεθεῖν

132 3939 337 4043 ἐγνωκότες,
367 3941 426 4022 διᾶ
455 3942 550 4028 τίνος
582 3941 634 4022 έτι
666 3947 738 4022 τῶν
768 3941 897 4022 ἄλλων
928 3947 1136 4048 ταραχθεῖεν
1164 3939 1232 4037 ἆν;
1272 3941 1331 4020 ἵνα

132 4065 251 4146 τοίνυν
287 4067 436 4170 εὐτρεπῆ
472 4064 539 4167 τὴν
575 4063 734 4147 διάνοιαν
771 4064 884 4170 ἔχοιεν
919 4070 968 4149 είς
1003 4063 1046 4144 τὸ
1085 4062 1204 4146 πάντα
1247 4063 1331 4144 λίαν

132 4189 298 4290 ἀσμένως
326 4192 537 4294 ὑπενεγκεῖν,
565 4187 741 4294 καὶπρὸς
770 4188 813 4268 τὸ
840 4191 970 4294 χρῆναι
997 4197 1173 4269 τοσοΐπου
1199 4193 1263 4287 τῆς
1292 4192 1330 4268 ἐκ

81 4351 120 4410 30
131 4349 204 4396 των
225 4315 407 4394 Ἰοοδαιωυ
435 4315 763 4422 κατεξαυίστασθαι
789 4311 995 4413 βλάβης,“
973 4347 1021 4398 ως
1044 4311 1205 4413 -μηδε’
1164 4312 1272 4392 αυτὸν
1299 4318 1329 4392 εί

132 4439 234 4544 τύχοι
259 4437 423 4544 παρόντα
446 4437 510 4520 τὸν
529 4436 627 4538 ιίιμδυ
646 4437 792 4518 δεδιέναι
819 4435 986 4518 θάνατον·
1021 4439 1099 4544 οὐχί
1124 4434 1171 4518 τὰ
1197 4439 1236 4516 ἐν
1257 4436 1326 4516 ἔθει

132 4561 242 4664 μόνον
271 4563 533 4666 συμβήσεσθαι
565 4563 673 4666 λέγει,
703 4561 783 4644 οὐδὲ
815 4561 919 4670 μέχρι
951 4561 1087 4643 τούτων
1119 4557 1359 4662 στήσεσθαιο

684 4703 767 4770 4ιι
