3274 5118
302 317 366 380 552
605 318 644 382 B.
668 317 874 384 CYRILLI
903 319 1195 386 ALEXANDR.
1408 340 1462 383 xv.
1478 336 1511 384 α.

300 480 367 580 μέν
385 483 427 563 οῦ
450 484 639 583 δεδεημένα
663 489 785 585 τομῆς,
804 484 1029 585 ἀπομένοντα
1056 485 1094 566 δέ
1121 489 1227 592 ε’ντῇ
1255 484 1425 592 ἀμπέλῳ,
1448 487 1512 562 καὶ

301 608 347 712 τῇ
385 609 463 715 θείᾳ
500 610 664 714 φροντίδι
700 610 995 712 διακαθαίρεσθαι
1030 607 1228 710 μέλλοντα,
1264 609 1350 693 τούς
1385 643 1431 687 τε
1466 607 1514 714 ἐξ

136 747 251 834 87οᾲ
273 733 420 811 οαῦτῶν
448 729 732 817 πεπιστευκότας
758 739 832 812 τῶν
859 731 1051 832 Ἰουδαίων,
1079 737 1139 813 καὶ
1166 733 1249 818 τοῦς
1275 734 1329 814 ἐπ’
1359 732 1512 814 ἐκείνοις

302 854 587 959 ἐπιστρέφοντας
611 855 655 962 ἐξ
678 859 799 955 ε’θνῶν,
817 855 870 942 οῖς
892 858 958 957 μία
973 855 1078 958 μὲνὴ
1100 857 1289 962 κάθαρσις·
1320 858 1361 936 ἐν
1380 854 1508 936 Πνεῦ-

301 1013 396 1079 ματι
415 977 488 1084 γάρ
516 987 670 1060 τελεῖται
701 984 753 1089 τῷ
779 981 905 1090 Ἀγίερ,
933 980 1025 1062 κατὰ
1053 981 1118 1066 τὰς
1147 979 1306 1088 γραφάς·
1350 981 1544 1081 ἑτεροῖος5

302 1137 417 1204 γεμην
459 1107 518 1184 καὶ
558 1104 865 1208 παρηλλαγμένος
906 1106 927 1184 ὃ
968 1113 1033 1186 τοῦ
1072 1105 1308 1208 καθαίρεσθαι
1353 1101 1506 1207 τρόπος.

302 1226 535 1327 ἀποτέμνεται
562 1226 636 1329 γάρ
662 1235 737 1308 τῶν
763 1227 809 1334 ἐξ
832 1225 988 1331 Ἰσραὴλ
1015 1226 1058 1308 τὸ
1086 1226 1179 1308 κατά
1209 1225 1320 1326 νόμον
1347 1226 1401 1306 ἔτι
1434 1227 1506 1306 τδν

305 1351 528 1430 Μωυσαῖκῦν
556 1349 683 1454 διαζῆν
709 1351 845 1432 ε’θέλειν
874 1355 933 1431 καὶ
964 1349 1232 1446 πολιτεύεσθαι,
1261 1355 1325 1450 τῆς
1358 1349 1399 1430 δὲ
1432 1357 1510 1430 τῶν

302 1473 661 1578 εἰδωλολατροιίντων
680 1476 825 1580 καρδίας
848 1482 1072 1578 παραιρεῖται
1096 1479 1161 1574 τῆς
1185 1475 1336 1581 ἀρχαίας
1361 1473 1510 1576 ἀπάτης

303 1597 485 1694 ὁσκοπὸς,
500 1601 558 1678 καὶ
573 1602 638 1698 τῆς
651 1604 724 1679 τῶν
738 1599 923 1679 ἀσυνέτων
936 1601 1027 1680 ἐθῶν
1037 1597 1261 1702 ἀκαθαρσίας
1275 1600 1295 1676 ὁ
1309 1595 1509 1704 συρφετὸς,
1529 1633 1568 1674 ιο

301 1721 360 1799 ’ίνα
385 1721 557 1802 δυ’νωνται
583 1722 703 1830 φέρειν
727 1727 792 1823 τῆς
819 1722 915 1808 θείας
943 1757 981 1803 τε
1010 1725 1070 1804 καὶ
1093 1723 1327 1823 εῦαγγελικῦς
1351 1721 1508 1801 παιδεῦ-

266 1855 288 1922 b
303 1877 396 1928 σεως
412 1842 477 1924 τὸν
494 1845 665 1944 ἐδώδιμον
684 1843 809 1950 ὥσπερ
827 1852 879 1954 τῷ
897 1851 981 1954 Θεῷ
1005 1851 1063 1926 καὶ
1089 1847 1199 1952 φίλον
1219 1844 1329 1930 ὅντως
1347 1845 1508 1950 καρπόν.

302 1965 358 2047 ὅτι
386 1967 423 2048 δέ
450 1969 564 2050 πάλιν
590 1970 674 2070 ἡμῖν
702 1969 834 2070 ἀληθές
862 1969 1093 2077 φαίνεταιτὸ
1121 1967 1315 2072 εἰρημένον,
1340 1971 1511 2074 χαλεπὸν

302 2091 404 2173 οὐδὲν
438 2099 723 2200 πληροφορῆσαι
764 2094 809 2200 ἐξ
847 2095 964 2174 αὐτῶν
1005 2100 1079 2175 τῶν
1120 2094 1225 2174 θείων
1264 2094 1507 2196 γραμμάτων.

302 2215 509 2298 ἐπιστέλλει
534 2217 606 2322 γὰρ
631 2220 651 2298 ὁ
677 2216 870 2302 θεσπέσιος
894 2223 1042 2303 Παῦλος
1069 2225 1143 2302 τοῖς
1163 2215 1238 2317 ’μέν
1256 2217 1301 2324 ἐξ
1321 2219 1512 2298 Ἰουδαίων
1527 2253 1562 2311 15

302 2341 593 2440 πεπιστευκόσιν,
622 2341 681 2422 ὅτε
714 2349 787 2422 τῶν
816 2343 1060 2444 εῦαγγελικιῦν
1095 2339 1287 2443 δογμάτων
1318 2341 1508 2446 ὀλιγωρή-

305 2497 446 2562 σαντες,
476 2466 595 2546 ὀπίσω
628 2466 742 2548 πάλιν
773 2462 913 2573 ᾤχοντο
944 2464 1008 2550 τάς
1039 2474 1104 2546 τοῦ
1136 2465 1248 2564 νόμου
1278 2465 1512 2565 τετιμηκότες
1620 2505 1621 2527 ¹

135 2605 191 2656 (m
204 2621 258 2668 αι
304 2586 410 2670 σκιάς
436 2597 458 2634 “
476 2589 819 2693 Ἀπηλλοτριιόθητε
852 2587 925 2670 ἀπὸ
954 2594 1122 2692 Χριστοῦ
1152 2589 1190 2669 οῖ
1216 2623 1308 2674 τινες
1339 2591 1379 2670 ἐν
1406 2587 1510 2698 νόμῳ

134 2725 174 2776 1b.
185 2741 238 2823 ι·χ
304 2717 325 2755 “
345 2713 560 2810 δικαιοῦσθε,
590 2719 654 2812 τῆς
684 2713 830 2818 χάριτος
867 2713 1091 2820 ε’ξεπέσατε,”
1123 2715 1182 2793 καὶ
1217 2712 1331 2793 πάλιν
1362 2714 1509 2815 “Λε’γω

304 2843 325 2880 “
343 2833 415 2938 γὰρ
457 2836 538 2936 ὑμῖν
576 2835 630 2917 ὅτι
671 2837 733 2918 ε’ἀν
768 2837 1028 2942 περιτέμνησθε
1064 2835 1244 2940 Χριστὸς
1271 2837 1362 2935 ὑμᾶς
1403 2837 1510 2917 οῦδὲν
1523 2879 1563 2918 ιο

304 2968 325 3005 “
344 2957 564 3065 ὠφελήσει.”
607 2967 637 3042 εῖ
670 2960 709 3042 δὲ
742 2962 784 3042 τὸ
819 2962 1022 3059 βούλεσθαι
1059 2965 1285 3040 δικαιοῦσθαι
1316 2958 1409 3039 κατά
1441 2959 1510 3041 τὸν

273 3079 413 3179 ονόμον
430 3084 647 3188 ἀλλοτρίους
670 3085 798 3172 αὐτοῦς
823 3084 1014 3190 ἀποφαίνει
1037 3093 1102 3166 τοῦ
1120 3090 1302 3187 Χριστοῦ,
1322 3090 1402 3168 πῶς
1426 3086 1509 3189 οὐχὶ

302 3207 446 3290 πάντως
481 3211 744 3316 ἀναμφίλογον,
782 3210 838 3290 ὅτι
874 3213 939 3308 τῆς
977 3207 1068 3289 κατά
1110 3207 1221 3308 νόμον
1255 3207 1442 3293 πολιτείας
1484 3209 1508 3308 ἡ

303 3327 477 3415 ἀπόθεσις
495 3337 559 3432 τῆς
579 3339 628 3418 εἰς
645 3333 811 3437 Χριστὸν
828 3333 1027 3438 συναφείας
1051 3332 1220 3438 προξενεῖ
1240 3330 1307 3431 τὴν
1326 3332 1503 3431 δόναμιν;

302 3455 545 3554 περιτέμνεται
573 3457 692 3536 τοίνυν
720 3459 813 3537 οὕτω
840 3455 906 3556 μέν
935 3457 955 3534 ὁ
982 3453 1146 3559 Ἰσραὴλ,
1175 3455 1440 3556 διακαθαίρεται
1468 3455 1508 3536 δέ
1521 3495 1563 3553 ²5

303 3583 448 3674 μᾶλλον
466 3581 525 3658 καὶ
543 3582 563 3659 ὁ
580 3579 668 3660 ποτέ
686 3587 731 3686 τῇ
750 3582 863 3660 κτίσει
882 3577 1087 3682 λατρεῦσας
1104 3576 1205 3681 παρὰ
1226 3576 1290 3657 τὸν
1309 3580 1503 3674 κτίσαντα,

302 3696 369 3797 τὴν
405 3702 558 3806 ἀρχαίαν
595 3703 707 3783 νόσον
743 3701 955 3798 ἀποβαλών.
1012 3703 1050 3782 τί
1082 3700 1155 3805 γάρ
1190 3699 1282 3803 πρὸς
1318 3700 1449 3788 αὐτοῦς
1486 3705 1506 3782 ὁ

234 3869 239 3881 ·
303 3825 453 3910 Παῦλός
482 3833 622 3932 φησιν;
658 3838 680 3876 “
695 3833 740 3908 Εῖ
768 3827 840 3932 γὰρ
868 3829 988 3933 ἐχθροὶ
1016 3824 1115 3910 ὄντες
1143 3825 1428 3928 κατηλλάγημεν
1454 3831 1508 3934 τῷ

303 3959 324 3996 “
344 3954 426 4058 Θεῷ
458 3948 517 4031 διά
547 3959 611 4030 τοῦ
643 3952 798 4032 θανάτου
830 3960 894 4038 τοῦ
922 3953 1013 4030 Υίοῦ
1045 3952 1165 4047 αὐτοῦ,
1194 3954 1328 4057 πολλῷ
1357 3956 1507 4050 μᾶλλον

302 4083 324 4121 “
343 4075 630 4177 καταλλαγέντες
658 4073 904 4176 σωθησόμεθα
931 4076 969 4154 ἐν
995 4078 1042 4179 τῇ
1070 4073 1141 4177 ζωῇ
1169 4071 1316 4153 αῦτοῦ·”
1350 4079 1506 4154 αἰτιᾶται
1521 4111 1563 4168 30

133 4215 254 4282 (Μίαν-
268 4195 342 4282 (1δέ
366 4200 428 4278 καί
451 4205 567 4306 φησιν
584 4201 622 4279 έν
639 4199 769 4303 ἑτέροις
788 4208 810 4246 “
825 4201 918 4279 Νυνὶ
944 4195 982 4276 δέ
1007 4195 1154 4299 γνόντες
1173 4194 1280 4289 θεὸν,
1300 4203 1449 4296 μᾶλλον
1468 4197 1506 4279 δι’

337 4479 363 4532 9.
381 4467 541 4534 παραιρεῖται
554 4463 619 4522 EAE.
630 4467 791 4536 παραιτεῖται
804 4461 856 4519 Ed.
867 4461 907 4518 ῖσ.
919 4463 1078 4534 παραφιῖται
1092 4460 1144 4517 Ed.
1157 4479 1213 4532 mg.
1322 4478 1363 4517 ιο.
1382 4462 1450 4520 ε’θόν
1461 4481 1504 4521 ιο·

302 4542 441 4603 sumptum
453 4553 486 4590 ex
501 4535 533 4591 Ε.
644 4553 685 4607 15.
704 4533 769 4608 γὰρ]
783 4535 892 4606 μὲνγὰρ
907 4533 939 4590 Ε.
1048 4533 1090 4588 16.
1110 4533 1313 4605 ὀλιγορίσαντεε
1327 4531 1359 4588 E.
