3248 5112
128 322 327 416 xiv.12‚13.
365 329 419 394 IN
449 330 764 399 S.JOANNEM.
810 333 907 398 LIB.
930 333 990 398 IX.
1036 331 1192 396 CARI.
1268 330 1334 393 459

127 487 302 592 μειζόνων
326 495 620 604 ἀντιπαρεξάγων
644 495 687 578 τὸ
714 496 863 600 μέγεθος
874 493 922 578 Ἃ
940 493 1010 600 ε’γῦ
1034 491 1210 594 πεποίηκά
1237 499 1332 599 φησι

128 617 263 709 ποιήσει
282 624 344 698 καί
362 621 500 730 μείζονα
517 619 648 703 τούτων·
682 623 725 704 οῦ
749 621 821 724 γὰρ
846 617 1027 721 ἀτονήσας
1052 616 1198 723 περὶτὰ
1216 617 1331 721 μείζω,

127 736 240 843 μέχρι
263 746 338 821 τιῦν
355 745 619 844 τετελεσμένων
640 744 706 846 τὴν
725 745 856 826 οἰκείαν
872 744 1053 844 ἐπέστησε
1074 742 1234 840 δύναμιν,
1250 743 1326 821 ε’πι·

127 863 285 948 τελέσας
310 863 349 946 δέ
375 866 467 971 ἅπερ
489 871 598 974 ἐχρῆν
621 873 680 950 καὶ
703 869 776 952 ὅσα
799 902 868 972 περ
892 867 1003 973 τυχὸν
1019 873 1067 953 εἰς
1090 865 1205 965 μέσον
1221 899 1331 968 παρε-

96 985 281 1084 5κόμισεν
297 990 319 1068 ό
336 989 467 1092 καιρός,
487 991 542 1072 ότι
560 989 610 1093 μὴ
629 994 752 1100 μέχρις
773 992 913 1074 ἐκείνων
932 993 1160 1098 ἀφικνεῖσθαι
1184 987 1330 1070 δύναται

126 1114 194 1210 τῆς
212 1111 363 1214 ἐνούσης
381 1115 547 1222 ἐξουσίας
572 1119 668 1226 αὐτῷ
691 1117 734 1198 τό
757 1113 990 1218 ἅπερινύητον
1007 1114 1166 1216 μέγεθος,
1185 1111 1324 1192 ἐκδιδό-

125 1267 212 1315 σκει
236 1239 423 1340 χρησίμως
449 1239 508 1320 διό
531 1247 604 1322 τῶν
622 1241 824 1346 εἰρημένων.
864 1237 1027 1320 ἀλλ’ἵνα
1051 1235 1117 1337 τὴν
1134 1233 1238 1342 τόξιν
1254 1242 1357 1315 τῶνε

125 1360 370 1461 προκειμένων
388 1363 610 1467 τηρήσαντες
635 1369 681 1472 τῇ
704 1369 768 1465 τῆς
794 1364 925 1471 λέξεως
949 1362 1079 1468 θεωρίᾳ
1095 1367 1168 1441 τῶν
1186 1363 1324 1462 ἀκροω-

125 1480 246 1579 μένων
276 1485 341 1566 τὸν
377 1497 461 1570 νοῦν
491 1488 746 1590 ἐπιστήσομεν
776 1491 881 1596 Ἀμην
913 1492 1008 1594 φησι
1045 1483 1142 1588 λέγω
1178 1487 1253 1590 ῦμίν
1282 1483 1328 1564 ‘0

79 1646 114 1687 10
126 1605 292 1690 πιστεύων
314 1617 360 1697 εἰς
389 1609 449 1719 ἒμέ
475 1611 522 1694 τίι
551 1613 635 1722 ἔργα
662 1611 689 1696 οἰ
716 1613 785 1718 ἐγῶ
812 1611 900 1693 ταῦ
927 1615 1079 1696 κακεῖνος
1107 1609 1236 1705 ποιησει
1266 1615 1326 1689 καί

124 1732 266 1840 μείζονα
282 1733 399 1816 τούτων
416 1739 545 1831 ποιήσει
564 1738 613 1818 ’ότι
633 1735 701 1841 ey&
719 1738 799 1846 πρίς
818 1735 870 1818 τίν
890 1732 1027 1844 Πατέρα
1045 1731 1241 1841 πορεύομαι.

219 1852 278 1936 ἰτα
305 1858 345 1937 τί
367 1867 483 1958 τοῦτο,
507 1861 656 1966 φήσειεν
681 1862 727 1940 οἷν
750 1894 803 1944 τις
830 1865 913 1940 τῶν
928 1858 1162 1962 ἀκροωμείιων
1186 1856 1327 1938 ἐπιεικέ-

124 2013 269 2082 στερον,
297 1979 339 2061 τὸ
368 1983 588 2086 πορεύεσθαί
616 1992 710 2094 φημι
743 1983 833 2089 πρὸς
866 1981 930 2066 τὸν
956 1981 1103 2087 Πατέρα
1132 1979 1197 2061 τὸν
1220 1979 1323 2076 Υἰδν,

123 2102 218 2206 πρὸς
248 2102 291 2184 τό
322 2105 499 2187 δύνασθαι
530 2114 728 2212 κατορθοῦν
754 2110 813 2188 καί
844 2104 891 2187 τὰ
924 2105 975 2186 ἐτι
1006 2104 1112 2208 μείζω
1139 2110 1212 2184 τῶν
1238 2103 1324 2206 παρ’

77 2259 110 2316 15
124 2229 238 2308 αῦτοῦ
273 2231 504 2332 δεδειγμένων
540 2229 622 2317 τοῦς
658 2229 895 2314 πιστεύοντας
933 2235 982 2314 εἰς
1018 2228 1150 2326 αῦτόν;
1195 2229 1323 2308 οῦκοῦν

122 2352 369 2456 κεκρυμμένην
400 2352 480 2434 τινὰ
512 2357 662 2459 θεωρίαν
692 2354 851 2461 εἰσφέρει
881 2353 924 2434 τὸ
952 2352 1143 2455 εἰρημένον.
1191 2353 1230 2431 τί
1258 2353 1350 2432 οῦνο
1371 2369 1491 2427 804A.

122 2474 277 2574 ἐστιν,ό
305 2483 410 2584 φησι,
433 2476 537 2584 δέχου
564 2479 720 2582 λέγοντα
746 2479 855 2584 τυχόν
867 2475 920 2558 Ὦ
942 2484 1015 2558 τῶν
1038 2478 1133 2575 ἐμῶν
1154 2476 1323 2579 ῦπηρεται

122 2597 251 2704 λόγων
268 2605 328 2682 καὶ
344 2600 489 2705 γνήσιοι
506 2607 682 2712 φοιτηταί,
702 2604 767 2687 ἕως
785 2603 850 2702 μέν
868 2599 939 2682 σῦν
956 2603 1039 2700 ῦμῖν
1055 2599 1120 2685 τὰς
1139 2600 1323 2704 διατριβὰς

121 2724 320 2828 ἐποιούμην
350 2727 407 2806 ἐπὶ
437 2731 502 2826 τῆς
533 2731 611 2829 γῆς,
639 2725 926 2827 ἐπολιτευσοίμην
955 2728 1003 2812 ὡς
1032 2723 1229 2830 ἅνθρωπος,
1257 2726 1322 2806 οῦκ

73 2884 108 2923 ²0
121 2852 283 2955 ἄκρατον
302 2853 384 2950 ὑμῖν
401 2855 465 2952 τῆς
489 2853 655 2951 θεότητος
675 2849 742 2951 τὴν
759 2850 928 2958 ἐξουσίαν
947 2849 1192 2958 ἐπεδειξάμην·
1220 2845 1320 2930 εἰπόν

117 3011 160 3058 τε
189 2978 250 3056 καὶ
277 2974 445 3080 τέτραχα
470 2973 678 3078 πρεπόντως
703 3009 781 3059 πως
810 2977 868 3054 καὶ
897 2981 949 3081 τῷ
979 2978 1043 3073 τῆς
1074 2974 1320 3057 ταπεινώσεως

117 3099 242 3207 μέτρῳ
270 3103 328 3179 καί
357 3105 408 3208 τῷ
435 3097 596 3204 σχήματι
625 3103 676 3206 τῷ
704 3101 949 3200 δουλοπρεπεῖ
988 3095 1165 3197 ἐπειδὴδὲ
1189 3096 1320 3178 λοιπὸν

116 3227 239 3305 ἐκεῖνα
257 3221 481 3324 καθηκόντως
499 3217 720 3319 τετέλεσται,
738 3224 796 3302 καί
813 3220 1049 3324 πεπλήρωταί
1062 3255 1123 3320 μοι
1141 3224 1204 3320 τῆς
1228 3218 1319 3318 μετὰ

114 3346 262 3452 σαρκὸς
280 3349 479 3446 οἰκονομίας
496 3345 538 3426 τό
556 3343 765 3448 μυστήριον·
794 3346 966 3444 πείσομαι
982 3344 1054 3448 γὰρ
1073 3344 1163 3425 ὅσον
1181 3345 1353 3430 οῦδέπωί)

69 3501 100 3560 ²5
115 3470 187 3554 τδν
205 3469 372 3569 θάνατον,
390 3473 448 3550 καί
467 3469 716 3574 ἐγερθήσομαι·
744 3476 947 3575 χαριεῖσθαι
972 3469 1009 3549 δέ
1035 3471 1116 3568 ὑμῖν
1134 3469 1316 3572 ἐπαγγέλ-

113 3607 235 3697 λομαι
262 3597 321 3675 καί
346 3593 392 3675 τὰ
418 3594 469 3674 ἐτι
493 3595 630 3704 μείζονα
653 3600 726 3674 τῶν
750 3595 793 3674 δι’
813 3597 899 3693 ἐμοῦ
927 3593 1118 3692 θαυμάτων
1142 3595 1318 3675 δύνασθαι

112 3726 302 3822 πληροῦν,
322 3716 498 3821 παρόντος
517 3717 568 3797 ἐτι
585 3727 649 3798 τοῦ
668 3724 791 3820 καιροῦ
810 3720 949 3816 καὶτῆς
967 3719 1023 3798 ἐπὶ
1042 3718 1179 3802 τούτοις
1203 3725 1314 3826 φιλο·

111 3845 252 3940 τιμίας.
292 3841 472 3948 πορεύομαι
500 3839 572 3944 γιίρ
599 3841 681 3947 πρὶς
709 3842 762 3924 τίν
781 3840 921 3950 Πατέρα
947 3842 1198 3945 συνεδρεύσων
1220 3845 1317 3951 αὐτῷ

111 3963 289 4069 δηλονότι
317 3969 376 4046 καί
403 3965 727 4064 συμβασιλεύσων,
753 3967 800 4050 ὡς
825 3963 917 4050 Θεὸς
945 3969 984 4044 ἐκ
1008 3970 1115 4065 Θεοῦ,
1139 3967 1316 4045 ἀκατακα·

65 4091 248 4199 ςολύπτιρ
276 4087 420 4192 δυνάμει
448 4093 507 4170 καί
534 4089 683 4197 ἐξουσίᾳ
707 4149 808 4171 ......
829 4092 893 4188 τῆς
919 4090 1071 4187 ἐμαυτοῦ
1100 4088 1245 4195 φύσεως
1272 4087 1315 4171 τό

149 4367 179 4426 5.
200 4351 298 4422 ἐκείνην
310 4351 343 4406 Ε.
542 4367 584 4408 12.
602 4373 645 4424 γρ.
657 4349 846 4422 ἐπιεικέστερος
859 4348 910 4405 Ed.
922 4367 977 4420 mg.
991 4348 1180 4420 ἐπιεικέστερον
1191 4349 1271 4406 habet
1285 4352 1314 4410 F.

115 4441 159 4498 ¹⁹·
181 4420 243 4512 οῦκ]
258 4423 299 4478 καί
311 4422 357 4478 οῦκ
371 4419 443 4478 Catt.
629 4435 672 4513 25.
690 4423 732 4476 καὶ
739 4439 793 4510 pro
806 4421 834 4475 δὲ
848 4419 880 4475 Ε.
990 4490 998 4510 ἱ
1067 4421 1109 4474 28.
1120 4419 1268 4506 ,πορεύομαι
1282 4423 1314 4480 Ε.

110 4492 354 4638 §.T'ffl‘umssffb
367 4563 421 4618 fere
432 4563 482 4620 litt.
495 4489 1185 4620 exhibff'ssff‘ffiffifflffig.mmm*
1196 4491 1277 4548 hm
1289 4511 1314 4550 ς’

672 4665 764 4732 μιν
