3118 5132
317 331 382 393 418
621 329 661 394 Β.
685 327 893 395 CYRILLI
923 328 1210 395 ALEXANDR.
1407 327 1478 394 xiv.
1497 327 1538 392 8.

317 491 424 601 ὤφθη
441 490 528 574 ποτέ
547 499 621 578 τοῖς
642 495 767 597 ἁγίοις,
785 497 833 578 ὡς
857 495 880 595 ἡ
909 492 1150 579 θεόπνευστος
1174 493 1245 601 ἔφη
1268 490 1535 600 γραφὴ,“ἀλλ’

318 619 383 697 οῦκ
411 615 455 697 ἀν
480 613 581 717 οἶμαί
601 652 656 702 τις
681 616 911 719 ῦιτοποπήσαι
935 617 1024 700 ποτέ
1049 621 1191 725 ἐμφανῆ
1213 617 1281 719 τὴν
1302 617 1399 698 θείαν
1416 616 1533 718 γενέ-

289 748 409 822 οσθαι
446 739 562 848 φύσιν
594 741 716 840 οὕτως,
750 743 799 826 ὡς
835 741 908 847 ἔχει
941 743 1023 824 καθ’
1053 741 1192 844 ἑαυτὴν,
1223 739 1451 824 πλάττεσθαι
1489 740 1538 819 δὲ

318 873 465 965 μᾶλλον
482 871 531 950 είς
548 863 591 945 τῦ
609 871 660 974 τῷ
678 873 790 974 καιρῷ
807 867 1106 971 πρεπωδέστερον
1125 869 1265 972 σχῆμα.
1303 867 1362 946 καὶ
1379 872 1472 967 γοῦν
1495 869 1537 944 οῖ

315 994 501 1096 προφῆται
529 988 710 1096 διαφόρως
737 989 846 1072 αύτὸν
873 991 1066 1090 τεθέανται,
1095 995 1154 1071 καὶ
1181 989 1343 1074 ποικίλος
1369 1022 1409 1069 τε
1436 991 1556 1092 περὶι

316 1118 413 1194 θεοῦ
441 1113 526 1218 παρ’
552 1113 693 1199 ἐκείνοις
721 1117 741 1195 5
772 1115 895 1217 λόγος.
944 1117 965 1196 5
993 1111 1059 1215 μέν
1088 1114 1161 1219 γὰρ
1187 1113 1348 1198 Ἠσαίας
1377 1112 1532 1216 ἑτέρως,

314 1237 483 1341 Ἰεζεκιὴλ
515 1237 553 1318 δέ
584 1237 699 1320 πάλιν
731 1241 799 1344 οῦχ
830 1240 960 1338 ὁμοίως
992 1245 1044 1348 τῷ
1074 1238 1159 1344 παρ’
1192 1240 1317 1348 έκείνιρ
1347 1235 1529 1338 θαύματι.

295 1361 384 1459 ,ἔδει
408 1364 526 1442 τοίνυν
545 1361 702 1443 συνιέναι
726 1360 791 1443 τὸν
808 1361 1005 1462 Φίλιππον,
1024 1367 1072 1448 ὡς
1099 1361 1145 1465 ἦν
1167 1399 1202 1444 τι
1229 1370 1302 1446 τῶν
1324 1361 1534 1467 ἀμηχάνων

314 1493 513 1584 παντελῶς,
533 1484 599 1586 τὴν
617 1487 715 1568 θείαν
733 1485 912 1568 δύνασθαι
931 1492 1084 1568 κατιδεῖν
1101 1489 1240 1581 οῦσίαν,
1260 1490 1318 1568 καὶ
1336 1494 1440 1567 τοῦτο
1460 1485 1533 1566 διὰ

313 1611 461 1715 σαρκὸς,
480 1615 539 1693 καὶ
565 1613 607 1693 οῦ
632 1609 722 1710 μετά
747 1610 897 1714 σαρκὸς,
917 1611 976 1693 ὅτε
1004 1617 1062 1693 καὶ
1092 1614 1134 1693 οῦ
1161 1610 1310 1721 σφόδρα
1338 1609 1527 1715 νουνεχές,
1549 1653 1556 1693 ι

313 1735 501 1838 παρούσης
533 1737 630 1844 αὐτῷ
661 1739 725 1835 τῆς
754 1733 888 1821 εἰκόνος
917 1739 977 1816 καὶ
1003 1739 1175 1840 ἀκριβοῦς
1201 1739 1426 1843 χαρακτῆρος
1453 1743 1531 1814 τοῦ

280 1863 411 1939 deco&
439 1862 497 1938 καὶ
527 1857 684 1964 Πατρός,
707 1860 762 1940 ἐπ’
788 1857 875 1940 αῦτὸ
904 1859 1018 1964 ζητεῖν
1046 1859 1133 1941 ἰέναι
1159 1859 1202 1941 τῦ
1230 1857 1440 1965 ἀρχέτυπον,
1471 1861 1530 1944 ὡς

312 1984 413 2063 ούπω
440 1982 568 2086 παρὸν,
588 1986 646 2063 καὶ
671 1989 756 2064 καθ’
775 1981 817 2063 ῦν
843 1982 913 2064 ἔδει
938 1983 1053 2087 λόγον
1074 1983 1280 2090 ε’πιδειχθέν.
1318 1980 1527 2082 ἱκανωτάτη

311 2103 385 2209 γάρ
411 2107 496 2187 λίαν
514 2111 563 2192 εἷς
586 2105 825 2212 παράστασιν
842 2111 907 2208 τῆς
932 2108 1059 2193 οὐσίας
1083 2115 1148 2189 τοῦ
1172 2113 1268 2190 Θεοῦ
1291 2110 1349 2186 καὶ
1369 2103 1527 2208 Πατρὸς

311 2230 335 2330 ἦ
356 2235 522 2334 Χριστοῦ
550 2231 690 2335 θεωρία,
709 2238 830 2317 καλῶς
858 2233 981 2312 τεκαὶ
1008 2234 1166 2334 ἀκριβῶς
1192 2231 1446 2340 έξυφαίνοντος
1476 2228 1556 2309 τδι

142 2329 267 2463 {ffb
311 2354 528 2462 ἀξιέραστον
546 2354 685 2440 κάλλος
703 2360 768 2455 τῆς
787 2355 870 2436 ὅθεν
887 2353 999 2464 ἐξέφυ
1016 2360 1216 2456 βασιλικῆς
1235 2356 1373 2438 οῦσίας.
1405 2363 1427 2400 “
1442 2351 1524 2433 ἀπὸ

312 2489 334 2527 “
351 2477 424 2581 γὰρ
459 2488 523 2560 τοῦ
560 2487 700 2585 καρποῦ
731 2477 774 2559 τὸ
805 2478 952 2584 δένδρον
983 2477 1289 2582 ε’πιγινιύσκεται,”
1320 2475 1412 2559 κατὰ
1448 2475 1523 2577 τὴν

311 2604 420 2682 αὑτοῦ
448 2613 513 2684 τοῦ
543 2607 710 2704 Σωτῆρος
738 2601 877 2709 φωνήν.
929 2602 1153 2710 ἔξαρκούσης
1180 2610 1370 2707 τοιγαροῦν
1394 2607 1446 2710 τῷ
1474 2635 1522 2704 γε

311 2722 414 2833 ἅπαξ
437 2733 578 2835 συνετῷ
602 2731 666 2826 τῆς
691 2735 755 2806 τοῦ
773 2731 864 2806 Υὶοῦ
890 2728 1040 2833 θεωρίας
1065 2733 1115 2812 είς
1138 2726 1377 2830 παρόστασίν
1395 2759 1434 2806 τε
1456 2727 1521 2805 καὶ

310 2851 442 2952 ἀκριβῆ
460 2850 728 2958 πληροφορίαν,
747 2851 801 2934 τίς
819 2849 865 2932 ἀν
882 2850 936 2956 εἴη
961 2849 1053 2932 κατά
1075 2851 1269 2960 φύσινκαὶ
1292 2853 1312 2932 5
1334 2847 1520 2952 γεννήσας
1535 2890 1551 2930 α

280 2972 430 3054 θαῦτόν·
463 2972 630 3078 περιττὸς
657 2973 722 3074 μέν
747 2973 838 3060 ’ίσως
865 2975 886 3055 5
913 2983 978 3056 τοῦ
1002 2981 1166 3078 μαθητοῦ
1193 2977 1359 3085 φαίνεται
1383 2973 1515 3078 λόγος,

308 3097 411 3198 πλὴν
441 3100 506 3180 οῦκ
538 3099 609 3206 ἔξω
640 3099 797 3179 κείσεται
828 3104 902 3180 τῶν
932 3105 981 3184 είς
1013 3099 1126 3205 ἀκρον
1153 3102 1308 3182 ἐπαίνων
1336 3097 1512 3200 ἡκόντων.

309 3221 419 3304 αῦτδν
452 3221 524 3327 γάρ
556 3219 655 3323 οἶμαι
688 3226 762 3303 δεῖν
794 3223 837 3302 οῦ
874 3223 1027 3327 μετρίως
1063 3223 1322 3324 ἀποθαυμάσαι
1359 3221 1519 3326 λέγοντα

310 3347 425 3454 Δεῖξον
453 3351 527 3452 ἡμῖν
554 3346 607 3428 τόν
636 3343 774 3456 Πατέρα
804 3356 864 3428 καὶ
894 3351 992 3455 ἀρκεῖ
1016 3351 1099 3454 ἡμῖν.
1149 3345 1272 3449 ὅμοιον
1299 3347 1371 3452 γάρ
1404 3351 1453 3432 ὡς
1486 3348 1518 3424 εί

309 3470 380 3576 ἔφη
404 3468 514 3576 τυχόν
537 3469 670 3572 Πάσης
696 3469 742 3551 ἀν
765 3469 852 3552 ε’ίσω
882 3471 1051 3574 γενέσθαι
1078 3476 1143 3572 τῆς
1171 3473 1345 3572 θυμηδίας
1373 3473 1514 3570 ἀμολο-
1531 3505 1554 3562 νγ

309 3592 500 3694 γήσαιμεν,
519 3593 686 3698 καὶπρὸς
705 3593 748 3675 τὸ
771 3591 860 3676 εἶναι
883 3595 1067 3699 μακαρίως
1093 3597 1195 3676 οὐδέν
1213 3598 1293 3677 ε’στι
1319 3591 1361 3676 τῦ
1388 3602 1517 3675 λεῖπον

309 3715 535 3820 ζητήσωμεν,
555 3725 585 3799 εί
603 3723 667 3818 τῆς
685 3726 751 3799 τοῦ
768 3724 866 3799 Θεοῦ
889 3721 949 3799 καὶ
969 3717 1116 3824 Πατρὸς
1138 3719 1373 3827 ἀξιωθείημεν
1389 3727 1513 3800 πολυ-

141 3867 258 3928 ⁷¹15A.
279 3840 433 3925 ιεύκτου
451 3842 535 3928 θέας
552 3845 612 3922 καὶ
629 3842 741 3923 αὐτοί.
780 3845 801 3923 5
820 3841 859 3924 δὲ
877 3841 1013 3930 παντὸς
1031 3847 1175 3949 προθεὶς
1199 3847 1339 3948 ἀγαθοῦ
1364 3846 1423 3925 καὶ
1449 3849 1515 3925 τοῦ

309 3967 497 4052 δοκοῦντος
517 3971 567 4051 είς
588 3965 758 4066 εὐθυμίαν
777 3975 966 4048 συντελεῖν
985 3965 1052 4068 τὴν
1070 3976 1135 4048 τοῦ
1156 3965 1302 4072 Πατρδς
1321 3967 1416 4066 θέαν,
1435 3973 1514 4050 πῶς

309 4091 374 4171 οῦκ
398 4089 442 4172 ἂν
461 4091 678 4192 ὃμολογοῖτο
702 4089 837 4176 παντὸς
864 4089 1036 4197 ὑπάρχειν
1054 4090 1156 4200 ἄξιος
1182 4091 1365 4193 θαύματος
1377 4125 1389 4192 ;
1419 4095 1552 4181 ούτωςι

307 4212 375 4315 μέν
393 4215 457 4297 οὖν
474 4213 520 4297 τά
545 4218 652 4325 ἐντῷ
676 4214 897 4324 προκειμένῳ
922 4214 1190 4323 διαληφύμεθα,
1209 4217 1370 4324 καθάπερ
1395 4214 1510 4318 οἶμαι,
1534 4257 1538 4264 ·

344 4463 370 4522 7.
389 4451 511 4524 θαύματι]
524 4450 564 4510 ίσ.
576 4453 683 4522 θεάματι
697 4449 748 4506 Ed.
761 4468 818 4522 mg.
925 4466 969 4506 20.
987 4451 1014 4507 τί
1025 4451 1059 4508 Ε.
1162 4453 1206 4511 26.
1225 4452 1418 4528 legendumne
1428 4473 1509 4524 ματα·

307 4573 397 4644 ριόνς]
450 4569 522 4644 ε’στι]
535 4595 580 4645 γρ.
592 4571 632 4629 ἔτι
644 4569 696 4630 Ed.
708 4589 765 4644 mg.
872 4587 916 4643 3ο.
934 4535 1089 4645 ύμολογίῖτο
1102 4573 1134 4632 E.
