3200 5092
437 359 482 423 46
742 361 782 426 B.
805 359 1016 426 CYRILLI
1045 359 1332 425 ALEXANDR.

440 527 658 627 διερωτῶσιν
687 527 817 610 ἐκεῖνος
847 530 921 606 τῶν
949 529 1014 625 τῆς
1042 525 1225 621 εὐσεβείας
1254 519 1453 626 δογμάτων

440 679 549 748 γορος
576 648 642 733 Τίς
669 648 748 728 εἰπέ
770 683 833 746 μοι
859 646 902 728 τὸ
925 648 1064 754 βρέφος
1087 647 1129 728 τὸ
1155 645 1334 751 ἀρτιγενές
1362 651 1411 749 τῇ
1441 648 1472 726 ἀι

440 769 601 852 διδάσκει
628 777 828 877 κεχρῆσθαι
855 777 986 879 φωνῇς
1024 770 1083 850 διά
1110 773 1149 852 τί
1172 768 1223 870 μὴ
1250 777 1433 875 βρυχᾶται
1462 805 1472 848 ι

440 893 582 993 λεόντα,
613 896 726 997 ἤγουν
762 893 882 999 ἕτερόν
914 929 949 975 τι
986 901 1059 974 τῶν
1095 894 1243 996 ἀλόγων
1279 891 1380 1000 ζῴων
1414 897 1472 972 ἀπι

439 1051 527 1098 ποτε
539 1051 550 1115 3
586 1017 672 1098 ἀλλ’
692 1019 760 1100 ἔδει
785 1017 900 1118 δήπου
924 1017 1079 1116 πάντως,
1095 1020 1155 1098 καὶ
1181 1018 1235 1098 ἐπ’
1254 1019 1365 1097 ἐκεῖνο
1390 1021 1472 1118 δραγ

412 1140 559 1222 οκοινὸν
586 1146 644 1222 καὶ
672 1149 767 1224 πᾶσι
793 1141 1075 1241 κατειθυσμένον·
1107 1142 1131 1241 ή
1159 1141 1271 1246 φύσις
1299 1140 1472 1220 διδάσκαλ

439 1263 506 1364 τὴν
534 1274 598 1346 τοῦ
629 1269 841 1370 σπείροντος
871 1264 1030 1366 ἰδιότητα
1059 1264 1102 1345 τὸ
1134 1265 1179 1372 ἐξ
1206 1266 1315 1344 αὐτοῦ
1348 1269 1472 1344 διαπλι

438 1385 539 1468 ἔστιν
557 1389 620 1469 οῦν
638 1389 708 1493 ἀρα
726 1395 850 1490 μαθεῖν
868 1388 1065 1474 ἀδιδάκτως
1086 1387 1186 1491 παρὰ
1210 1393 1274 1486 τῆς
1299 1387 1460 1495 φύσεως,

438 1513 550 1596 οὕτως
583 1513 680 1612 εἴπω,
710 1517 774 1613 τῆς
805 1521 870 1593 τοῦ
902 1513 1113 1614 σπείραντος
1148 1509 1321 1612 ἰδιότητος
1356 1514 1472 1590 ε’ντεθε

438 1634 643 1737 γεννήματι.
683 1638 777 1717 οὕτω
803 1645 994 1739 τοιγαροῦν
1013 1638 1071 1716 καὶ
1100 1634 1206 1719 αὐτὸς
1230 1637 1250 1714 ό
1274 1632 1470 1736 Μονογενὴ

437 1757 538 1861 παρά
565 1769 629 1840 τοῦ
657 1757 803 1863 Πατρός
835 1763 894 1840 καὶ
921 1762 960 1838 ἐν
986 1757 1125 1844 τούτοις
1152 1759 1416 1864 διισχυρίσατο.
1453 1758 1472 1837 ὅ

438 1886 539 1964 ἐστιν
557 1885 640 1982 ἡμῖν
658 1886 680 1984 ἡ
700 1883 822 1990 φύσις,
839 1891 947 1964 τοῦτο
964 1881 1009 1983 δή
1027 1881 1170 1966 πάντως
1188 1883 1284 1990 αῦτῷ
1307 1883 1413 1962 νοοῖτ’
1433 1881 1472 1960 ἀι

440 2009 461 2086 ό
487 2005 581 2091 Θεὸς
602 2011 661 2087 καὶ
683 2005 824 2110 Πατὴρ,
842 2009 901 2088 καὶ
927 2003 1053 2109 ὥσπερ
1078 2007 1187 2106 ἡμεῖς,
1203 2006 1346 2108 ἐπείπερ
1371 2005 1472 2106 ἀνθρι

405 2130 485 2238 δέξ
523 2130 723 2234 ἀνθρώπων
759 2129 879 2229 ἐσμὲν,
917 2127 1113 2214 ἀδιδάκτως
1151 2128 1393 2228 μανθάνοντες
1435 2164 1472 2209 πι

439 2254 584 2361 φύσεως
609 2262 795 2355 λαλοῦμεν
813 2256 1136 2355 ἀνθρωποπρεπῶς,
1155 2254 1248 2332 οῦτω
1275 2255 1334 2331 καὶ
1359 2250 1472 2348 αὐτὸς,

439 2376 531 2462 Θεὸς
564 2382 602 2458 ἐκ
632 2384 728 2458 Θεοῦ
754 2375 847 2458 κατὰ
879 2376 993 2484 φῦσιν
1020 2379 1131 2475 ε’στῖν,
1159 2378 1288 2476 ἔμαθεν
1315 2376 1442 2479 ὥσπερ
1471 2431 1472 2440 1

439 2503 529 2585 ἰδίας
565 2501 710 2609 φάσεως
746 2507 883 2599 λαλεῖν,
920 2503 969 2584 ὡς
1005 2497 1113 2598 Θεὸς,
1151 2503 1210 2580 καὶ
1246 2498 1293 2580 τὰ
1333 2501 1471 2601 πρέπον

438 2625 681 2726 διαλέγεσθαι,
701 2624 789 2728 ὅπερ
817 2625 918 2704 ἐστίν
934 2621 1036 2725 Ἐγεό
1063 2630 1134 2722 εἰμι
1161 2623 1204 2703 τὸ
1233 2630 1312 2731 φεῦς
1338 2633 1402 2703 τοῦ
1430 2622 1471 2702 κό

438 2747 510 2852 γὰρ
538 2747 632 2829 οἶδεν
655 2746 781 2829 ἑαυτὸν
804 2748 898 2829 ὅντα·
918 2745 977 2826 διὰ
1003 2744 1046 2826 τό
1074 2747 1119 2854 ἐξ
1142 2747 1252 2851 οῦπέρ
1279 2749 1358 2826 ἐστι
1382 2753 1471 2826 Han

438 2875 518 2952 ε’στι
536 2871 608 2976 γὰρ
626 2876 664 2953 ἐκ
683 2871 815 2979 φωτός·
847 2879 954 2952 τοῦτο
972 2876 1098 2970 μαθεῖν
1116 2870 1186 2977 ἔφη
1204 2869 1289 2976 παρ’
1308 2873 1426 2968 αὐτοῦ,
1446 2874 1470 2949 ἀ

438 3031 519 3077 τινα
545 2995 706 3097 μάθησιν
732 3003 806 3076 τῶν
833 3001 1040 3099 θεοπρεπῶν
1067 2995 1183 3107 ἔργων
1210 3029 1249 3078 τε
1276 2997 1335 3075 καὶ
1362 2993 1470 3097 λόγωι

439 3128 504 3200 τοῦ
527 3119 768 3223 γεννήσαντος
794 3119 967 3220 ἰδιότητος
992 3119 1084 3224 ἔχων
1108 3123 1167 3199 καὶ
1190 3119 1348 3226 φύσεως,
1368 3118 1468 3198 ὥσπε

410 3245 550 3329 οκαῖοις
577 3250 725 3343 θεσμοῖς
753 3250 801 3330 εἰς
828 3244 1090 3336 ταυτοβουλῖαν
1108 3240 1175 3342 τὴν
1192 3245 1249 3352 ἐφ’
1269 3240 1386 3324 ἅπασι
1414 3247 1469 3322 καὶ

370 3361 373 3376 ’
439 3367 569 3469 λογίαν
587 3366 791 3464 ἀναβαίνων
808 3371 859 3474 τῷ
878 3372 962 3474 Θεῷ
980 3370 1037 3447 καῖ
1057 3368 1189 3470 Πατρί.
1229 3373 1307 3450 πῶς
1331 3365 1400 3470 γάρ
1422 3369 1468 3446 οῦι

440 3492 478 3570 ἐν
507 3490 655 3589 θελήσει
683 3489 824 3588 τοῦτόν,
854 3493 912 3571 καὶ
944 3489 987 3571 τό
1019 3491 1058 3570 ε’ν
1087 3487 1212 3590 λόγοις
1244 3491 1327 3570 ἴσον
1353 3525 1392 3570 τε
1421 3494 1468 3570 κα]

439 3614 699 3719 ἀναμφιλόγως
717 3613 927 3720 ἐνυπάρχειν
944 3620 1029 3712 τοῖς,
1048 3613 1085 3693 οἵ
1098 3648 1141 3716 γε
1159 3615 1245 3714 μίαν
1263 3613 1386 3719 ἔχουσι
1403 3613 1466 3713 τὴν

438 3739 495 3818 ἐπὶ
515 3742 611 3818 Θεοῦ
636 3737 673 3819 δὲ
697 3737 841 3823 πάντως
869 3739 889 3817 ό
917 3735 1039 3840 λόγος,
1057 3738 1122 3818 οῦκ
1146 3738 1203 3844 ἐφ’
1222 3739 1335 3838 ήμῶν·
1366 3740 1453 3839 ἡμᾶς

438 3863 497 3941 καὶ
524 3863 622 3962 ἠθῶν
645 3864 882 3965 παρατροπαὶ,
902 3864 960 3941 καὶ
987 3861 1201 3960 θελημάτων
1225 3863 1400 3968 διαφοραὶ,
1417 3865 1466 3942 καῖ

437 3985 641 4092 πλεονεξίαι
663 3991 736 4066 τῶν
754 3993 818 4066 τοῦ
842 3984 1040 4090 πρέποντος
1064 3981 1277 4092 ἐξέλκουσιν
1295 3984 1400 4088 ὅρων·
1435 3987 1455 4085 ἡ

437 4111 553 4189 τεκαὶ
577 4109 807 4214 ἀπερινόητος
831 4107 955 4216 φάσις,
973 4107 1146 4192 ὡσαύτως
1172 4108 1310 4213 ἔχουσα
1335 4107 1390 4189 διὰ
1412 4145 1465 4189 που

476 4325 500 4365 1.
520 4310 713 4381 Legendumno
725 4309 824 4366 ἐκεῖνοι
902 4327 944 4435 ὦ
958 4311 1004 4366 τὸν
1015 4327 1070 4366 om.
1081 4310 1155 4366 Aub.
1168 4310 1268 4366 habent
1281 4310 1339 4366 Βα.
1352 4309 1435 4364 ΗοΙιι.

436 4381 549 4447 μιμεῖται
561 4399 585 4433 a.
598 4382 671 4436 Aub.
683 4381 841 4451 ἀπομιμεῖται
855 4380 888 4436 Β.
1061 4395 1086 4451 7.
1105 4383 1336 4436 διαπαλλόττουσα
1349 4380 1378 4436 Β.
1392 4381 1437 4435 Ht.
1448 4397 1464 4434 e:

439 4447 499 4500 Cat.
513 4447 589 4500 Harl.
602 4451 675 4505 Aub.
757 4453 784 4504 8.
802 4452 893 4520 μαθεῖν
905 4451 1046 4507 ἀδιδάκτως
1057 4450 1109 4506 hoc
1122 4451 1215 4506 ordine
1229 4451 1287 4506 Βαι.
1373 4468 1383 4504 1
1405 4493 1411 4506 .
1429 4449 1464 4520 ήμ

440 4515 498 4568 Ba„
510 4515 608 4600 δοῦναι
619 4518 685 4572 haee
697 4519 778 4573 verba
789 4521 818 4574 in
833 4521 880 4576 Ht.
893 4521 973 4588 ἡμεῖς,
986 4520 1123 4592 ἐπειδήπερ
1137 4541 1152 4577 ο
1164 4523 1224 4577 Cat.
1239 4522 1315 4576 Harl.
1327 4527 1359 4576 ut
1369 4469 1464 4578 agnota!

440 4599 483 4654 23.
502 4583 610 4652 θεσμοις
623 4585 656 4639 Β.
671 4586 719 4640 Ht.
732 4589 839 4657 δεσμοῖς
851 4607 866 4645 e
878 4589 937 4647 Cat.
953 4591 1031 4646 Harl.
1043 4593 1116 4649 Aub.
1128 4602 1154 4648 et
1167 4593 1204 4648 uic
1219 4599 1249 4648 ut
1260 4592 1314 4648 vid.
1327 4610 1350 4647 ι.
