3142 5118
350 320 416 384 240
655 321 695 385 Β.
718 317 928 385 CYRILLI
957 317 1244 384 ALEXANDR.
1447 334 1475 374 x.
1492 329 1514 374 1¹

353 482 466 590 φύσις
502 483 589 566 ὅταν
622 488 745 590 ἐνεργῇ
782 519 818 565 τι
854 491 927 565 τῶν
960 487 1055 570 ίδίως
1092 483 1328 584 ἀνακειμένων
1360 481 1456 584 αὐτῇ,
1485 511 1514 556 κι

318 617 540 711 ἀπροσεΐναι
564 607 789 717 πεφυκότων,
809 607 889 690 τότε
909 607 954 708 δὴ
972 605 1138 707 μάλιστα
1154 612 1213 688 καὶ
1232 605 1321 706 αὐτὴ
1339 603 1421 708 παρ’
1440 605 1514 682 ἑαυι

352 733 568 836 χαριεστέρα
597 733 771 840 φαίνεται,
799 733 925 836 ὁρᾶται
955 731 993 812 δὲ
1020 734 1113 814 οὕτω
1145 737 1203 814 καὶ
1232 732 1317 833 παρ’
1347 730 1439 830 ἡμῖν.
1486 761 1514 805 ιιι

183 862 280 1001 ξῖἷῖηο
352 866 442 958 γοῦν
464 858 487 956 ἡ
515 859 632 964 σοφία
660 858 783 963 φησὶύ
801 859 839 936 ε’ν
862 858 998 966 βιβλίῳ
1025 863 1226 960 παροιμιῶν
1245 867 1267 904 “
1280 852 1380 957 Ἐγάι
1407 853 1498 953 ἤμην

185 987 225 1060 31'·
281 967 288 988 ’
352 989 375 1027 “
392 981 621 1087 προσέχαιρε,
654 983 737 1062 καθ’
772 980 907 1085 ἡμέραν
939 981 976 1062 δὲ
1014 979 1263 1089 ηὐφραινόμην
1293 981 1330 1058 ἐν
1362 976 1514 1081 προσάπ

351 1115 374 1151 “
392 1106 502 1186 αὐτοῦ
538 1109 576 1185 ἐν
607 1109 716 1186 παντὶ
753 1110 875 1212 καιρῷ,
907 1103 966 1186 ὅτε
997 1107 1212 1212 ηὐφραίνετο
1244 1103 1312 1204 τὴν
1343 1100 1514 1198 οίκουμέιο

352 1238 373 1276 “
392 1229 626 1328 συντελέσας,
645 1231 703 1310 καὶ
729 1230 982 1336 ε’νηυφραίνετο
1006 1231 1045 1309 ἐν
1062 1233 1148 1314 υίοΐς
1173 1227 1405 1332 ἀνθρώπων.”
1434 1226 1514 1304 καίτ

351 1351 393 1432 τὸ
412 1361 534 1458 χαρεῖυ
546 1357 598 1433 ἀεὶ
617 1353 797 1455 πρόσεστι
815 1360 867 1461 τῷ
885 1359 979 1461 Θεῷ,
993 1357 1050 1433 καὶ
1070 1352 1112 1433 τὸ
1131 1352 1367 1452 ἀτελεύτητον
1382 1351 1419 1429 έν
1434 1357 1514 1447 θυμι

353 1477 455 1561 δίαις·
486 1476 528 1557 τὸ
557 1475 629 1581 γάρ
655 1485 794 1558 λυποῦν
819 1475 914 1561 όλως
939 1477 1040 1558 οὐδὲν
1063 1476 1126 1558 τὸν
1145 1476 1314 1558 ἀπάντων
1331 1475 1457 1580 έχοντα
1482 1471 1514 1552 τί

352 1599 533 1706 ἐξουσίαν,
557 1598 659 1682 ἀλλά
685 1601 904 1707 προσέχαιρε
929 1607 974 1708 τῇ
1000 1601 1071 1708 ίδίᾳ
1096 1602 1213 1708 σοφίᾳ
1237 1600 1458 1682 συντελέσας
1483 1597 1514 1676 τι

323 1723 574 1826 οοίκουμένην.
627 1730 675 1810 εἰς
713 1723 820 1828 ἔργον
851 1724 923 1828 γὰρ
959 1728 1166 1830 ἐνεχθεῖσαν
1198 1727 1292 1828 ὁρῶν
1323 1728 1387 1824 τῆς
1424 1726 1514 1803 ἑαυτι

353 1849 489 1953 σοφίας
516 1849 582 1949 τὴν
609 1849 796 1952 ἐνέργειαν,
824 1846 905 1930 τότε
933 1847 977 1948 δὴ
1005 1847 1170 1948 μάλιστα
1197 1850 1332 1955 χαίρειν
1359 1843 1448 1955 ᾤετο
1478 1849 1514 1925 δε

184 1977 309 2095 {vs-{m
353 1974 635 2076 πλουσιώτερον.
674 1973 767 2053 οὕτω
794 1980 985 2077 τοιγαροῦν
1009 1971 1162 2053 κάνθάδε
1188 1971 1387 2072 νοήσωμεν.
1426 1969 1514 2073 ἀγάτ

354 2093 427 2198 γάρ
446 2095 617 2202 ι’τιτάρχων
635 2097 656 2176 ό
676 2095 769 2181 θεὸς
790 2099 848 2176 καὶ
868 2093 1008 2199 Πατὴρ,
1028 2095 1120 2176 κατὰ
1136 2095 1202 2196 τὴν
1219 2095 1387 2175 Ἰωάννου
1407 2093 1514 2200 φωνὴ

353 2223 413 2300 καὶ
435 2222 499 2301 οὐκ
521 2220 658 2324 ἀγαθός
683 2222 821 2318 ἁπλῶς,
841 2219 927 2300 αὐτὸ
953 2219 991 2301 δὲ
1014 2227 1160 2319 μᾶλλον
1177 2218 1218 2301 τό
1243 2216 1392 2322 ἀγαθόν,
1409 2219 1514 2298 ε’ττείπ

353 2340 421 2425 εἶδε
451 2343 515 2425 τὸν
542 2345 631 2425 ’ίδιον
658 2343 750 2425 Υίδν
778 2343 866 2447 ὑπὲρ
896 2345 997 2445 ἡμῶν
1024 2343 1167 2425 τιθέντα
1198 2343 1256 2425 διά
1285 2347 1350 2442 τῆς
1381 2348 1429 2426 εἰς
1459 2343 1514 2441 ἡμ

352 2465 497 2570 ἀγάπης
528 2475 586 2550 καὶ
619 2469 840 2572 ἀσυγκρίτου
872 2469 1121 2574 χρηστότητος
1153 2472 1217 2568 τῆς
1248 2469 1375 2548 ἑαυτοῦ
1406 2467 1514 2573 φύσει

352 2594 509 2696 ἀκριβεῖς
537 2593 774 2696 ἀποσώζοντα
801 2591 884 2677 τούς
910 2597 1149 2698 χαρακτῆρας,
1174 2591 1365 2695 ἠγάπησεν
1392 2587 1513 2670 είκότω

186 2743 305 2800 em.
324 2718 395 2798 ιού
412 2716 547 2816 μισθὸν
564 2718 690 2819 ὥσπερ
713 2716 794 2797 τινὰ
819 2723 893 2797 τῶυ
911 2725 961 2802 είς
985 2718 1077 2817 η’μᾶς
1101 2715 1303 2820 γεγονότων
1322 2714 1388 2815 τὴν
1406 2713 1513 2814 ἀγάπ

353 2842 449 2950 αὐτῷ
478 2840 709 2944 δωρούμενος,
738 2841 837 2938 ἀλλ’,
865 2837 992 2945 ὥσπερ
1019 2839 1217 2944 είρήκαμεν,
1244 2845 1308 2939 τῆς
1336 2839 1463 2921 οὐσίας
1492 2872 1513 2931 ,τ

352 2967 480 3046 ἑαυτοῦ
502 2963 544 3046 τὸ
568 2963 720 3067 γνήσιον
738 2967 776 3044 ἐν
794 2971 872 3073 m>
898 2971 1054 3069 θεωρῶν,
1072 2968 1129 3045 καὶ
1149 2964 1295 3071 φύσεως
1313 2963 1439 3064 ὥσπερ
1456 2995 1513 3040 τιο

353 3090 557 3193 ἀναγκαίοις
585 3123 622 3169 τε
652 3093 710 3169 καὶ
738 3088 993 3192 ἀπαραιτήτοις
1021 3091 1143 3173 ὁλκοῖς
1169 3088 1260 3191 πρὸς
1287 3095 1393 3167 τοῦτο
1421 3095 1512 3165 καλο

354 3247 471 3314 μενος.
512 3211 636 3316 ὥσπερ
661 3215 724 3293 οὖν
748 3213 859 3298 εἴτις
885 3216 945 3292 καὶ
972 3219 1045 3293 τῶν
1064 3214 1146 3292 καθ’
1166 3212 1258 3311 ἡμᾶς
1283 3214 1321 3291 ἐν
1339 3211 1416 3318 ίδίιρ
1442 3210 1512 3289 τέκι

354 3335 465 3442 τυχὸν
483 3342 546 3438 τῆς
571 3338 699 3422 οἰκείας
724 3341 868 3443 μορφῆς
891 3340 1022 3440 ἀκριβῆ
1047 3335 1111 3416 τὸν
1131 3340 1339 3441 χαρακτῆρα
1367 3341 1512 3414 καταθει

322 3477 344 3542 b
355 3495 470 3560 μενος,
493 3459 627 3560 α’ίρεται
652 3459 743 3564 πρὸς
768 3460 934 3541 ἐπίτασιν
958 3457 1101 3563 ἀγάπης
1129 3459 1186 3539 ὅτε
1214 3459 1380 3559 μάλιστα
1407 3459 1511 3555 βλέπ

356 3583 448 3662 κατά
472 3592 599 3664 τοῦτον
617 3581 714 3683 οἶμαι
738 3583 802 3664 τὸν
820 3581 956 3687 τρόπον
974 3586 994 3664 ὁ
1013 3582 1105 3670 θεὸς
1131 3585 1189 3664 καὶ
1209 3583 1339 3685 Πατὴρ
1362 3584 1511 3685 ἀγαπῆο

356 3705 498 3807 λέγεται
524 3706 588 3787 τὸν
613 3707 702 3788 ἰ’διον
720 3707 811 3788 Υίδν
838 3707 926 3811 ι’πτέρ
953 3709 1053 3807 ἡμῶν
1081 3706 1213 3788 τιθέντα
1239 3705 1293 3801 την
1320 3709 1414 3788 ίδίαν
1435 3703 1511 3814 φο]

355 3834 413 3912 καὶ
446 3833 546 3916 αὖθις
574 3829 821 3931 λαμβάνοντα.
868 3831 1011 3935 ἀγάπης
1039 3829 1109 3934 γάρ
1136 3829 1312 3934 ἔργοντὸ
1340 3835 1398 3911 καὶ
1427 3839 1511 3912 ποθ

391 4013 416 4092 η.
435 4000 516 4056 καίτοι
530 4002 561 4056 τδ
578 3999 611 4057 B.
624 4001 666 4056 καλ
680 4001 710 4056 τδ
726 4001 756 4056 τδ
771 3999 1013 4070 Holst.,undexc12
1029 4001 1059 4056 τδ
1071 3999 1143 4056 Aub.
1202 3999 1299 4055 Statim
1316 4003 1407 4083 χωρεῖν
1423 3999 1509 4054 babet

353 4093 455 4196 χαιρεδιη
466 4071 608 4198 εωέοάιηηυ
603 4072 642 4126 Μ’
664 4090 706 4164 ,⁸³
719 4071 767 4197 ηηφ
779 4072 847 4196 forts
859 4074 1030 4196 ρτῦοθχαρηγοι
1035 4080 1098 4196 Σειι.)
1132 4070 1358 4196 Βοοοοξλὶιιιιέιο
1370 4089 1441 4196 §.mi
1486 4072 1510 4162 8³

355 4165 727 4302 fssffhssfssw‘ffaet‘h‘ss‘ss
742 4159 1107 4295 affissm'ssffi‘fffossa
1118 4213 1164 4268 ra»
1178 4159 1510 4284 fflssln'mnaatmussss

356 4278 1510 4428 5?.2:⁰355ffi„b.q„;3:maffiaEssxss'ssffffissz·fff‘csfffss‘·3322

355 4423 457 4477 τιθέντα
469 4423 543 4479 deest
554 4425 582 4480 in
592 4425 710 4480 Catenis.
785 4440 827 4496 17.
845 4427 936 4480 ἑαυτοῦ
951 4423 1031 4479 Β.α.ο.
1045 4423 1127 4478 Cord.
1140 4425 1219 4479 αὐτοῦ
1232 4424 1281 4479 Ht.
1294 4423 1346 4480 Ed.
1412 4441 1458 4480 τι.
1479 4428 1510 4479 ἑο

355 4509 380 4545 c.
395 4491 476 4548 cord.
569 4495 935 4566 2.aeaimumptumexa.
949 4493 1009 4550 cat.
1023 4494 1100 4550 Harl.
1113 4495 1177 4560 (mei
1198 4495 1327 4566 notate).
1417 4511 1465 4564 ²4·
1484 4519 1509 4550 ιιι

355 4560 481 4628 θεώμενοι
492 4581 506 4617 e
519 4563 578 4619 Cat.
585 4513 670 4620 5harl.
683 4565 834 4621 emendavit
846 4565 918 4622 Aub.
929 4565 1099 4636 καταθέμενος
1111 4564 1144 4620 Β.
1189 4575 1208 4620 t.
