3200 5092
418 361 460 422 78
720 359 759 424 B.
783 357 991 424 CYRILLI
1021 355 1312 422 ALEXANDR.
1416 353 1483 417 viii.

419 521 601 627 σκευάζειν
619 521 748 610 αύτούς
766 527 952 628 ἐπιχειρεῖν
969 526 1034 622 τῆς
1059 523 1117 603 ἐπὶ
1141 526 1192 628 τῷ
1217 517 1385 628 προγόνῳ
1409 526 1486 625 φιλι

420 646 638 746 ὑπώπτευον,
674 647 797 746 αἵματι
836 646 875 728 δὲ
915 653 967 754 τῷ
1005 646 1119 753 οἰκείῳ
1154 645 1370 748 προσνέμειν
1407 641 1472 741 τήν

420 771 715 874 χρεωστουμένην
733 770 850 871 τιμήν,
866 773 925 850 καὶ
943 775 1007 871 τῆς
1024 769 1277 874 πατριαρχείας
1293 767 1359 867 τὴν
1379 769 1486 872 ἀρχαι

420 893 533 1002 δόξαν
565 895 869 997 ὑποτοπήσαντες,
903 893 1190 1002 φιλονεικότερόν
1221 926 1261 972 τε
1294 896 1351 970 καὶ
1384 893 1486 972 εύτον

420 1018 676 1122 ὑπαντιάζουσι
703 1020 870 1122 λέγοντες
886 1019 931 1098 ‘0
957 1018 1068 1125 πατήρ
1098 1017 1185 1122 ήμῶι
1203 1014 1372 1122 Ἁβραάμ
1400 1017 1486 1094 ἐστιν

420 1141 492 1246 γὰρ
535 1145 582 1226 ὡς
624 1149 654 1222 εἰ
696 1147 753 1223 καὶ
795 1143 960 1250 ἔφασκον
998 1139 1081 1221 Κάν
1115 1147 1247 1246 σοφοῖς
1288 1140 1391 1238 ἡμᾶς,
1429 1134 1459 1216 ὦ

420 1264 689 1373 περιαντλήσης
707 1265 842 1369 λόγοις,
861 1264 929 1346 κάν
954 1273 1028 1349 τοῖς
1052 1266 1222 1372 ἐξαισίοις
1245 1261 1486 1367 περικτυπήση

421 1421 513 1486 μασι
552 1393 609 1469 καὶ
641 1398 718 1474 ταῖς
752 1389 839 1494 ὑπὲρ
872 1389 984 1493 λόγον
1014 1385 1288 1494 κατακροτήσρς
1305 1396 1486 1499 ,μεγαλοη

386 1523 408 1588 b
423 1514 486 1592 ούκ
503 1513 725 1615 ἀποστήσεις
743 1523 808 1594 τοῦ
826 1516 977 1618 ἀρχαίου
995 1511 1233 1620 καυχήματος,
1253 1513 1317 1592 οὐκ
1341 1513 1486 1614 ε’πιγραη

421 1645 486 1716 τοῦ
513 1637 635 1739 γένους
660 1638 863 1743 ἀρχηγέτην
886 1637 1024 1741 πατέρα
1048 1637 1113 1716 τὸν
1134 1634 1215 1731 σὸν,
1234 1633 1339 1742 ἑτέρης
1364 1633 1431 1733 τὴν
1453 1665 1486 1712 τι

421 1762 485 1841 ούκ
504 1763 733 1862 ἀναθήσομεν
747 1762 868 1870 δόξαν,
880 1764 964 1842 ἀλλ’
979 1760 1058 1842 οὐδὲ
1077 1760 1175 1844 νέους
1193 1759 1369 1864 γενάρχας
1388 1764 1486 1836 τῶνα

422 1885 534 1988 τέρων
556 1885 871 1994 ἀπαλλαξόμεθα.
912 1885 1125 1986 θαυμαστὸν
1147 1882 1186 1963 δέ
1211 1882 1325 1976 οὐδέν,
1346 1883 1430 1960 ἀλλ’
1452 1881 1486 1958 σι’

422 2009 660 2091 πιστεύεσθαι
697 2010 849 2113 μακράν,
886 2009 928 2090 τὸ
972 2009 1150 2092 τοιαύταις
1197 2006 1364 2108 ἀμαθίαις
1400 2037 1486 2107 περιι

418 2134 624 2234 Ἰουδαίους,
655 2134 745 2214 ὅπου
778 2139 835 2214 καὶ
869 2131 985 2240 ψιλὸν
1018 2129 1190 2236 ὑπάρχειν
1222 2128 1332 2211 αὐτὸν
1365 2126 1486 2230 ύπελάη

256 2245 378 2296 ΒΜαόόῘι.
433 2257 452 2284 ⁹
470 2262 494 2336 θ
704 2259 716 2288 ε
796 2267 813 2284 ,,
876 2256 887 2286 t
1051 2261 1060 2285 ,
1145 2255 1156 2280 ,
1300 2254 1324 2280 u

255 2313 308 2363 xiii.
323 2323 364 2375 ⁵⁵·
424 2291 470 2336 ω’
491 2291 625 2359 Ρωπῡν,
660 2293 718 2337 και
749 2291 813 2337 του
845 2291 1007 2341 τεκτονος
1039 2269 1244 2337 απεκαλουν
1277 2289 1352 2335 υιον
1383 2266 1486 2333 πολιν

395 2380 708 2486 ῦέξευτελίᾷιντις,
727 2383 785 2460 καὶ
803 2383 841 2460 ἐν
859 2387 911 2489 τῷ
929 2385 1051 2480 μηδενὶ
1076 2379 1354 2462 κατατάττοντες
1372 2375 1436 2456 τὸν
1454 2378 1486 2454 ἀι

423 2506 584 2598 βασιλέα
611 2509 670 2586 καὶ
694 2504 839 2609 Κύριον.
877 2505 932 2586 ὅτι
960 2504 999 2585 δὲ
1027 2506 1085 2584 καὶ
1112 2507 1195 2606 περὶ
1221 2508 1285 2604 τῆς
1313 2503 1418 2604 ἀγίας
1445 2535 1486 2581 πι

424 2628 634 2728 διετέθησαν
657 2629 721 2708 οὐκ
746 2630 871 2732 ὀρθῶς,
891 2633 940 2713 ὡς
966 2627 1035 2708 ὑπό
1060 2661 1123 2707 του
1149 2627 1486 2736 κατεφθαρμένης,ό

425 2751 555 2858 ἐφεξῆς
575 2757 705 2858 σαφῶς
724 2751 767 2852 δή
786 2753 869 2832 λίαν
887 2751 1068 2850 εἰσόμεθα.

427 2992 517 3068 Λὲτει
543 2989 655 3059 αὐτοῖς
681 2995 699 3061 ὁ
721 2994 847 3060 Ἰυοοῦο
871 2991 907 3059 Εἰ
933 2994 1031 3059 τέκνα
1057 2991 1278 3081 τοῦἍβραάμ
1305 2986 1373 3072 ἦτε,
1393 2990 1433 3056 τὰ
1461 2990 1486 3078 ἔγ

376 3137 417 3192 40
474 3118 623 3208 Ἀβραὰμ
642 3116 784 3186 ἐποιεῖτε
803 3119 853 3185 ἄν·
881 3123 936 3184 νῦν
956 3118 992 3184 δὲ
1016 3114 1138 3208 ζητεῖτέ
1162 3141 1202 3195 με
1227 3111 1430 3197 ἀποκτεῖναι,
1449 3116 1486 3181 οἶν

477 3245 514 3313 ὃς
540 3247 599 3312 τλν
626 3245 784 3311 ἀλήθειαν
811 3240 884 3322 ὑμῖν
911 3245 1090 3324 λελάληκα,
1110 3245 1149 3310 ιῖν
1177 3244 1301 3310 ιῖκουσα
1328 3242 1417 3332 παρὰ
1445 3265 1486 3308 τοι

392 3375 415 3442 d
477 3375 575 3436 τοῦτο
596 3370 746 3461 Ἀβραὰμ
773 3373 831 3436 οὐκ
858 3369 1006 3437 ὲποίιισε.

483 3537 557 3616 Διά
575 3539 719 3638 παντὸς,
739 3545 786 3625 ὡς
811 3539 894 3625 έπος
920 3547 1038 3638 εἰπεῖν,
1057 3539 1192 3644 τρόπου
1216 3574 1254 3619 τε
1279 3541 1338 3619 καὶ
1362 3537 1475 3641 λόγου

426 3659 608 3742 Ἰουδαίων
635 3663 835 3744 τιθασεύων
864 3663 1002 3768 θράσος
1035 3663 1326 3763 ε’πεσκιασμεύως
1359 3664 1476 3746 αὐτοῖς

428 3791 539 3865 λαλεῖ
566 3786 739 3891 Χριστὸς,
770 3789 811 3868 οὐ
843 3787 982 3892 γυμνὸν
1013 3787 1214 3892 προσάγων
1246 3785 1311 3868 τάν
1342 3785 1486 3891 ἐ’λεγχοι

427 3910 521 4018 ἠπίῳ
540 3910 605 4010 μέν
623 3911 724 4021 λόγῳ
744 3913 969 4016 κεκραμένον,
990 3912 1184 4019 ὑφειμένως
1208 3911 1251 3990 δέ
1271 3946 1348 3996 πως
1373 3914 1431 3990 καὶ
1456 3945 1486 3990 π

427 4035 546 4114 αὐτῶν
573 4035 846 4138 καταγοητεύων
873 4070 907 4115 τι
935 4035 999 4116 τὸν
1026 4037 1151 4135 θυμόν.
1199 4033 1318 4134 ἐπειδὴ
1349 4032 1386 4114 δέ
1419 4045 1486 4114 πολ

428 4159 701 4261 ἀνοηταίνοντας
729 4157 869 4259 βλέπει,
891 4163 950 4240 καὶ
978 4160 1163 4246 συνιέντας
1190 4167 1263 4240 τῶν
1290 4159 1482 4262 εἰρημένων

428 4283 613 4386 ἐλεύθερον
640 4283 709 4383 ήδη
740 4282 1073 4382 καταπετάσματος,
1103 4289 1161 4364 καὶ
1189 4282 1327 4386 γυμνόν
1355 4279 1486 4382 ἁπάση

429 4409 547 4503 βολῆς
571 4415 720 4486 ποιεῖται
749 4406 813 4488 τὸν
840 4406 965 4510 λόγον.
1007 4409 1075 4487 ἔδει
1102 4407 1174 4510 γάρ
1203 4407 1283 4506 ἔδει,
1311 4409 1436 4516 φησὶν,
1465 4411 1486 4485 εί

470 4601 511 4655 13·
524 4587 554 4638 τὸ
568 4586 600 4640 B.
615 4588 706 4642 Holst.
719 4611 744 4642 τι
757 4591 828 4645 Aub.
902 4593 944 4647 28.
958 4595 1106 4664 Assumpta
1117 4616 1142 4648 τι
1155 4612 1187 4649 ex
1201 4594 1225 4648 B
1238 4593 1486 4665 καρτερόβροντα
