3248 5112
324 343 390 406 456
629 343 667 408 B.
693 341 904 407 CYRILLI
935 339 1223 406 ALEXANDR.
1328 338 1394 403 xiv.
1412 355 1526 422 12‚13.

326 539 363 584 εν
400 505 480 601 εμοί
513 539 636 601 εστιν;
681 503 757 587 εἶτα
798 505 890 609 πρὸς
930 505 1113 613 ἀπόδειξιν
1150 512 1215 584 τοῦ
1252 501 1318 604 τὴν
1354 501 1528 602 ἀλήθειαν

327 633 447 727 εἰπεῖν,
466 630 530 709 οῦκ
556 627 601 710 οῖν
618 632 1027 734 παροίσαι“πρε’ποντως
1050 628 1117 731 τὴν
1138 632 1266 713 ἐντοῖς
1291 628 1529 731 ἀνθρωπίνοις·

298 752 447 855 οέργοις
475 751 553 852 ἤτοι
580 761 748 858 φυσικοῖς
775 754 1067 855 πλεονεκτήμασι
1089 752 1291 854 ταυτότητα
1317 752 1435 854 λέγων
1456 747 1529 830 Aa&

326 874 374 956 τῖι
402 876 486 982 ἔργα
515 877 606 958 αῦτῖι
633 877 813 960 πιστιόετί
833 915 903 984 μοι,
935 879 1006 984 ἔχω
1037 877 1109 982 γδιρ
1141 876 1260 960 πάντα
1288 879 1347 957 καὶ
1375 879 1529 978 ἐνεργεῖν

327 1000 444 1105 ίσχῦω
472 1000 517 1080 τδι
545 1007 590 1108 τῇ
618 1005 821 1109 ἀνθρωπεία
847 1001 1036 1107 προσόντα
1063 1002 1185 1112 φύσει.
1225 1003 1310 1082 ἀλλ’
1331 997 1427 1098 οἶμαι
1455 1006 1562 1085 πᾶς5

327 1159 382 1210 τις
399 1126 472 1228 ἐρεῖ
486 1127 545 1204 καὶ
563 1125 771 1206 συναινέσαι
789 1129 938 1224 δικαίως,
952 1126 1007 1207 ότι
1025 1124 1126 1229 λέγοι
1144 1124 1209 1226 μὲν
1227 1128 1357 1226 ἀληθῆ,
1369 1128 1530 1228 δριμεῖαν

329 1244 367 1324 δέ
391 1251 465 1326 τῶν
483 1248 521 1326 ἐν
538 1253 613 1332 τοῖς
637 1248 735 1331 ίδίοις
759 1246 874 1349 ἔργοις
899 1247 1081 1354 ἀπόδειξιν
1098 1245 1165 1346 τὴν
1181 1244 1380 1344 ταυτότητα
1403 1279 1526 1348 παρα-

330 1368 488 1468 κομίσαι.
529 1371 568 1450 τί
592 1379 781 1474 τοιγαροῦν
806 1377 840 1452 οῖ
865 1369 911 1450 τὰ
935 1372 1051 1475 ὀρθῶς
1078 1371 1208 1475 ἔχοντα
1234 1369 1528 1476 διαστρέφοντες,

329 1491 381 1593 μὴ
412 1491 479 1594 τὴν
506 1495 644 1575 εῦθεῖαν
668 1501 742 1574 τῶν
769 1493 1008 1598 θεωρημάτων
1035 1493 1120 1574 ῖέναι
1150 1493 1276 1597 τρίβον
1304 1490 1388 1577 τοῦς
1420 1493 1531 1577 ἰδίους

331 1617 567 1699 ἀναπείθουσι
594 1616 768 1724 φοιτητὰς
792 1617 903 1717 ἀλλὰ,
921 1623 985 1718 τῆς
1012 1622 1207 1717 βασιλικῆς
1231 1651 1270 1697 τε
1295 1619 1353 1696 καὶ
1380 1649 1524 1719 τετριμ·
1549 1645 1601 1686 10·

328 1739 435 1840 μένης
453 1741 666 1848 ἐξώσαντες,
684 1740 750 1844 τὴν
768 1746 905 1843 ιἰστιβῆ
931 1748 988 1824 καὶ
1013 1749 1182 1848 τραχεῖαν
1200 1738 1383 1846 ἐρχόμενοι
1402 1742 1526 1818 διαλε-

294 1863 467 1963 δλήθασι
491 1865 558 1964 μέν
581 1865 736 1963 ἐαυτοῦς,
756 1855 994 1970 συντρίβουσι
1022 1866 1060 1947 δέ
1087 1870 1146 1946 καὶ
1172 1864 1255 1948 τοῦς
1279 1866 1430 1945 ἕπεσθαι
1455 1869 1533 1944 δεῖν

329 1988 507 2090 οἰομένους
526 1991 671 2088 αῦτοῖς;
703 1993 788 2071 ἀλλ’
809 1991 918 2091 ἡμεῖς,
937 1993 978 2072 οῦ
997 1991 1130 2090 ταύτην
1147 1989 1329 2094 ἐρχόμενοι
1347 1987 1414 2088 τὴν
1431 1986 1531 2086 ὁδὸν,

328 2111 394 2214 τὴν
417 2115 583 2214 εῦθυτενῆ
609 2113 829 2214 βαδιοόμεθα
856 2121 924 2214 καὶ,
944 2122 1018 2200 τοῖς
1046 2121 1149 2218 ἱεροῖς
1175 2111 1376 2212 πειθόμενοι
1404 2109 1526 2216 γρόμ·

327 2274 451 2338 μασιν,
471 2244 645 2339 ῖσοσθενῆ
672 2242 730 2320 καὶ
755 2239 947 2341 όμοοιίσιον
966 2243 1018 2348 τῷ
1037 2245 1121 2346 Θεῷ
1138 2242 1195 2319 καὶ
1217 2241 1333 2340 Πατρῖ
1352 2236 1528 2318 πιστεόο-
1548 2265 1590 2324 15

327 2399 394 2463 μεν
411 2361 499 2443 εἶναι
516 2363 580 2444 τὸν
599 2363 644 2470 ἐξ
665 2365 774 2443 αὐτοῦ
797 2363 1010 2465 γεννηθέντα
1035 2361 1127 2444 κατδι
1152 2364 1266 2468 φύσιν
1283 2360 1389 2459 Υίδν,
1410 2357 1533 2441 είκόνα

328 2523 367 2568 τε
387 2485 560 2592 ὑπάρχειν
576 2489 695 2585 αὐτοῦ,
715 2487 774 2566 διοῖ
791 2521 830 2568 τε
849 2495 954 2569 τοῦτο
973 2487 1083 2568 αῦτδν
1099 2485 1166 2588 μέν
1183 2483 1271 2567 εἶναι
1289 2488 1327 2567 ἐν
1347 2487 1475 2588 Πατρῖ,
1490 2491 1536 2565 ἐν

329 2613 442 2719 ἐαυτῷ
462 2609 499 2690 δέ
517 2609 581 2690 τὸν
601 2610 758 2713 Πατέρα.

300 2725 318 2769 ο

281 2867 431 2946 12Ἀμιὶν
460 2869 547 2946 ἀμῦν
576 2871 663 2944 λὲτω
694 2866 778 2952 ὑμῖν,
808 2871 827 2936 ὁ
857 2871 1021 2939 πιστεύων
1052 2867 1099 2936 εἰς
1129 2871 1198 2952 ἐμὲ,
1227 2870 1267 2937 τὰ
1298 2869 1377 2960 ἔρτο
1408 2870 1428 2934 ἃ
1460 2869 1532 2945 ὲτώ

381 2995 468 3061 ποιῶ
495 2992 645 3062 κάκεῖνοι
671 2997 811 3078 ττοιιίοει,
834 2996 887 3062 καὶ
913 2996 1042 3088 μείζονα
1068 2997 1195 3063 τούτων
1217 2997 1357 3076 ποιήσει,
1384 2997 1434 3063 ὅτι
1460 2995 1592 3070 ὲτὼιο

282 3131 317 3190 13
381 3124 464 3212 πρὸς
495 3121 552 3189 τὸν
582 3123 714 3212 Πατέρα
744 3125 936 3213 πορεύομαι,
968 3123 1020 3189 καί
1049 3125 1068 3190 ὃ
1099 3148 1130 3190 τι
1160 3122 1199 3190 ἂν
1231 3120 1385 3189 αἰτιίσκτε
1415 3121 1451 3189 ἐν
1483 3128 1535 3207 τῷ

381 3248 518 3326 ὀνόματί
560 3272 632 3332 μου,
670 3256 768 3317 τοῦτο
811 3253 950 3332 ποιήσω,
990 3250 1044 3316 ἵνα
1088 3249 1231 3342 δοξασθῇ
1276 3249 1295 3316 ὁ
1332 3246 1447 3337 Πατίιρ
1491 3247 1531 3313 ὲν

380 3376 428 3459 τῷ
453 3371 532 3460 Υῖῲ.

387 3535 456 3638 Εῖη
480 3535 547 3637 μὲν
570 3537 625 3636 ἂν,
644 3537 741 3642 ε’ίπερ
768 3573 820 3646 τερ
849 3541 947 3618 δοκεῖ
964 3543 1017 3646 τῷ
1039 3545 1113 3619 τῶν
1134 3537 1373 3643 προκειμένων
1394 3543 1532 3642 θεωρη-

330 3657 455 3758 μάτων
472 3662 762 3741 συνεκτείνεσθαι
780 3661 921 3760 πλάτει,
935 3661 1071 3765 μακρὸς
1090 3665 1147 3743 καὶ
1166 3661 1282 3758 βαθῦς
1300 3662 1321 3741 ό
1339 3660 1464 3765 λόγος·
1485 3661 1531 3742 τὸ
1549 3695 1593 3754 25

164 3798 283 3858 sou.
302 3781 369 3862 οδέ
392 3789 467 3868 τοῖς
491 3783 726 3888 ἀκροωμένοις
752 3787 951 3870 ἐννοοῦντες
975 3785 1286 3888 λυσιτελεστερον,
1305 3783 1529 3892 περιδρόξα-

330 3912 419 3987 σθαι
449 3913 522 3988 τιῦν
549 3909 822 4008 σημαινομένων
848 3909 1047 4010 οἰησόμεθα
1077 3911 1234 4014 πρέπειν,
1262 3909 1304 3989 τὸ
1338 3908 1435 3990 πολῦ
1461 3919 1533 3990 τοῦ

330 4030 445 4134 λόγον
462 4033 753 4135 περιστείλαντες
770 4037 895 4133 μῆκος·
926 4035 978 4135 εἴη
1003 4033 1074 4139 γὰρ
1098 4033 1144 4114 εῖν
1162 4037 1255 4114 οὕτω
1271 4033 1436 4135 μάλιστα
1453 4041 1533 4119 τοῖς

330 4165 485 4242 πολλοῖς
504 4155 765 4262 εῦπαριίδεκτον
782 4157 827 4237 τό
844 4159 1020 4263 θεώρημα.
1055 4160 1225 4268 ἐπιδεξαι
1244 4167 1435 4263 τοιγαροῦν
1452 4161 1532 4238 ἐθε-

332 4280 463 4382 λήσας,
493 4285 541 4368 ὡς
568 4281 621 4384 είη
651 4282 716 4383 μὲν
744 4283 935 4384 όμοοῦσιος
966 4289 1017 4392 τῷ
1052 4284 1127 4392 ίδίιρ
1161 4284 1356 4388 γεννήτορι,
1384 4286 1442 4363 καὶ
1472 4281 1532 4363 ότι
1550 4317 1594 4374 30

366 4500 393 4557 6.
411 4501 485 4573 λίγοι
496 4503 544 4572 μὲν
556 4504 588 4560 Ε.
600 4504 722 4578 λέγοιμεν
734 4505 785 4561 Εδ.
931 4508 971 4562 18.
990 4506 1058 4578 αὐτῷ
1071 4505 1104 4560 E.
1250 4521 1293 4574 24.
1311 4505 1482 4577 θεωρημάτων
1495 4506 1533 4564 Ε.

331 4571 476 4644 θεωρίρμοτι
490 4574 541 4630 Ed.
725 4603 727 4606 ·
