3082 5112
340 333 407 399 348
647 331 687 398 Β.
711 329 926 396 OYRILLI
956 327 1248 394 ALEXANDR.
1435 325 1537 410 xiii.9

342 496 527 578 πλουσίαν
557 503 633 580 τοῖς
666 495 857 598 ὁρωμένοις
894 493 1054 601 είσφέρει
1085 492 1152 594 τὴν
1183 491 1322 594 ὄνησιν,
1353 487 1538 590 οίησόμεθι

341 654 420 704 πως
444 622 513 700 κάν
534 618 653 727 τούτῳ
677 617 800 721 λέγειν
824 615 946 715 αὐτὸν,
965 620 1014 702 ῶς
1040 623 1070 698 εἰ
1093 615 1145 716 μή
1170 650 1225 700 τις
1248 615 1467 722 ἀπονίψαιτο
1490 611 1538 693 διὶ

341 747 407 842 τῆς
425 743 537 822 αὐτοῦ
555 738 703 848 χάριτος
720 741 786 821 τὸν
803 741 844 821 ἐκ
864 744 930 839 τῆς
954 741 1130 843 ἁμαρτίας
1153 743 1213 820 καὶ
1235 747 1300 820 τοῦ
1323 743 1538 838 πλημμελεῖι

341 861 548 964 μολυσμῶν,
567 865 745 969 ἀμέτοχος
763 863 870 944 ἐσται
887 867 952 964 τῆς
970 864 1056 966 παρ’
1076 864 1186 943 αὐτοῦ
1205 860 1306 965 ζωῆς,
1323 865 1381 942 καὶ
1397 865 1458 960 τῆς
1477 867 1538 940 τῶι

341 991 503 1092 οὐρανῶν
530 989 723 1083 βασιλείας
752 989 931 1090 ἄγευστος
960 989 1141 1086 ἀπομενεῖ.
1188 988 1231 1066 οὐ
1258 984 1332 1089 γάρ
1360 992 1434 1070 τοῖς
1460 987 1538 1063 deca·

341 1111 486 1216 θάρτοις
505 1116 556 1195 είς
573 1109 639 1195 τὰς
657 1111 734 1190 ἀνω
752 1109 866 1210 μονάς
884 1109 1031 1191 εἰσιέναι
1049 1109 1159 1209 θέμις,
1178 1107 1280 1189 ἀλλὰ
1305 1115 1380 1194 τοῖς
1405 1105 1462 1188 διὰ
1487 1111 1539 1206 τῆ

342 1239 391 1319 εἰς
408 1231 578 1338 Χριστὸν
595 1230 741 1336 ἀγάπης
767 1233 927 1337 καθαρὸν
951 1233 1078 1338 ἔχουσι
1101 1230 1145 1314 τό
1169 1229 1344 1331 συνειδὸς,
1362 1235 1420 1312 καὶ
1444 1231 1539 1332 ἡγιαΙ

313 1355 492 1455 οσμένοις
510 1358 549 1436 ἐν
567 1356 755 1458 Πνεόμιιτι
774 1355 833 1436 διά
851 1365 916 1436 τοῦ
936 1357 1041 1459 ἁγίου
1058 1355 1326 1456 βαπτίσματος.

310 1603 330 1661 9
359 1592 450 1670 Λέτει
477 1593 569 1679 αὐτῷ
594 1593 707 1672 Σίμων
734 1595 861 1684 Πέτρος
891 1593 997 1683 Κύριε,
1024 1593 1067 1670 μιὶ
1096 1593 1173 1660 τοὺς
1199 1591 1304 1660 πόδας.
1330 1613 1392 1668 μου
1417 1591 1533 1670 μόνον,

569 1717 656 1783 ἀλλὰ
686 1718 740 1782 καὶ
766 1717 826 1784 τὰς
853 1715 966 1808 χεῖραι
994 1719 1047 1784 καὶ
1073 1717 1133 1785 τιλν
1161 1718 1323 1805 κεφαλήν.

395 1889 446 1968 Ὁ
477 1886 663 1988 τοσαύτην
689 1889 776 1989 ἡμῖν
803 1890 935 1993 ἀρτίως
967 1889 1147 1996 ἐπιδείξας
1179 1887 1247 1989 τὴν
1278 1886 1463 1982 ἔνστασιν,
1496 1917 1539 1964 κο

340 2010 558 2111 ἀπαυδὴσας
587 2013 750 2115 ἐναργῶς
781 2021 860 2093 τοῖν
887 2015 1016 2094 ποδοῖν
1044 2009 1112 2112 τὴν
1139 2010 1328 2118 ἀπόνιψιν,
1356 2009 1425 2114 οὐχ
1455 2007 1539 2088 ῶπω

341 2131 471 2218 αὐτοὺς
489 2135 716 2237 παρατίθησι
734 2132 879 2235 μόνους,
897 2135 999 2217 ἀλλά
1020 2145 1081 2218 καὶ
1100 2141 1221 2242 χεῖρας
1243 2141 1303 2233 καὶ
1324 2133 1494 2240 κεφαλήν.
1527 2165 1539 2210 ε

340 2254 414 2358 γάρ
436 2255 623 2356 μέλλοιμι,
643 2262 773 2364 φησὶν,
791 2261 1061 2342 ἀποττεσεῖσθαι
1086 2259 1147 2340 διὰ
1170 2266 1278 2340 τοῦτο
1302 2260 1367 2356 τῆς
1391 2254 1484 2358 πρὸς
1511 2289 1539 2333 σ

305 2379 542 2476 ἀκοινωνίας,
563 2383 622 2460 καὶ
640 2381 787 2485 μακράν
804 2417 878 2464 που
902 2389 1047 2465 κεῖσθαι
1071 2390 1145 2464 τῶν
1164 2386 1202 2464 ἐν
1219 2383 1369 2462 ἐλπίσιν
1387 2382 1539 2481 ἀγαθῶν

341 2505 372 2579 εί
388 2499 440 2600 μή
460 2535 523 2581 σοι
541 2505 600 2582 καὶ
618 2511 728 2584 τοῦτο
747 2509 838 2608 δρῶν
856 2503 1022 2587 ἐθέλοντι
1047 2510 1107 2590 καὶ
1128 2505 1361 2614 προελομένῳ
1380 2503 1537 2584 κατανεύ

340 2655 449 2721 σαιμι
471 2625 531 2702 καὶ
555 2625 778 2731 ἀπονίψαιμι
797 2626 882 2712 τοὺς
900 2627 1027 2727 πόδας,
1046 2627 1253 2734 παραθήσω
1272 2631 1333 2708 καὶ
1357 2625 1403 2708 τὰ
1425 2625 1540 2706 λοιπά

340 2744 408 2844 τὴν
430 2748 524 2827 οὕτω
550 2750 853 2854 φρικωδεστάτην
876 2751 1006 2855 ζημίαν
1029 2751 1326 2854 παραιτούμενος.
1365 2751 1540 2846 εὖλαβεία

341 2868 405 2947 οὖν
423 2865 469 2968 ἦν
488 2870 560 2974 ἀρα
578 2870 718 2974 καρπὸς
734 2873 758 2973 ἡ
776 2875 816 2954 ἐν
833 2876 964 2980 ἀρχαῖς
981 2877 1215 2980 παραίτησις,
1234 2882 1293 2957 καὶ
1311 2875 1355 2956 τὸ
1374 2873 1540 2978 δυσαχθέ

341 2990 501 3076 δεδιότος
532 3001 597 3073 τοῦ
629 2993 856 3098 πράγματος,
886 3000 968 3104 οὐχὶ
1000 2997 1045 3098 δὴ
1075 2999 1223 3083 πάντως
1252 2997 1540 3100 ἀντιπράττοντο

340 3121 416 3199 τοῖς
435 3120 666 3201 δεσποτικαῖς
683 3117 944 3222 ἐπιτάγμασιν.
982 3124 1116 3202 ἐννοῶν
1134 3157 1174 3202 τε
1193 3121 1276 3225 γὰρ,
1294 3127 1344 3206 ῶς
1366 3123 1471 3228 ἔφην,
1491 3121 1540 3222 τή

341 3270 381 3317 τε
405 3247 471 3318 τοῦ
495 3243 664 3344 Σωτῆρος
689 3243 808 3348 ἀξίαν,
826 3247 887 3325 καὶ
913 3249 978 3346 τῆς
1005 3247 1135 3326 ἑαυτοῦ
1164 3247 1312 3352 φύσεως
1335 3244 1378 3326 τὸ
1403 3278 1540 3347 σμικρο

310 3359 487 3461 οπρεπές,
507 3363 647 3464 ἠρνεῖτο
675 3363 742 3462 μέν
763 3369 802 3446 ἐν
824 3369 966 3472 ἀρχαῖς·
1000 3367 1130 3468 μαθὼν
1146 3366 1186 3448 δέ
1209 3368 1253 3449 τὸ
1277 3367 1434 3466 βλάβος,
1453 3366 1540 3448 εάθῶ

340 3483 551 3587 μετατρέχει
570 3484 663 3588 πρὸς
680 3487 724 3566 τὸ
742 3487 950 3584 βούλεσθαι
969 3490 1012 3572 τὸ
1029 3496 1082 3600 τῷ
1099 3499 1293 3596 κρατοῦντι
1312 3496 1453 3572 δοκοῦν.

390 3604 579 3708 Ἐπιτήρει
593 3605 632 3688 δέ
646 3608 762 3690 πάλιν
775 3615 835 3692 καὶ
849 3613 957 3720 δέχου
975 3613 1018 3695 τὸ
1036 3615 1297 3718 πεπρογμεῖιον
1310 3619 1360 3699 είς
1378 3615 1540 3720 ῶψελεία

250 3815 256 3830 ,
342 3728 593 3831 ὖπογραμμόν·
631 3732 748 3812 καίτοι
773 3733 847 3838 γάρ
872 3737 1021 3840 εἶρηκῶς
1041 3748 1062 3786 “
1077 3740 1138 3819 Οὐ
1163 3738 1215 3840 μὴ
1241 3740 1354 3846 νίψῃς
1378 3771 1450 3838 μου
1476 3737 1540 3817 τοι]

341 3859 364 3898 “
381 3847 497 3936 πόδας
525 3855 574 3936 είς
598 3852 664 3933 τὸν
692 3857 838 3954 αίῶνα,”
862 3862 1082 3957 μεθίσταται
1111 3866 1339 3967 παραχρῆμα
1368 3870 1434 3942 τοῦ
1467 3859 1540 3964 πρδ

340 3979 450 4053 τοῦτο
480 3974 686 4070 βλέποντος
719 3988 794 4080 νοῦ,
826 3983 891 4062 οὐκ
930 3985 1044 4065 ἐκεῖνο
1080 3983 1251 4085 μάλιστα
1282 3984 1474 4086 ἐννοήσας,
1505 3985 1540 4066 ὅτ

339 4095 521 4199 προσήκοι
549 4106 624 4184 τοῖς
653 4101 754 4186 ίδίοις
782 4103 894 4185 αὐτόν
922 4107 1124 4207 ἐμμένοντα
1153 4106 1281 4208 λόγοις
1311 4110 1435 4208 ἀληθῆ
1469 4115 1540 4214 φαί

340 4225 469 4298 νεσθαι
487 4221 573 4324 παρ’
594 4223 691 4322 ἡμῖν,
710 4227 797 4306 ἀλλ’
818 4227 874 4308 ότι
892 4228 1038 4332 μείζονα
1058 4235 1117 4312 καὶ
1136 4231 1399 4339 χαλεπωτέραν
1418 4231 1540 4335 εὖρήσι

376 4399 401 4436 2.
420 4383 550 4458 ἀπονίψαι
562 4391 593 4444 τὸ
605 4391 639 4444 Ε.
651 4390 814 4463 ἀπονίψηται
825 4413 851 4449 ιι.
1060 4419 1087 4468 4.
1106 4400 1235 4472 ἀμέτεχος
1247 4399 1322 4456 Aub.
1335 4401 1483 4456 emendavi
1495 4421 1529 4456 ex

337 4469 382 4592 ἐς.
401 4454 552 4594 mogh
563 4459 611 4528 τὴν
622 4459 758 4534 ἀπόνηψιν
771 4465 835 4536 (sic)
849 4465 883 4521 E.
1090 4487 1132 4540 14.
1152 4471 1196 4527 διδ
1206 4475 1286 4528 τοῦτο
1300 4471 1334 4527 Ε.
1347 4473 1392 4528 διδ
1404 4473 1501 4528 τούτου
1514 4473 1540 4528 E
