3274 5118
132 359 185 402 xv.
200 355 230 404 2.
321 339 378 403 IN
408 340 442 406 S.
466 287 719 408 JOANNEM.
765 343 861 408 LIB.
884 344 926 408 X.
972 345 1073 410 CAP.
1097 345 1145 410 11.
1266 345 1330 408 549

132 507 312 589 πολυθέου
352 508 494 611 πλάνης
534 511 809 618 ε’ξεοπασμέυοι,
852 510 1144 614 ὁμολογήσαντες
1185 509 1223 590 δὲ
1264 507 1331 608 τήν

132 633 260 712 πίστιν
291 632 358 733 τήν
388 640 438 720 εἷς
470 635 648 738 Χριστὸν,
681 636 804 738 έρημσι
841 633 878 716 δέ
915 633 973 716 διά
1009 641 1072 736 τῆς
1110 641 1183 716 τῶν
1215 634 1330 736 ἔργων

132 755 345 857 κολλήσεως
371 760 569 862 γενοίμεθα,
594 759 737 843 πάντως
764 757 880 860 δήπου
907 758 954 840 τά
980 764 1053 842 τῶν
1081 759 1217 839 είκαίωυ
1242 767 1331 857 κλη-

132 878 259 978 μάτων
287 883 592 984 ῦποστησόμεθα;
635 887 693 963 καὶ
724 885 764 964 τί
792 882 835 964 τὸ
867 881 1021 978 λοιπόυ;
1060 880 1332 982 ἀποτεμνόμεθα

95 1002 205 1106 Βγάρ
231 1004 450 1109 ὁλοκλήρως,
472 1005 703 1107 δοθησόμεθα
727 1006 798 1111 γάρ
823 1011 883 1087 καὶ
905 1010 1000 1110 πυρὶ,
1024 1011 1082 1086 καὶ
1108 1005 1153 1106 ήν
1175 1005 1331 1110 έσχομέυ

131 1161 222 1207 ποτε
260 1129 361 1234 παρὰ
401 1135 466 1230 τῆς
502 1129 667 1230 ἀμπέλου
703 1128 875 1233 ζωοποιὸν
912 1130 1054 1228 ίκμάδα,
1088 1129 1252 1210 τουτέστι
1287 1126 1360 1212 τὸο

132 1254 293 1352 Πνεῦμα,
317 1253 678 1358 προσαποβαλόντες·
709 1251 824 1358 ῦγάρ
848 1254 918 1360 ἔφη
934 1251 1099 1356 Χριστός
1115 1255 1174 1334 ἐπὶ
1198 1260 1262 1332 τοῦ
1286 1251 1329 1333 τῦ

130 1373 313 1457 τάλαντον
331 1379 621 1484 καταχώσαντος,
639 1387 745 1459 τοῦτο
768 1377 811 1480 δή
830 1377 1011 1482 θεωρήσαι
1028 1413 1080 1462 τις
1100 1376 1145 1456 ἀν
1162 1375 1325 1480 πληροῦ-
1374 1385 1498 1501 {ffssgh

130 1533 240 1598 μενον
269 1505 327 1582 καὶ
355 1504 412 1583 έπῖ
439 1510 513 1589 τοῖς
546 1500 757 1605 ὁλοκλήρως
788 1504 1001 1602 ὑπομείνασι
1033 1500 1100 1602 τήν
1128 1499 1325 1600 ἀποτομήν.

73 1661 118 1702 10
131 1625 335 1730 ἀφαιρεῖται
354 1625 426 1730 γάρ
444 1626 570 1730 ὥσπερ
588 1627 720 1706 ἐκείνου
738 1625 780 1706 τὸ
799 1625 979 1706 τάλαντον
997 1624 1081 1725 ἅμα,
1101 1627 1213 1709 οὕτως
1233 1621 1329 1723 οἶμαι

131 1751 191 1828 καὶ
219 1753 258 1830 ἐκ
285 1760 349 1831 τοῦ
377 1750 572 1852 κλήματος,
597 1755 645 1836 ὡς
674 1753 712 1830 έν
738 1749 884 1849 ἰκμάδος
912 1735 1007 1834 τινὸὁ
1037 1749 1115 1849 ήτοι
1142 1747 1330 1849 ποιότητος

131 1869 248 1980 λόγῳ,
267 1872 310 1954 τὸ
330 1880 490 1974 Πνεῦμα.
529 1877 731 1981 ἀφαιρεῖται
756 1871 793 1953 δέ
819 1873 878 1954 διὰ
902 1873 1009 1955 ποίαν
1033 1873 1172 1968 αἰτίους
1203 1873 1261 1953 ἵνα
1278 1871 1329 1972 μή

130 2003 206 2080 τοῖς
232 2003 280 2082 είς
302 1998 345 2079 τὸ
369 2007 443 2102 πῦρ
469 1997 750 2103 κατοιχήσεσθαι
777 1998 957 2098 μέλλουσι
982 1996 1081 2100 παρὰ
1107 2006 1171 2077 τοῦ
1195 2003 1330 2099 Κριτοῦ

131 2121 503 2225 συγκαταδικάζεσθαι
527 2119 569 2203 τὸ
589 2128 737 2222 Πνεῦμα
762 2127 850 2229 δοκῇ
874 2121 916 2202 τὸ
943 2121 1168 2202 δεσποτικόν.
1206 2127 1235 2200 εί
1258 2119 1329 2223 γάρ

76 2270 117 2330 ¹5
132 2249 165 2323 οἱ
192 2251 266 2324 τῶν
287 2248 450 2350 ἐπιγείων
476 2255 686 2351 κρατοῦντες
713 2246 937 2350 πραγμάτων
961 2251 1034 2326 τῶν
1057 2243 1162 2352 ἅπαξ
1185 2278 1327 2344 τετιμη·
1342 2283 1360 2324 ο
1378 2268 1495 2326 868Δ.

130 2369 248 2466 μένων
275 2374 333 2450 καὶ
363 2378 569 2466 βασιλικοῖς
599 2369 870 2476 δεδοξασμένων
898 2367 1082 2469 νεύμασιν,
1110 2370 1151 2447 οῦ
1182 2367 1325 2470 καθαρί-

132 2489 238 2592 ᾇιυσί
251 2527 286 2572 τι
303 2495 510 2600 προχείρως,
528 2494 629 2575 ἀλλά
650 2498 708 2574 καὶ
734 2493 838 2578 εἴτις
865 2494 972 2594 ἁλοίη
998 2491 1117 2598 τυχὸυ,
1136 2491 1193 2598 ἐφ’
1214 2489 1266 2575 οἷς
1284 2488 1330 2570 ἀν

132 2613 292 2718 εὐλόγως
310 2619 513 2699 ἀπστιννόοι
531 2619 641 2716 δίκας,
660 2620 723 2698 οῦκ
747 2615 791 2697 ἀν
808 2627 915 2698 τοῦτο
939 2617 1049 2698 πάθοι
1073 2613 1145 2719 πρῦ
1169 2619 1232 2712 τῆς
1258 2621 1332 2695 τῶν

132 2737 347 2845 ἀξιωμάτων
384 2743 584 2841 ἀποβολῆς·
629 2747 707 2826 πῶς
742 2741 806 2820 οῦκ
835 2745 1046 2844 ἀναγκαῖον,
1083 2739 1149 2841 τὴν
1185 2742 1243 2820 ε’πὶ
1279 2740 1331 2847 τῷ

76 2897 116 2938 οο
131 2866 262 2967 χρῆναι
287 2863 505 2968 κολάζεσθαι
529 2868 855 2947 καταδικασθεῖσαυ
879 2864 1005 2972 ψυχήν
1029 2864 1087 2945 διὰ
1113 2864 1242 2971 φήφαυ
1267 2867 1330 2962 τῆς

131 2985 280 3085 ἀνωθεν,
312 2989 586 3090 προαποθέσθαι
621 2988 755 3093 τρόπον
791 2989 870 3069 τινά
907 2993 965 3069 καί
1002 2986 1330 3092 προαποδάσασθαι

130 3113 196 3209 τῆς
214 3117 286 3190 τῶν
302 3119 421 3192 κακῶν
438 3114 561 3216 πείρας
586 3111 651 3213 τὴν
669 3121 732 3193 τοῦ
751 3112 963 3212 Πνεῦματος
980 3111 1109 3217 χάριν;
1137 3113 1330 3192 πείσεσθαι

129 3231 197 3332 μέν
218 3236 281 3314 οῦν
302 3242 396 3342 φησι
424 3235 470 3316 τά
497 3245 642 3317 τοιαῦτα
670 3235 712 3316 ’τὸ
736 3236 896 3342 ἄκαρπον
916 3236 1048 3344 κλῆμα,
1067 3242 1188 3320 καλῶς
1215 3268 1259 3336 γε
1286 3233 1330 3335 δή

130 3354 280 3464 σφόδρα
297 3358 362 3444 τὰς
380 3361 548 3464 ἡμετέρας
567 3360 721 3444 διανοίας
744 3359 1031 3466 ἀσφαλιζόμενος
1057 3365 1105 3444 εἷς
1122 3357 1164 3438 τὸ
1183 3359 1364 3464 έχεσθαιὶι

73 3511 116 3574 ο5
131 3486 254 3587 φιλεῖν
287 3485 350 3582 τῆς
381 3488 430 3566 είς
463 3481 572 3564 αὐτόν
600 3483 753 3586 ἀγάπης,
787 3483 845 3563 διά
879 3517 918 3563 τε
949 3487 1014 3582 τῆς
1047 3483 1123 3562 κατ’
1154 3480 1330 3584 ἐνέργειαν

130 3607 260 3707 ἀρετής
295 3608 352 3685 καὶ
387 3611 451 3706 τῆς
488 3610 634 3690 ἀσιυοῦς
668 3606 834 3707 δηλονότι
869 3605 1040 3691 πίστεως·
1089 3610 1153 3706 τῆς
1190 3605 1228 3686 δέ
1265 3615 1330 3687 τοῦ

130 3736 374 3830 γηπονοῦντος
397 3733 586 3837 φροντίδος
612 3732 675 3811 οῦκ
699 3732 890 3834 ἀπείρατον
908 3732 1057 3811 ἔσεσθαι
1079 3736 1267 3814 παντελῶς
1288 3730 1330 3811 τὸ

129 3852 364 3958 καρποφόρον
380 3853 502 3960 κλήμά
521 3862 626 3961 φησι,
641 3854 995 3958 διακαθαρθήσεσθαι
1014 3853 1086 3958 γάρ
1102 3853 1193 3957 πρὸς
1211 3853 1254 3934 τὸ
1272 3857 1330 3934 καὶ

128 3972 296 4079 μειζόνως
319 3975 496 4058 δύνασθαι
521 3985 775 4085 καρποφορεῖν.
819 3986 894 4062 τοῖς
911 3977 983 4082 γὰρ
1001 3977 1096 4062 ὅλως
1115 3977 1247 4080 ἀριστα
1264 3975 1331 4076 μέν

74 4135 115 4194 30
131 4101 191 4180 καὶ
215 4103 263 4184 ὡς
288 4097 426 4206 ἀνέχοι
451 4108 571 4186 καλῶς
596 4101 722 4206 διαζῆν
747 4101 938 4201 ἑλομένοις,
956 4104 1194 4204 ἀγαθουργεῖυ
1211 4098 1249 4180 δέ
1275 4099 1330 4180 ὅτι

131 4222 297 4324 μάλιστα
315 4227 373 4304 καὶ
392 4224 450 4305 διὰ
468 4223 590 4326 πάσης
608 4225 695 4306 ἰέναι
715 4227 895 4311 πολιτείας
918 4231 1109 4334 θεοφιλοῦς
1132 4223 1329 4331 ᾑρημένοις,

168 4447 195 4502 5·
213 4434 327 4560 ἶσχοέίν
340 4435 372 4492 E·
388 4433 491 4508 εἴχομεν
503 4435 555 4492 Ed.
671 4453 712 4492 12.
730 4437 760 4491 τὸ
773 4445 941 4506 assumptum
955 4435 1033 4490 exE.
1149 4451 1190 4506 13·
1209 4455 1329 4574 καταγή·

132 4504 264 4573 θήσεσθαι
428 4521 470 4578 15.
489 4509 513 4560 οί
526 4525 580 4562 om.
593 4507 626 4563 E.
742 4507 784 4562 16.
802 4506 998 4576 δεδοξασμένων
1010 4505 1074 4560 EAE.
1088 4505 1139 4561 Ed.
1152 4523 1208 4576 mg.
1222 4506 1282 4561 δςδο
1317 4535 1329 4549 -

131 4575 230 4646 σμένον
242 4575 293 4632 Ed.
401 4591 444 4650 27.
462 4576 647 4651 γηπονοῦντος]
661 4581 779 4651 γεωργοῦ
791 4577 861 4633 cntt.
914 4575 1072 4648 ἀπείραστον
1083 4593 1107 4630 c.
