3274 5118
25 368 370 451 'xvi.17,18.IN
401 369 716 436 S.JOANNEM.
761 367 942 434 LIB.XI.
986 365 1093 432 cAP.
1117 363 1164 430 11.
1230 363 1291 426 641

25 551 37 590 “·“
58 533 227 638 βραχύ·
265 542 325 614 καί
357 533 467 616 πόλιν
496 537 590 642 φησὶ
619 535 734 644 μικρὶν
764 543 824 616 καὶ
855 526 987 644 ίφιοθέ
1009 564 1065 638 μι.
1108 525 1295 632 τριήμερος

25 677 32 718 ῑ
59 655 163 760 γὰρ
203 658 346 755 ἀνεβίω,
383 659 539 767 κηρύξας
577 669 599 706 “
612 663 671 739 καὶ
708 665 783 743 τοῖς
818 661 856 739 ἐν
893 661 1041 764 φυλακῇ
1075 651 1291 754 πνεόμασι.”
1337 643 1455 777 {51³1}ss

25 803 35 846 a·
62 779 332 884 πληρεστάτη
359 783 431 886 γὰρ
459 787 571 868 οὕτως
598 785 621 884 ἡ
649 787 713 883 τῆς
740 783 1016 891 φιλανθρωπίας
1043 778 1207 886 ἐπίδειξις
1233 777 1291 879 ἦν,

25 931 33 972 τ
63 911 138 1014 τῷ
159 903 215 1004 μὴ
233 906 344 1005 μόνον
362 908 558 986 ἀνασῶσαί
581 913 676 1014 φημι
700 906 783 991 τοὺς
808 907 860 986 ἐτι
885 904 1017 1007 ζῶντας
1043 907 1099 984 ἐπὶ
1123 908 1187 1002 τῆς
1214 905 1293 1005 γῆς,

25 1055 45 1114 ῑὶ
68 1025 194 1107 ἀλλὰ
222 1033 281 1108 καὶ
307 1037 382 1114 τοῖς
409 1031 477 1130 ήδη
506 1032 769 1136 κατοιχομείιοις
797 1032 855 1110 καί
880 1031 1009 1112 ἐντοῖς
1034 1031 1098 1128 τῆς
1122 1025 1323 1122 ἀβύσσουο

25 1183 30 1224 ι
69 1159 221 1258 μυχοῖς
248 1153 458 1254 καθημένοις
485 1157 523 1236 ἐν
547 1153 680 1264 σκότιρ,
704 1153 797 1235 κατὰ
823 1153 866 1235 τὸ
893 1151 1153 1258 γεγραμμένον,
1172 1157 1293 1252 διακη-
1338 1148 1381 1277 ff·
1394 1147 1448 1200 ¹¹¹¹·

25 1309 28 1354 ι
70 1277 201 1384 ρῦξαι
219 1276 287 1378 τὴν
305 1279 451 1385 ἀφεσιν.

25 1439 28 1478 ι
144 1401 333 1506 Ἐπιτήρει
365 1401 404 1482 δέ
437 1402 534 1488 ὅπως
566 1405 624 1486 ἐπὶ
660 1401 727 1502 μὲν
758 1411 823 1484 τοῦ
859 1399 996 1486 πόθους
1030 1401 1101 1509 ἐφη
1135 1404 1194 1481 καὶ
1230 1403 1294 1500 τῆς

25 1563 28 1602 ι
78 1524 331 1611 ἀναστάσεως
351 1526 476 1635 Μικρίι
499 1534 558 1608 καὶ
588 1534 623 1608 οὐ
651 1524 796 1638 θεωρεῖτέ
816 1562 862 1634 με
891 1533 950 1607 καί
976 1526 1086 1607 πόλιν
1100 1525 1214 1634 μικρλι
1233 1533 1293 1604 καί

33 1687 60 1726 ο
81 1643 228 1758 ἔφεοθέ
253 1678 310 1757 με·
349 1655 523 1754 προσθεὶς
553 1651 596 1731 δέ
626 1649 705 1732 ’Ότι
736 1651 819 1761 πρὶς
850 1651 901 1731 τὶν
931 1649 1070 1760 Πατέρα
1102 1647 1294 1756 πορεύομαι,

81 1779 219 1881 σιωπᾷ
256 1774 299 1854 τὸ
337 1774 559 1878 λειπόμενον.
610 1777 652 1855 οὐ
688 1774 760 1879 γάρ
796 1777 854 1872 ἐπὶ
890 1773 1010 1855 πόσον
1041 1777 1114 1855 ἐκεῖ
1141 1779 1299 1872 διαμενεῖ

83 1895 276 2002 χρόνου,ή
304 1899 392 1981 πότε
419 1899 531 2005 τυχὸν
555 1899 734 2007 ἐπανήξει,
753 1897 997 2000 διαμεμήνυκε,
1016 1901 1074 1978 καὶ
1103 1897 1161 1978 διὰ
1187 1897 1295 1978 ποίαν

85 2023 209 2102 αἰτίαν
222 2055 233 2119 ;
266 2025 309 2102 οὐ
329 2023 402 2127 γὰρ
425 2024 526 2123 ἡμῶν
543 2034 565 2071 “
579 2025 659 2104 ἐστι
683 2031 817 2126 γνῶναι
842 2023 992 2128 χρόνους
1020 2021 1044 2124 ἢ
1069 2019 1211 2125 καιροὺς
1234 2021 1275 2102 οὓ
1385 2129 1390 2144 Ι
1415 2065 1462 2156 ·7·'

88 2147 151 2224 “ό
177 2145 308 2250 Πατήρ
333 2147 431 2228 ἐθετο
455 2150 493 2228 ἐν
509 2150 555 2253 τῇ
584 2149 655 2257 ίδίιρ
683 2145 862 2255 ἐξουσίᾳ,”
882 2147 974 2227 κατὰ
1000 2144 1066 2230 τάς
1094 2147 1203 2225 αι’ττοῦ
1230 2155 1294 2226 τοῦ

25 2297 71 2353 ¹5
90 2273 264 2373 Σωτῆρος
291 2269 427 2378 φωνάς.

95 2553 198 2628 Εἶπον
233 2558 291 2628 οὖν
326 2564 363 2628 ὲκ
398 2563 464 2630 τῶν
498 2563 654 2641 μαθιιτῶν
689 2564 789 2630 αὐτοῦ
825 2563 907 2650 πρὸς
948 2563 1114 2628 ἀλλήλους
1149 2561 1188 2626 Τί
1223 2559 1291 2628 ἐστι
1308 2581 1342 2644 17

144 2690 242 2754 τοῦτο
272 2687 291 2756 ὃ
321 2689 408 2764 λέγει
438 2686 524 2771 ἐιμῖν,
550 2690 666 2778 μικρὸν
694 2689 746 2754 καί
775 2689 813 2756 οὐ
845 2683 1000 2778 θεωρεῖτέ
1031 2711 1082 2770 με,
1110 2686 1163 2752 καί
1193 2689 1291 2752 πάλιν

145 2813 260 2902 μικρὸν
280 2813 330 2881 καὶ
352 2817 474 2896 ὄψεσθέ
498 2839 562 2898 με;
591 2817 644 2882 καί
662 2817 712 2882 ὅτι
730 2815 796 2890 &nb
820 2815 936 2890 ὑπάτω
957 2815 1040 2903 πρὸς
1063 2813 1119 2882 τὸν
1138 2813 1269 2901 Πατέρα
1281 2843 1291 2896 5

145 2938 257 3015 ἕλει-ον
284 2937 342 3007 οὖν
368 2941 408 3008 Τί
433 2945 503 3010 ἐστι
530 2947 628 3008 τοῦτο
659 2944 677 3009 ὁ
708 2941 794 3018 λίτει
821 2941 860 3008 τὸ
889 2941 1025 3028 μικρὸν,
1064 2939 1123 3006 οὐκ
1153 2935 1289 3016 οἴδαμεν
1307 2951 1343 3009 ι8

37 3095 82 3137 20
145 3063 175 3130 τί
201 3061 306 3134 λαλεῖ.

152 3230 267 3310 Οὔπω
291 3229 455 3315 συνέντες
480 3227 522 3310 τὸ
548 3227 731 3334 είρημένον
749 3233 781 3310 οί
805 3229 993 3310 θεσπέσιοι
1015 3231 1171 3330 μαθηταὶ
1197 3239 1320 3316 συλ-ο

99 3360 255 3433 λαλοῦσι
291 3351 383 3458 πρὸς
420 3353 617 3454 ἀλλήλους,
654 3355 712 3434 καὶ
749 3354 788 3434 τί
820 3351 866 3433 ἀν
896 3353 1068 3449 βούλοιτο
1103 3355 1292 3454 σημαίνειν

100 3477 214 3563 αὐτοῖς
238 3477 281 3558 τό
304 3479 429 3587 Μικρίν
447 3477 497 3558 ἐτι
519 3480 577 3558 καί
601 3477 717 3584 μικρὶν
734 3475 964 3581 ἐνδοιόζουσι,
986 3481 1046 3558 καὶ
1070 3475 1112 3558 τό
1134 3484 1188 3558 Οὐ
1210 3475 1288 3559 θεω-

101 3597 179 3708 ρεῖτέ
198 3629 258 3708 με·
288 3600 415 3709 φθάνει
443 3599 557 3705 γεμήν
580 3603 600 3680 ό
624 3600 787 3705 Χριστὸς
815 3603 1061 3683 ἀναπυθέσθαι
1086 3609 1291 3706 προθυμου-

51 3773 66 3812 2
72 3767 89 3828 5
102 3723 229 3824 μένους,
248 3725 498 3828 ἐπικαιρότατα
522 3723 635 3806 πόλιν
659 3723 861 3824 ἐπιδεικνὺς,
881 3725 936 3806 ὅτι
961 3727 1107 3830 καρδίας
1131 3723 1224 3807 οἶδεν
1243 3729 1290 3812 ὡς

104 3846 190 3935 Θεὸς
217 3851 274 3930 καὶ
302 3849 344 3930 τὸ
372 3853 409 3930 ἐν
437 3857 487 3959 νῷ
515 3849 764 3957 στρεφόμενον
790 3849 841 3930 ἔτι
868 3855 927 3932 καὶ
953 3855 1067 3958 ἐντῷ
1094 3851 1199 3947 βάθει
1226 3855 1291 3950 τῆς

103 3975 239 4076 καρδίας
270 3974 551 4080 ἐγκεχωσμέυον,
581 3977 629 4060 ὡς
660 3975 729 4076 ήδη
761 3979 819 4056 καὶ
856 3975 1017 4081 γλώσσῃ
1054 3973 1290 4075 διακτυττηθέν

104 4097 335 4204 ἐξεπίσταται.
375 4099 413 4180 τί
435 4097 507 4203 γὰρ
531 4097 577 4180 ἀν
602 4098 698 4186 ὅλως
725 4104 783 4180 καὶ
808 4098 914 4180 λάθοι
938 4099 1003 4180 τὸν
1020 4095 1116 4206 ᾧπέρ
1140 4101 1219 4178 ἐστι
1242 4099 1291 4182 τά
1335 4102 1445 4230 {M

104 4221 211 4302 πάντα
243 4222 385 4324 γυμνός
421 4224 476 4304 διὸ
507 4225 569 4304 καί
596 4231 690 4330 φησι
717 4222 808 4324 πρός
838 4259 918 4302 τινα
945 4229 1018 4302 τῶν
1048 4223 1161 4324 ἁγίων
1189 4233 1211 4268 “
1222 4223 1287 4308 Τίς
1333 4233 1437 4348 ffim.

59 4353 125 4440 30“
141 4343 235 4430 οὗτος
272 4347 292 4426 ὁ
329 4345 497 4450 κρύπτων
532 4382 577 4447 με
612 4345 762 4447 βουλήν,
800 4346 962 4452 συνέχων
999 4344 1036 4426 δέ
1070 4345 1214 4452 ῥήματα
1250 4350 1318 4492 ἐνΙ
1336 4378 1445 4492 νόω

172 4623 207 4662 ιι.
226 4607 345 4678 ἐπανήξει
359 4609 422 4665 m.
436 4609 486 4666 Ed.
500 4627 555 4682 mg.
566 4609 701 4680 ἐπανήξειν
713 4607 764 4664 Ed.
1043 4611 1085 4666 28.
1103 4611 1171 4682 λιίθη
1185 4611 1216 4668 E.

147 4709 208 4756 τοι.
225 4711 263 4756 ιι.
667 4713 688 4774 4
706 4711 724 4754 ς
