3184 5104
429 327 473 390 84
731 326 771 390 Β.
795 327 1003 395 CYRILLI
1033 329 1318 396 ALEXANDR.

428 492 562 572 ἑαυτῶν
591 490 854 598 ἐξοπλίζεσθαι,
881 491 1067 598 μάχεσθαι’
1095 529 1133 574 τε
1166 501 1218 602 τῷ
1252 494 1327 602 ἰδίῳ
1360 489 1473 590 θελήμ

430 613 640 720 κανχήματι,
663 619 727 714 τῆς
754 621 827 695 τεῦν
853 616 1016 718 πατέρων
1044 618 1217 718 εὐγενείας
1244 617 1308 697 τόν
1329 615 1473 720 Ἰσραὴλ

431 747 619 843 τριοῦντες,
638 737 843 843 συντρέχειν
861 773 898 820 τε
924 739 982 820 διὰ
1007 739 1134 821 τούτου
1161 739 1290 822 λοιπόν
1308 747 1385 823 ταῖς
1405 748 1469 819 τοῦ

431 871 578 970 φωναῖς.
618 861 761 958 βλάβος
789 873 978 966 τοιγαροῦν
1005 865 1226 970 ἐκτρέχοντες
1253 863 1296 945 τὸ
1324 867 1473 944 ἐντεῦθεν

430 987 656 1094 ἀναφύεσθαι
675 992 812 1085 δοκοῦν,
832 988 946 1068 οὐκέτι
964 989 1029 1088 μέν
1048 991 1220 1091 λέγουσιν
1231 989 1326 1070 Ἕνα
1343 988 1473 1088 πατέρο

430 1109 494 1192 τόν
510 1109 693 1214 Ἀβραὰμ,
712 1109 954 1217 ἐπιγράφουσι
974 1112 1011 1192 δέ
1030 1119 1176 1210 μᾶλλον
1193 1115 1328 1198 ἐαυτοῖς
1347 1113 1403 1193 ἕνα
1422 1148 1473 1192 πα

402 1239 523 1335 0Θέον,
541 1243 618 1321 ταῖς
637 1241 685 1320 εὶς
705 1236 885 1338 λοιδορίας
910 1235 1210 1341 σφαλερωτόταις
1233 1237 1374 1336 ἡδοναῖς
1399 1271 1473 1315 κατι

430 1394 531 1460 μενοι
567 1359 701 1459 μόναις,
734 1358 792 1438 ἵνα
828 1363 887 1438 καὶ
921 1360 1058 1463 μείζοσι
1094 1359 1332 1462 περιπταίωσι
1368 1366 1446 1442 ταῖς

430 1485 645 1580 δυσσεβείας
672 1482 737 1581 μέν
760 1481 907 1583 ἁπάσης
934 1483 1032 1568 ὄντες
1059 1485 1217 1588 ἐργάται,
1242 1487 1279 1564 ἐν
1302 1484 1473 1586 πατρὸςέ

430 1615 557 1706 λαβεῖν
575 1605 828 1712 θαρσήσαντες
847 1605 910 1687 τόν
929 1605 1077 1709 ἁπάσης
1095 1610 1309 1704 δυσσεβείας
1328 1607 1468 1714 ἐχθρόν.

381 1845 419 1900 42
447 1828 545 1901 Εἶπεν
572 1829 682 1900 αὐτοῖς
709 1832 874 1898 ὁἸιιοοῦς
904 1829 939 1896 Εἰ
966 1832 984 1898 ὁ
1012 1832 1096 1900 Θεὸς
1122 1833 1230 1922 τιατέιρ
1258 1832 1348 1910 ὑμῶν
1376 1827 1439 1912 εῖιι,
1467 1857 1473 1896 ι

557 1959 596 2026 ἂν
623 1960 691 2037 ἐμὲ·
730 1959 796 2033 ὲςὼ
823 1957 883 2046 τὰρ
910 1958 947 2022 ὲκ
974 1963 1030 2025 τοῦ
1056 1958 1139 2024 Θεοῦ
1163 1961 1303 2028 ἐξῆλθον
1332 1958 1383 2024 καί
1412 1961 1473 2020 ιῖκα

486 2127 567 2206 Ούκ
593 2128 730 2227 ἀναιρεῖ
751 2121 789 2203 δέ
815 2121 873 2202 διὰ
898 2121 1034 2202 τούτων
1053 2125 1072 2202 ό
1094 2123 1227 2225 Κύριος
1251 2121 1293 2202 τό
1318 2123 1452 2229 ἐξεῖναί
1472 2161 1473 2173 ¹

397 2252 468 2332 ᾶέν
496 2255 579 2332 υἱοῖς
608 2246 894 2328 κατατάττεσθαι
922 2252 1028 2343 Θεοῦ,
1055 2246 1199 2326 δεικνύει
1228 2245 1265 2326 δέ
1292 2253 1438 2344 μᾶλλον
1466 2280 1473 2324 ¹.

428 2373 558 2476 πρέποι
584 2369 625 2450 τό
651 2370 828 2476 καύχημα,
848 2372 905 2449 καὶ
933 2367 987 2449 ὅτι
1013 2377 1158 2467 μᾶλλον
1177 2370 1289 2473 ἁγίοις
1308 2369 1473 2474 ἐνιτιτόρχι

429 2495 591 2596 θήσεται.
644 2493 817 2599 διελέγχει
852 2494 888 2573 δέ
921 2500 1067 2592 μᾶλλον
1100 2495 1322 2599 ἀφραίνοντα
1354 2494 1419 2572 τὸν
1452 2497 1472 2572 ῦ

428 2622 612 2700 Ἰουδαῖον.
653 2617 702 2703 εἷς
721 2617 885 2720 μὲνγὰρ,
905 2621 1009 2722 φησὶ,
1029 2620 1086 2696 καὶ
1109 2617 1247 2718 ἀληθὴς
1272 2615 1342 2719 ἐγὼ
1367 2618 1472 2722 πέφυι

429 2743 545 2850 φύσιν
574 2742 674 2840 Υἱὸς,
705 2745 743 2822 ἐκ
776 2747 872 2822 Θεοῦ
909 2742 946 2820 δέ
980 2739 1148 2840 δηλονότι
1181 2741 1339 2842 Πατρός·
1387 2743 1471 2821 τέθει

428 2863 557 2952 πάντες
583 2869 631 2949 ὡς
654 2865 744 2969 πρὸς
769 2863 829 2964 ἐμέ
854 2864 1108 2968 μορφούμενοι,
1128 2866 1187 2944 καὶ
1211 2869 1260 2948 εῖς
1282 2863 1348 2963 τὴν
1366 2865 1455 2964 ἐμὴν

429 3025 548 3076 νοντες
571 2990 694 3097 δόξαν·
726 2993 762 3068 αἱ
791 2987 862 3090 γὰρ
890 2985 1019 3071 εἰκόνες
1048 2991 1100 3067 ἀεὶ
1128 2988 1219 3090 πρὸς
1246 2987 1292 3068 τὰ
1320 2989 1470 3093 ἀρχέτυπ

428 3117 491 3195 οὖν
510 3115 603 3199 ὅλως
629 3111 790 3194 δύνασθέ
810 3119 926 3219 φησιν
945 3115 1211 3215 ἐναριθμεῖσθαι
1230 3115 1268 3192 ἐν
1286 3113 1420 3197 τέκνοις
1438 3119 1469 3191 Θ

428 3241 467 3317 ἐκ
505 3245 600 3318 Θεοῦ
640 3236 828 3342 πεφηνότα
869 3237 927 3315 καὶ
964 3235 1055 3338 πρὸς
1097 3235 1164 3336 τὴν
1200 3237 1293 3316 ίδίαν
1327 3247 1469 3335 μεταπλ

399 3359 622 3466 εμόρφωσιν
641 3359 722 3444 τοὺς
742 3367 790 3446 εἷς
808 3359 916 3440 αὐτόν
930 3359 1176 3458 πιστεύοντας,
1191 3363 1258 3465 οὐχ
1276 3360 1372 3444 ὅπως
1392 3362 1456 3440 οὐκ

429 3483 631 3587 ἐγνωκότες,
658 3483 741 3565 ἀλλ’
762 3484 830 3584 ἤδη
858 3485 916 3563 καὶ
945 3483 1183 3586 ἀτιμάζοντες,
1210 3486 1252 3564 οῦ
1281 3487 1364 3564 καθ’
1385 3485 1447 3564 ἕνα

428 3605 529 3687 ἀλλὰ
556 3607 647 3687 κατὰ
674 3606 836 3692 πολλούς
848 3641 859 3704 ;
890 3610 948 3686 καὶ
978 3613 1010 3687 οὶ
1037 3607 1102 3687 τόν
1125 3613 1334 3713 χαρακτῆρα
1361 3607 1412 3708 μὴ
1441 3613 1467 3688 δι

428 3739 493 3811 τοῦ
522 3737 618 3812 Θεοῦ
646 3734 705 3811 καὶ
732 3729 888 3834 Πατρός,
911 3738 989 3816 πῶς
1018 3731 1062 3810 ἂν
1090 3731 1184 3817 ὅλως
1211 3737 1433 3836 μορφωθεῖεν
1461 3771 1466 3810 ι

428 3855 561 3948 αῦτόν;
589 3855 714 3938 ἄλλως
732 3889 769 3932 τε
789 3855 847 3933 καὶ
873 3856 915 3934 οὐ
937 3862 1011 3938 τοῖς
1029 3863 1201 3958 τυχοῦσιν
1219 3855 1449 3958 ἀνεγκλήτως

430 3981 536 4085 φησὶ,
556 3979 695 4080 πατέρα
714 3983 903 4056 καλεῖσθαι
921 3977 984 4057 τὸν
1004 3977 1109 4076 Θεὸν,
1127 3981 1212 4057 ἀλλ’
1234 3978 1286 4063 οῖς
1308 3978 1353 4058 ἂν
1370 3984 1433 4078 τῆς
1452 4013 1465 4058 ε

428 4104 611 4196 εὐσεβείας
643 4099 883 4204 ἐναστρόπτοι
915 4099 957 4181 τὸ
988 4099 1136 4199 κάλλος,
1164 4102 1306 4186 ἐκείνοις
1336 4099 1443 4200 οἶμαι,

464 4307 491 4355 4.
508 4286 659 4358 τοιγαροῦν]
673 4287 758 4342 τοίνυν
769 4290 907 4410 τοιΙγαροῦν
920 4287 952 4341 Β.
1209 4305 1249 4342 11.
1267 4285 1351 4358 εἶπεν]
1368 4293 1396 4348 -Ι-
1411 4286 1456 4341 οῦν

432 4371 473 4427 ιγ.
491 4360 560 4427 φησὶ
572 4367 742 4427 assumptum
755 4375 787 4410 ex
828 4375 859 4410 α.
924 4357 1065 4426 ἀληθέςΒ.
1194 4375 1235 4429 19.
1254 4357 1463 4422 ἀνοβαίνοντεςΕ

429 4447 515 4481 νοντες
527 4427 557 4479 Β.
583 4425 748 4492 ἀναμένοντες
763 4427 811 4480 Ht.
822 4427 1011 4491 ἀναβλέποντες
1023 4429 1138 4482 correxit
1150 4437 1181 4483 ut
1192 4429 1303 4483 adnotat
1314 4429 1371 4500 ipse
1381 4429 1453 4482 Aah.

428 4493 511 4546 νασθέ
522 4512 546 4548 ιι.
560 4425 609 4548 ht.
623 4497 750 4550 δύνασθαί
763 4497 795 4549 Β.
810 4497 860 4550 Ed.
958 4514 1000 4568 23.
1019 4497 1202 4570 πιστεύοντος]
1218 4507 1247 4564 -Ι-
1262 4502 1347 4572 φασιν
1359 4517 1374 4554 e
1387 4498 1409 4553 Β
1423 4517 1462 4572 περ

430 4561 542 4614 verbum
555 4563 662 4618 trahens
677 4565 727 4617 ut.
740 4565 812 4618 unde
825 4565 896 4620 Aub.
