3118 5132
288 328 354 392 434
590 328 632 394 B.
654 325 863 394 CYRILLI
892 325 1182 392 ALEXANDR.
1357 319 1422 386 xiv.
1437 335 1492 382 11.

287 489 398 590 τάτην
417 491 546 596 έχοντα
570 490 636 592 τὴν
654 495 712 573 ἐπὶ
736 497 789 600 τῷ
806 497 885 600 Υἱφ
910 491 1098 599 διάληψιν,
1116 489 1291 591 μηδεμίαν
1308 491 1381 565 τῶν
1400 481 1491 582 παρ’

286 614 428 698 ἐκείνοις
455 613 683 714 ποιήσασθαι
709 615 866 716 μνήμην.
904 613 1026 716 ἐπειδὴ
1055 614 1093 696 δέ
1120 610 1266 696 ἀπεικὸς
1291 606 1393 690 οὐδέν
1414 611 1494 686 τοῖς

287 738 427 822 ἀθλίοις
463 739 604 820 ἐκείνων
635 737 892 844 περιτυχόντας
928 737 1068 844 ῥήμασι
1103 737 1382 840 συναρπαγῆναι
1417 733 1497 808 τῶν

287 861 550 964 ἁπλουστέρων
577 867 626 946 είς
658 861 809 943 σύνεσίν
836 897 944 961 τινας,
972 866 1169 965 ἀναγκαῖον
1196 857 1318 968 ᾠήθην
1345 861 1419 938 τοῖς
1449 850 1500 958 ἐξ

287 985 456 1082 ἀληθείας
492 985 652 1088 δόγμασι
687 984 734 1066 τὰ
769 988 808 1067 ἐκ
841 989 906 1086 τῆς
938 987 1077 1067 ἐκείνων
1107 984 1289 1092 φλυαρίας
1321 973 1536 1080 διακροιί·5

288 1113 430 1189 σασθαι
463 1109 602 1210 βλάβη,
635 1108 896 1214 εόανότρεπτόν
925 1144 964 1192 τε
997 1115 1186 1192 παντελῶς
1222 1103 1393 1212 ἐπιδεῖξαι
1424 1098 1498 1199 τὴν

255 1235 547 1339 ᾶσυκοφαντίαν,
566 1234 612 1334 ἢν
636 1234 854 1339 ἐπιτειχίζειν
875 1232 1073 1330 βούλονται
1099 1235 1152 1340 τῷ
1176 1237 1268 1340 Υίῷ,
1288 1235 1433 1329 μᾶλλον
1453 1221 1497 1304 δέ

289 1353 359 1461 ὅλῃ
378 1361 423 1462 τῇ
441 1357 518 1464 θείᾳ
537 1357 660 1464 φύσει·
689 1365 796 1438 τοῦτο
814 1355 886 1461 γὰρ
905 1363 1015 1438 εἰπεῖν
1034 1355 1292 1458 ἀληθέστερον.

344 1483 548 1583 Τοιγαροῦν
575 1480 741 1585 ἐνέτυχον
769 1481 941 1589 βιβλιδίῳ
969 1487 1042 1562 τῶν
1067 1482 1110 1560 δι’
1134 1478 1304 1562 ἐναντίας·
1341 1470 1417 1554 εἶτα
1444 1468 1501 1550 τὰ

287 1602 326 1681 ἐν
348 1607 400 1710 τῷ
424 1603 643 1713 προκειμένῳ
670 1607 768 1712 ῥητῷ
796 1603 1075 1710 διερευνώμενος,
1094 1606 1261 1707 εὕρισκον
1278 1601 1337 1681 ἐπὶ
1359 1595 1499 1703 λέξεως
1518 1625 1556 1666 1·

287 1726 396 1824 αὐτῆς
434 1728 527 1808 οὕτω
564 1727 721 1830 λέγοντα
757 1728 838 1827 μεθ’
876 1726 979 1832 ἕτερά
1015 1763 1097 1809 τινα
1128 1787 1151 1826 „
1169 1729 1219 1807 ‘O
1256 1726 1375 1806 τοίνυν
1401 1715 1499 1804 Υἱὸς

288 1907 309 1946 ,,
329 1849 513 1934 οὖσιωδῶς
538 1847 789 1957 περιεχόμενος
817 1851 886 1932 ὑπὸ
914 1860 979 1932 τοῦ
1008 1849 1164 1956 Πατρός,
1192 1849 1256 1931 τὸν
1280 1847 1426 1950 Πατέρα
1452 1846 1499 1924 ἐν

288 1973 443 2081 ,ἐαυτῷ
464 1973 535 2079 ἔχει
559 1974 615 2080 τοὶΙ
627 1973 772 2079 ῥήματα
791 1975 1043 2082 φθεγγόμενον
1061 1979 1119 2056 καὶ
1145 1974 1192 2056 τὰ
1216 1979 1348 2074 σημεῖα
1370 1973 1495 2050 ἐπιτε-

289 2155 310 2193 ,,
329 2104 478 2176 λοῦντα·
520 2098 608 2202 ὅπερ
635 2100 817 2202 ἐρμηνεύει
845 2099 965 2203 λέγων
983 2095 1058 2180 (Ἃ
1085 2099 1157 2203 ἐγὼ
1184 2103 1290 2178 λαλῶ
1318 2099 1400 2196 ὑμῖν
1427 2093 1495 2173 ἀπ’

288 2221 482 2319 ,ἐμαυτοῦ
509 2224 551 2303 οὐ
578 2230 695 2323 λαλῶ,
724 2225 744 2304 ό
774 2224 812 2304 δὲ
842 2219 972 2328 Πατὴρ
1002 2227 1039 2304 ἐν
1067 2226 1144 2324 ἐμοὶ
1175 2221 1292 2324 μένων
1319 2225 1415 2300 ποιεῖ
1443 2216 1497 2298 τὰ
1515 2251 1559 2299 ιι

288 2403 310 2443 ,,
330 2345 418 2447 ἔργα
443 2345 572 2431 αὐτός’
587 2347 608 2374 ”

259 2506 278 2552 e
345 2471 459 2549 Ταυτὶ
488 2474 552 2570 τῆς
579 2472 712 2552 ἐκείνου
740 2473 920 2575 τερθρείας
947 2469 993 2552 τὰ
1020 2470 1176 2577 ῥήματα·
1207 2467 1326 2571 ἐπειδὴ
1354 2465 1392 2550 δέ
1419 2464 1496 2570 χρὴ

287 2593 346 2671 καὶ
365 2593 459 2694 ἡμᾶς
478 2599 588 2674 εἰπεῖν
606 2593 649 2674 τὸ
673 2602 747 2679 τοῖς
771 2596 968 2698 εἰρημένοις
990 2599 1228 2677 ἁντιστατοῦν
1246 2597 1304 2675 καὶ
1321 2591 1497 2690 ἀδόκιμον

287 2713 375 2794 ὅντα
396 2715 461 2796 τὸν
480 2725 563 2797 νοῦν
582 2717 779 2824 διελέγχειν
798 2718 1004 2818 δυνάμενον,
1023 2718 1133 2800 ἐκεῖνό
1159 2725 1253 2825 φημι
1270 2717 1325 2799 Τὸ
1343 2715 1409 2815 μέν
1426 2715 1497 2794 οὖν

287 2839 471 2926 οὐσιωδῶς
487 2842 716 2947 περιέχεσθαι
735 2842 855 2945 λέγειν
873 2841 938 2923 τὸν
955 2842 1047 2923 Υίὸν
1066 2841 1136 2924 ὑπὸ
1154 2850 1219 2923 τοῦ
1240 2838 1397 2944 Πατρός,
1417 2839 1437 2920 ό
1456 2873 1495 2920 τι
1511 2874 1555 2916 ιο

288 2961 375 3044 ποτέ
394 2963 465 3067 ἄρα
483 2961 634 3065 ἐστὶν,ἢ
659 2967 698 3045 τί
719 2965 790 3070 ἄρα
812 2969 927 3067 δηλοῖ,
947 2967 988 3046 οὐ
1007 2965 1155 3074 σφόδρα
1173 2964 1331 3065 συνίημι·
1362 2967 1495 3068 χρῆναι

288 3085 361 3189 γὰρ
381 3084 486 3200 οἶμαι
513 3085 555 3168 τὸ
583 3085 715 3189 ἀληθές
742 3095 864 3170 εἰπεῖν·
896 3089 1079 3190 τοσαύτην
1107 3090 1177 3196 ἔχει
1204 3088 1271 3190 τὴν
1295 3087 1492 3194 ἀσάφειαν.

289 3214 435 3319 ἐρυθριᾷ
458 3211 530 3314 γὰρ
555 3209 764 3315 ὧσπερκαὶ
789 3212 1041 3293 συστέλλεταί
1065 3249 1142 3298 πως
1166 3211 1257 3317 πρὸς
1281 3209 1324 3292 τὸ
1352 3212 1493 3320 ἀφανέ·

123 3330 212 3448 ΞξΡζζ
290 3369 421 3437 στερον
439 3336 647 3439 παῤῥησίαν
666 3336 730 3416 οὐκ
749 3337 833 3442 έχον
851 3335 893 3417 τὸ
912 3337 1092 3441 θεώρημα.
1131 3335 1257 3442 ὥσπερ
1274 3335 1347 3439 γὰρ
1365 3337 1422 3414 “ό
1446 3333 1496 3415 τὰ

124 3479 238 3538 ἸεθΔ.
261 3469 313 3535 ο“
333 3465 459 3565 φαῦλα
482 3457 665 3562 πράσσων
687 3468 791 3558 μισεῖ
815 3459 857 3539 τὸ
886 3467 965 3566 φῶς
994 3467 1052 3542 καὶ
1080 3462 1143 3542 οὐκ
1170 3461 1310 3566 ἔρχεται
1333 3457 1423 3564 πρὸς
1449 3456 1495 3540 τὸ
1510 3491 1552 3552 ²5

290 3593 312 3630 “
330 3589 420 3690 φῶς,
447 3582 505 3662 ἵνα
537 3581 588 3683 μὴ
620 3583 808 3690 ἐλεγχθῇ,”
839 3583 932 3664 κατὰ
963 3583 1030 3686 τὴν
1056 3593 1120 3666 τοῦ
1150 3589 1318 3688 Σωτῆρος
1350 3582 1493 3692 φωνήν·

290 3708 383 3788 οὕτω
409 3712 480 3790 πᾶς
505 3703 616 3808 λόγος
641 3707 661 3785 ὁ
683 3707 729 3786 τὰ
754 3716 881 3815 φαῦλα
907 3714 1038 3812 δηλῶν,
1058 3708 1116 3791 διὰ
1138 3717 1332 3791 σκοτεινῶν
1349 3712 1496 3790 ἐννοιῶν

290 3830 460 3935 ἔρχεσθαι
479 3836 589 3936 φιλεῖ,
609 3833 667 3910 καὶ
687 3831 778 3935 πρὸς
796 3831 838 3912 τὸ
857 3834 1059 3939 σαφηνείας
1077 3835 1143 3938 οὐχ
1161 3833 1238 3941 ἥξει
1257 3840 1347 3940 φῶς,
1365 3833 1422 3913 ἵνα
1440 3831 1495 3934 μὴ

291 3957 446 4059 ἐλεγχθῇ
475 3957 538 4052 τῆς
565 3953 717 4056 ἐνούσης
743 3957 839 4064 αὐτῷ
863 3955 1090 4059 σαθρότητος
1116 3958 1137 4057 ἡ
1163 3955 1331 4040 εὐτέλεια.
1368 3957 1407 4038 τί
1428 3957 1496 4037 οὖν

291 4077 361 4180 ἄρα
401 4078 480 4156 ἐστὶ
517 4074 559 4156 τὸ
597 4078 780 4163 οὐσιωδῶς
819 4079 1051 4185 περιέχεσθαι
1091 4081 1155 4159 τὸν
1191 4079 1282 4161 Υίὸν
1319 4079 1389 4162 ὑπὸ
1426 4089 1495 4161 τοῦ
1509 4109 1551 4166 30

292 4197 464 4300 Πατρός,
515 4200 591 4302 ἰἠμι
632 4199 704 4305 γὰρ
733 4201 785 4322 ,δὴ
827 4203 870 4280 δι’
908 4203 1043 4286 ἐννοίας
1082 4201 1240 4304 ἁπάσης,
1278 4203 1407 4308 οἷσπερ
1446 4201 1495 4286 δν

323 4485 351 4541 6.
368 4489 500 4544 παντελῶς
512 4495 681 4560 assumptum
694 4505 727 4543 ex
740 4487 802 4560 Εη).
1097 4507 1124 4562 9.
1142 4489 1268 4562 βιβλιδίῳ
1281 4489 1314 4546 Ε.
1325 4491 1425 4564 βιβλίῳ
1439 4491 1493 4550 Ed.

292 4573 333 4629 13.
352 4558 520 4632 φθεγγόμενα
533 4558 566 4614 Ε.
671 4575 716 4631 31.
734 4557 802 4632 ίημι]
818 4557 861 4614 Sic
874 4557 946 4618 Aub.
