3184 5104
382 379 444 442 128
682 381 720 446 B.
745 381 955 447 CYRILLI
985 382 1271 447 ALEXANDR.
1434 379 1475 443 vii

381 675 434 751 τόν
452 673 553 774 λόγον
572 676 684 769 αὐτοῦ,
702 673 862 774 ἑτεροίως
888 669 947 751 διὰ
971 681 1077 751 τοῦτο
1102 677 1175 754 τοῖς
1198 673 1356 753 αἰνοσίοις
1371 668 1475 747 Ἰουδα

380 790 422 870 τὸ
451 790 540 890 μήτε
570 793 694 871 εῖδέναι
724 790 787 872 τὸν
815 789 910 871 Θεὸν
939 795 1135 892 περιτιθεὶς,
1164 787 1252 890 μήτε
1286 787 1356 889 μὴν
1381 791 1474 893 ἀνέχε

381 913 444 994 τόν
471 915 555 1018 παρ’
582 917 691 996 αὐτοῦ
719 913 842 1017 λόγον,
871 913 893 1016 ἢ
922 919 1089 1020 φυλακῆς
1116 947 1211 999 τινος
1238 912 1333 997 ὅλως
1359 912 1475 1020 ἀξιοῦν

381 1038 517 1120 ἄνωθεν
535 1041 653 1122 αὐτοῖς
678 1038 902 1142 διορισθέντα
928 1038 1046 1134 νόμον.

438 1168 483 1242 El
515 1163 552 1242 55
583 1161 653 1267 χρὴ
684 1165 744 1242 καὶ
776 1162 900 1266 ἑτέρως
933 1170 1005 1245 τοῖς
1036 1162 1275 1265 προκειμένοις
1305 1163 1475 1260 ἐμβαλεῖν,

381 1283 596 1388 λεπτότερόν
617 1319 694 1370 πως
720 1289 805 1366 ἰδεῖν
828 1285 870 1368 τὸ
897 1273 1063 1386 ττλαγίως
1092 1285 1390 1384 ὐποδηλούμενον,
1408 1287 1462 1361 καὶ

380 1405 470 1510 πρός
497 1409 633 1493 τούτοις
662 1412 807 1511 ἐροῦμεν
826 1406 937 1490 Οἶδεν
959 1411 979 1488 5
1004 1408 1091 1492 Υἱὸς
1119 1408 1182 1488 τὸν
1207 1409 1332 1488 ἑαυτοῦ
1357 1405 1473 1508 Πατέρ

380 1533 548 1632 τοιαύτην
577 1531 668 1636 ἔχων
696 1540 844 1634 γνῶσιν,
874 1533 980 1613 ὁποία
1013 1533 1080 1636 πέρ
1110 1534 1211 1612 ἐστιν
1240 1531 1262 1631 ἡ
1289 1534 1327 1611 ἐν
1354 1531 1444 1630 ἡμῖν,
1471 1569 1475 1606 ι

352 1661 560 1760 θθεοπρετιῆ
588 1691 626 1735 τε
654 1661 712 1735 καὶ
739 1654 973 1762 ἀνεξὴγητον.
1016 1654 1141 1758 ὥσπερ
1169 1654 1241 1760 γὰρ
1270 1656 1289 1734 5
1316 1654 1360 1762 ἐξ
1384 1657 1475 1754 ἀνθρι

381 1779 636 1881 γεγεννημένος
664 1779 863 1881 ἅνθρωπος,
887 1781 928 1859 οὐ
955 1781 1038 1883 παρ’
1065 1778 1184 1881 ἑτέρου
1211 1775 1306 1862 τινὸς
1333 1776 1462 1874 μαθὼν,

381 1904 424 2009 ἐξ
447 1901 498 1983 ὧν
516 1907 616 1983 ε’στιν
639 1901 744 1988 αὐτὸς
769 1901 835 2004 τὴν
857 1913 921 1983 τοῦ
948 1901 1189 2006 γεννήσαντος
1214 1904 1278 1982 οῦκ
1303 1904 1423 2004 ἀγνοεῖ
1444 1909 1475 2004 φ

381 2027 474 2107 οὕτω
493 2030 553 2106 καὶ
576 2028 595 2106 5
614 2023 702 2111 Υἱός
723 2023 795 2107 οῖύε
813 2024 878 2124 μέν
897 2027 940 2133 ἐξ
962 2024 1012 2108 ὧν
1030 2031 1109 2107 ἐστι
1134 2024 1197 2106 τόν
1216 2028 1341 2106 ἑαυτοῦ
1365 2022 1475 2128 γεννήΙ

381 2158 470 2257 τηρεῖ
494 2149 531 2229 δέ
560 2153 611 2231 τὶν
634 2153 868 2253 λόγον.αὐταῦ,
892 2151 1078 2231 τουτέστιν
1103 2150 1191 2231 ὅλον
1216 2150 1286 2255 ἔχει
1313 2147 1473 2252 σωζόμεν

380 2276 494 2381 ἑαυτῷ
516 2279 578 2373 τῆς
604 2274 730 2358 οὐσίας
755 2276 863 2354 αὐτοῦ
888 2274 952 2354 τὸν
970 2273 1066 2378 ὅρον·
1106 2279 1214 2375 δηλοῖ
1235 2272 1307 2376 γὰρ
1333 2275 1353 2354 ὁ
1379 2270 1475 2374 λόγο.

381 2397 475 2501 ὅρον.
522 2398 632 2501 λόγος
660 2396 724 2496 μέν
753 2397 824 2503 γὰρ
852 2400 872 2479 ὁ
904 2398 1105 2501 ἀνθρώπου,
1133 2397 1319 2478 τουτέστιν
1347 2398 1366 2476 5
1400 2395 1475 2500 ὅρος

383 2520 507 2605 οὐσίας
539 2523 659 2618 αὐτοῦ,
692 2521 781 2629 ζῷον
819 2520 977 2622 λογικὸν,
1010 2520 1150 2621 θνητὸν,
1184 2527 1245 2600 νοῦ
1283 2524 1341 2600 καὶ
1377 2522 1475 2599 ε’ττισι

216 2667 333 2724 58311.
354 2642 552 2726 αδεκτικόν.
595 2644 696 2724 ἀλλὰ
723 2644 879 2748 γὰρκαὶ
907 2645 1068 2747 ἀγγέλου
1095 2641 1205 2749 τυχὸν
1233 2645 1253 2723 5
1281 2640 1403 2746 λόγος,
1426 2643 1475 2744 ὅρι

384 2774 500 2848 νοοῖτο
517 2773 581 2868 τῆς
600 2769 724 2852 οὐσίας
743 2769 863 2849 αὐτοῦ.
903 2770 960 2848 ἐπὶ
979 2767 1016 2848 δέ
1036 2773 1131 2848 Θεοῦ
1149 2775 1213 2848 τοῦ
1238 2765 1330 2849 κατὰ
1355 2765 1472 2873 φύσιν

383 2889 449 2992 μέν
471 2891 584 2996 λόγον
609 2891 632 2994 ἢ
659 2891 745 2995 ὅρον
767 2894 830 2973 οὐκ
857 2893 936 2973 ἔστι
964 2899 1102 2988 λαβεῖν·
1133 2893 1175 2972 οὐ
1202 2890 1273 2995 γὰρ
1301 2891 1410 2992 ἴσμεν
1431 2893 1470 2970 τί

385 3014 499 3120 φύσιν
517 3018 628 3115 ἐστὶν,
649 3013 740 3098 οἶδεν
759 3017 797 3098 55
819 3019 839 3097 5
857 3017 946 3100 Υἱὸς
971 3015 1034 3096 τὸν
1052 3019 1177 3097 ἑαυτοῦ
1198 3015 1354 3118 Πατέρα,
1374 3018 1435 3095 καὶ
1458 3017 1473 3092 ε’

384 3141 510 3241 οὐσίας
542 3141 650 3219 αὐτοῦ
681 3138 936 3242 γεγεννημένος
968 3137 1060 3219 οἶδεν
1088 3141 1127 3218 τί
1156 3137 1249 3219 κατὰ
1281 3139 1398 3246 φύσιν
1431 3141 1475 3218 ἐσ

383 3262 563 3367 γεννήσας
590 3262 710 3342 αὐτόν·
753 3261 825 3342 ἀπὸ
854 3262 891 3343 55
919 3267 983 3363 τῆς
1010 3264 1094 3365 παρ’
1124 3263 1207 3361 ἡμῖν
1234 3263 1428 3362 συνηθείας
1458 3275 1475 3340 λ

384 3391 442 3468 καὶ
470 3394 543 3471 τοῖς
571 3388 803 3490 ἀνθρωπίνοις
831 3385 1129 3493 ἀποχρησάμενος
1156 3383 1304 3492 ῥήμασι,
1325 3385 1379 3467 τὶν
1398 3388 1472 3487 λίγ

384 3509 540 3613 Πατρός,
562 3513 666 3590 οἱονεὶ
694 3509 758 3590 τὸν
783 3509 867 3614 όρον
890 3515 954 3611 τῆς
982 3511 1107 3595 οὐσίας
1130 3512 1250 3608 αὐτοῦ,
1272 3517 1380 3619 τηρεῖν
1408 3512 1447 3590 ἐν
1474 3557 1475 3580 ι

423 3711 463 3750 ιο.
469 3695 652 3787 οῦραναῦΒ.
672 3695 842 3752 Holutenius.
860 3695 996 3767 ἀνθρώπου
1014 3695 1164 3752 emendavit
1181 3705 1213 3752 ut
1231 3694 1420 3784 ςραοῑαιιρςε
1440 3695 1475 3749 Αι

387 3783 429 3821 11.
448 3767 495 3820 οὐκ
509 3766 596 3837 ἅγνοιι
586 3766 696 3838 φῦσιν
707 3767 760 3821 hoc
777 3767 871 3822 ordine
889 3786 913 3822 a.
907 3719 1049 3838 ρφύσιν’
1022 3789 1068 3822 ουκ
1062 3766 1177 3858 ιῖγνοεῖ,
1189 3765 1371 3850 φόσινΒ.φυ
1372 3789 1419 3820 σιν
1431 3767 1475 3820 οὐιι

384 3837 469 3907 φησίν
480 3836 534 3892 Ed
672 3836 767 3892 1-6
787 3835 1211 3931 όΥίὸς-λόγοςτόνὸρουεᾱίὼ.
1225 3839 1391 3928 όυίὸςτηρει
1380 3833 1475 3890 55r5

383 3909 463 3963 αὐτοῦ
474 3907 609 3964 τουτέστιν
620 3907 683 3963 ὅλον
672 3853 821 3978 3ίγει
763 3929 803 3963 συ
804 3910 934 3978 ζ’όμινον
921 3933 948 3963 εν
960 3911 1084 3982 ἐαυτῷ
1054 3932 1099 3980 της
1111 3910 1202 3967 οὐσίας
1214 3909 1293 3962 αὐτου
1280 3906 1375 3962 ‘''r5r
1359 3923 1433 3988 ορον·
1448 3907 1475 3975 δι

383 3978 675 4051 όλόγοςτὸνόρον.(
664 3977 822 4064 (Deindere
856 3988 977 4049 teuspro
989 3998 1071 4045 more,
1084 3977 1475 4068 αΙὶαυαυςιιΙιιαιηιιοοοι-τίραα

383 4049 453 4103 καλό
465 4047 701 4120 Χριστὸςοῖῦτν
670 4049 759 4118 μενέξ
770 3997 890 4104 ῦνέόιτιν
901 4051 1051 4104 τὸνέαυτοῦ
1094 4052 1303 4138 ννητόρα,τηρει
1309 4049 1338 4102 55
1352 4049 1403 4102 τὸν
1414 4050 1475 4118 λόγι

383 4119 519 4174 τουτέστιν
531 4121 546 4174 5
563 4142 584 4173 ει
596 4121 743 4188 σωζόμενον
754 4119 944 4207 όλοιιλίγρωςέν
955 4121 1045 4192 ἑαυτῷ.
1059 4071 1093 4175 5
1104 4123 1118 4174 5
1130 4122 1185 4176 υίὸς
1200 4115 1303 4174 οἶδε
1271 4139 1319 4188 μεν
1331 4119 1379 4172 τὸν
1391 4120 1475 4172 5avro

501 4191 639 4260 aran
649 4191 772 4262 λόγον
742 4193 829 4256 αυτοῦ,
841 4188 977 4245 τουτέστιν
988 4189 1051 4244 ὅλον
1062 4191 1116 4261 ἔχει
1132 4192 1278 4278 σωζόμενον
1291 4189 1319 4245 έν
1330 4191 1418 4261 ἑαυτῷ
1436 4190 1475 4256 τῆ

383 4260 462 4314 αὐτου
450 4262 521 4316 τὸν
501 4211 601 4330 ὅρον
620 4261 695 4330 δηλοῖ
712 4260 779 4346 γιλρ,δ
780 4263 795 4314 5
812 4263 893 4352 λόγος
907 4260 948 4314 καλ
959 4260 1006 4314 τὸν
1017 4259 1087 4330 ὅρον
1100 4278 1124 4314 a.
1137 4283 1208 4329 της
1198 4261 1253 4314 555
1267 4261 1313 4315 τόν
1323 4259 1455 4330 λόγον
1423 4281 1475 4313 αυτ

383 4330 477 4422 ἔχρν’
463 4353 491 4386 ιν
500 4332 579 4385 dam
593 4332 779 4401 σωζόμενον
749 4351 794 4400 της
805 4331 897 4388 οὐσιας
907 4331 986 4384 αὐτου
973 4329 1137 4420 [ἑαυτοῦδ.
1139 4349 1162 4386 c.
1188 4330 1257 4386 τόν·
1242 4347 1310 4400 ορον·
1323 4331 1450 4399 δηλοῖ
1417 4352 1473 4402 γαρ

384 4421 425 4454 και
416 4401 507 4456 '⁶555
492 4423 561 4470 ορον.
591 4419 623 4456 ..ο
635 4401 716 4456 Cord.
726 4403 741 4454 5
753 4401 807 4457 υίός
818 4397 916 4456 οἶδε
884 4423 932 4470 μεν
940 4401 970 4470 ἐξ
982 4401 1042 4456 ὤν’
1028 4423 1086 4457 εστι
1098 4403 1143 4456 τὸν
1151 4403 1243 4456 ἑαυτοῦ
1254 4401 1408 4472 γεννίγτορα,
1418 4422 1475 4471 τηρ

383 4471 505 4541 λόγον’
476 4475 562 4538 αυτοῦ,
569 4471 703 4526 τουτέστιν
714 4471 729 4524 5
746 4493 768 4524 ει
781 4473 928 4542 σωζόμενον
939 4471 1115 4562 όλοιιλήρυς’
1101 4493 1129 4526 εν
1141 4473 1221 4560 ἑαυτῷ
1234 4473 1279 4526 τὸν
1290 4475 1337 4526 τοῦ
1347 4474 1455 4542 πατρὸς
1468 4473 1475 4525 ί

387 4555 429 4611 19.
448 4541 562 4596 ἐπλΒαι.
574 4542 629 4596 em}
643 4542 692 4596 Ht.
706 4495 838 4636 Εὐ..
918 4557 962 4606 11,
976 4557 1019 4598 11.
1037 4541 1209 4598 ίοτίν-ιιοτὰ
1220 4541 1305 4614 φυσιν
1315 4551 1466 4613 assumpta

385 4610 677 4678 ρατςὶιυειτεύἰαῦηο
691 4609 773 4664 Gord.
