3082 5112
318 377 387 445 350
614 381 654 450 Β.
678 381 887 449 CYRILLI
916 375 1208 450 ALEXANDR.
1320 381 1386 448 xiii.
1402 401 1446 460 10,
1459 399 1490 446 τι

372 765 478 834 πόδαι
505 766 669 850 νίψασθαι,
696 770 767 834 ἀλλ’
793 769 863 837 ἔστι
890 769 1033 858 καθαρός
1058 770 1147 838 ὅλοι·
1183 768 1237 834 καί
1263 763 1355 844 ὑμεῖς
1382 780 1490 854 καθαρι

271 909 306 951 11
372 891 458 976 ἑατε,
488 892 557 957 ἀλλ’
593 893 663 981 οὐχί
697 895 827 960 πάντες·
869 893 942 986 ᾔδει
972 895 1033 984 τὰρ
1063 893 1120 962 τόν
1150 892 1376 983 παραδιδόντα
1407 891 1490 956 αὐτόι

372 1015 425 1084 διὰ
452 1023 557 1084 τοῦτο,
578 1011 669 1086 εἶπεν
695 1021 748 1087 ότι
773 1020 844 1108 οὐχί
869 1020 991 1087 πάντες
1018 1018 1156 1110 καθαροί
1182 1019 1267 1092 ἐστε,

377 1213 530 1320 Δέχεται
547 1212 612 1315 μέν
629 1217 668 1296 ἐκ
689 1223 763 1297 τῶν
779 1218 861 1299 καθ’
882 1217 974 1318 ἡμᾶς
998 1214 1078 1298 ἀπὸ
1096 1223 1215 1297 κοινοῦ
1238 1214 1451 1320 πράγματος
1473 1246 1490 1291 ι

291 1337 561 1442 επαροίδειγμα,
596 1339 809 1446 εὐαφόρμιος
844 1374 883 1422 τε
919 1337 1126 1445 διαπρόττει
1167 1345 1220 1448 τῷ
1256 1338 1418 1443 προδότη
1453 1335 1490 1416 τό

320 1457 484 1567 ἔλεγχον,
502 1463 798 1564 μεταβοόλεσθαί
820 1498 860 1545 τε
887 1461 1070 1544 διδάσκων
1097 1466 1158 1543 καὶ
1186 1461 1443 1563 μετατίθεσθαι
1468 1465 1490 1540 εί

320 1584 396 1692 ἕξιν
420 1583 487 1686 τὴν
511 1585 643 1686 ἀμείνω
669 1583 735 1667 τόν
761 1585 964 1690 ἄνθρωπον.
1003 1592 1033 1667 εί
1060 1585 1218 1690 γὰρκαὶ
1245 1587 1346 1666 οὕτω
1373 1587 1490 1686 γυμνιί

319 1712 383 1808 τῆς
418 1708 569 1811 ἐνούσης
601 1709 697 1818 αὐτῷ
731 1711 954 1806 δυσβουλίας
983 1709 1178 1814 ἀπελέγχει
1210 1707 1257 1790 τὰ
1288 1705 1490 1812 ἐγκλήματα

318 1833 403 1911 ἀλλ’
430 1833 494 1914 οὖν
520 1865 564 1934 γε
596 1835 756 1936 δριμεῖαν
782 1833 803 1913 ό
833 1831 946 1935 λόγος
975 1832 1047 1939 ἔχει
1074 1831 1142 1933 τὴν
1169 1831 1343 1939 ἔμφασιν.
1396 1831 1441 1910 δι’
1470 1823 1490 1906 ιί

318 1952 391 2058 γὰρ
417 1961 492 2040 τοῖς
518 1955 649 2041 σίλλοις
678 1954 744 2057 τὴν
771 1961 820 2041 είς
849 1955 1054 2062 ὁλόκληρον
1081 1953 1310 2059 καθαρότητα
1337 1985 1490 2055 μαρτυρι

319 2080 481 2161 ὕποπτον
501 2076 669 2180 δηλονότι
692 2077 757 2161 τόν
779 2078 831 2182 μὴ
855 2087 1017 2161 τοιοῦτον
1036 2079 1243 2180 καθίστησι,
1264 2080 1323 2158 καὶ
1349 2085 1490 2177 μεμολι

319 2201 454 2301 σμένον
475 2201 708 2284 ἀποδεικνύει.
749 2210 824 2288 τοῖς
850 2201 917 2304 μέν
940 2201 1013 2306 γὰρ
1039 2201 1169 2306 ἑτέροις
1194 2204 1304 2282 αὐτου
1286 2205 1490 2354 μαθηταί

152 2349 269 2411 πᾶα.
290 2329 378 2408 ικαὶ
395 2325 438 2408 τό
456 2331 521 2428 τῆς
542 2323 820 2432 ἀπεριοπαστου
843 2326 1080 2431 προσεδρείας
1103 2323 1281 2480 κατίχημρ,
1297 2330 1357 2404 καὶ
1373 2324 1442 2404 τὸν
1460 2329 1490 2403 ιτ

309 2444 621 2602 ἀκολουθησεως
632 2449 756 2546 πόνον,
788 2451 848 2530 καὶ
883 2447 927 2530 τό
962 2448 1164 2546 βείθαιον’
1145 2483 1184 2529 εν
1213 2449 1347 2546 πίστει,
1379 2450 1445 2528 καὶ
1483 2479 1490 2526 ι

317 2576 501 2678 πλῆρες’
483 2609 521 2654 εν
546 2570 672 2680 ἀγάπη
698 2579 745 2680 τῇ
771 2606 854 2679 περι
839 2569 1116 2678 Χριστόν,
1075 2606 1142 2672 την
1165 2569 1398 2676 καθαρότητα
1427 2605 1490 2675 πρι

319 2697 425 2806 ξενεῖ·
459 2702 513 2807 τῷ
537 2694 651 2800 γεμὴν
674 2696 793 2806 ἑτέρῳ,
818 2699 878 2777 καὶ
904 2693 993 2776 αὐτὸ
1019 2699 1085 2796 τῆς
1111 2693 1307 2796 ἀπλήστου
1333 2701 1490 2802 φιλοχρι

319 2820 448 2920 ματίατ
474 2819 518 2903 τό
545 2821 720 2925 ἔγκλημα,
746 2822 806 2901 καὶ
833 2817 876 2900 τό
904 2816 1054 2904 ἀσθενές
1080 2824 1131 2904 είς
1157 2817 1319 2900 διάθεσιν
1344 2817 1417 2918 τὴν
1446 2851 1490 2898 πι

318 2943 384 3026 τόν
415 2943 551 3050 Κύρων
587 2944 689 3046 ἡμῶν
704 2943 863 3046 1Ἰησοῦν
893 2941 958 3024 τόν
988 2939 1165 3047 Χριστὸν,
1197 2941 1264 3043 τὴν
1295 2940 1490 3022 ἀνέκπλυτ

319 3073 451 3171 κηλῖδα
476 3069 749 3173 προστρίβεται,
776 3068 836 3148 καὶ
862 3069 927 3166 τῆς
956 3066 1179 3171 ἀσυγκρίτου
1205 3066 1438 3161 δυσβουλίας
1466 3099 1490 3142 τ

319 3189 515 3292 μολυσμὸν
537 3193 685 3292 ἐμποιεῖ.
723 3188 812 3272 όταν
839 3189 960 3271 τοίνυν
987 3189 1080 3296 λέγη
1107 3187 1272 3294 Χριστός
1291 3186 1400 3290 Ἤδη
1433 3195 1490 3294 όμι

284 3313 461 3423 διιαθιιροί
487 3316 572 3413 ἔστι,
590 3317 676 3396 ἀλλ’
697 3318 771 3413 οὐχί
800 3310 937 3412 πάντες,
955 3311 1196 3415 κεκρυμμένον
1220 3310 1286 3414 μέν
1310 3313 1407 3410 ἐστι,
1427 3321 1490 3392 πλ

319 3441 491 3546 ε’πιοφελῆ
517 3442 569 3545 τῷ
592 3433 753 3542 προδότῃ
776 3441 928 3518 ποιεῖται
946 3433 1010 3516 τὸν
1029 3433 1194 3542 ἔλεγχον.
1232 3440 1263 3516 εί
1287 3433 1361 3538 γὰρ
1387 3437 1460 3514 καὶ
1485 3483 1490 3534 η

320 3559 390 3667 ἔφη
418 3565 560 3668 σαφῶς,
578 3559 741 3664 καθάπερ
768 3559 898 3663 ἀρτίως
924 3557 1123 3662 εἰρήκαμεν,
1140 3560 1226 3639 ἀλλ’
1244 3556 1289 3660 ἦν
1313 3560 1352 3638 ἐν
1378 3555 1490 3638 ἑκιιίοτ

320 3680 463 3786 δικάζον
481 3681 524 3763 τὸ
542 3683 717 3782 συνειδὸς,
734 3685 794 3765 καὶ
811 3687 1017 3764 διακεντοῦν
1035 3681 1100 3763 τόν
1117 3678 1360 3786 ἡμαρτηκότα,
1378 3683 1452 3762 καὶ
1471 3713 1490 3760 ι

319 3811 394 3886 τῶν
411 3804 601 3910 είρημένων
620 3805 770 3908 δύναμιν
787 3804 950 3909 καθάπερ
974 3803 1018 3914 ἐξ
1039 3803 1199 3910 ἀνάγκης
1223 3813 1361 3886 καλοῦν
1379 3806 1451 3886 ἐπὶ
1476 3839 1490 3885 ι

320 3929 495 4010 ὑπαίτιον.

376 4050 514 4134 Ἐννόει
539 4051 577 4134 δὲ
601 4051 699 4140 ὅπως
723 4054 924 4156 οἰκονομίας
951 4051 1048 4140 τινός
1073 4055 1133 4133 καὶ
1157 4057 1380 4156 θεοπρεποῦς
1403 4053 1490 4161 τίνειΙ

320 4176 445 4262 κακίας
468 4173 512 4258 τό
538 4183 692 4282 πρᾶγμα
717 4176 962 4283 πεπλήρωται·
993 4182 1023 4258 εί
1049 4177 1122 4282 γὰρ
1149 4175 1220 4285 ἔφη
1248 4181 1399 4282 σαφῶς,
1431 4180 1490 4263 τίς

320 4385 609 4550 ..ιι
702 4385 1490 4592 ww&

320 4528 480 4582 alt...01nE
532 4527 690 4584 όνέκιτλυτον
747 4527 978 4587 &rithmum
1184 4543 1228 4586 22.
1245 4549 1339 4586 ms

320 4597 407 4652 πάντα
408 4597 486 4654 end.
556 4595 902 4670 &adlegandumneint
