3200 5092
92 317 215 390 rfitzfi.
266 327 332 393 IN
361 331 398 396 8.
423 332 693 400 JOANNEM.
738 335 834 400 LIB.
849 335 892 400 V.
936 333 1039 400 CAP.
1062 333 1123 398 IV.
1261 328 1305 394 2⁷

90 487 157 592 γὰρ
171 489 350 589 μάλιστα
368 497 571 602 θαυμάζειν
589 501 695 608 ἀξιον
712 503 777 599 τῆς
794 534 833 580 τε
849 498 1071 606 ἀνεξικακίας
1095 495 1137 577 τό
1157 493 1301 598 μέτρον,

89 617 142 690 καὶ
167 620 234 714 τῆς
263 621 429 722 ἐνούσης
457 625 559 732 αὐτῷ
589 625 863 732 φιλανθρωπίας
892 623 959 723 τὴν
986 618 1205 725 ὑπερβολήν·
1246 616 1306 696 διὰ

88 747 189 820 τοῦτο
214 747 279 822 καὶ
307 746 501 848 όΠέτρος
525 744 734 830 ἐπιστέλλει
759 751 839 850 περὶ
863 749 972 827 αὐτοῦ
990 743 1096 831 “Ὀς
1114 741 1299 844 λοιδοροῦ·
1349 731 1464 861 ,ᾗξθῑ

88 874 108 908 “
121 897 230 962 μενος
255 870 326 948 οῦκ
354 870 614 974 ἀντελοιδόρει,
632 870 788 978 πάσχων
805 873 869 951 οῦκ
886 871 1037 971 ἠπείλει,
1058 869 1246 973 παρεδίδου
1265 866 1334 946 δία
1360 879 1471 935 514A.

60 997 108 1066 5⁸
123 995 175 1094 τῷ
205 993 377 1090 κρίνοντι
409 993 586 1079 δικαίως.”
627 997 756 1075 οὐκοῦν
784 995 966 1074 ἀναλῶσω
996 997 1091 1099 φησὶ
1123 993 1187 1072 τόν
1213 990 1305 1096 πρὸς

88 1113 177 1208 ὑμᾶς
204 1123 276 1194 νῦν
299 1115 480 1215 μάλιστα
507 1117 631 1221 λόγον,
654 1120 718 1198 οῦκ
744 1120 798 1225 ἐφ’
819 1118 871 1203 οἷς
900 1121 982 1217 ὑμῖν
1002 1117 1093 1202 ἔθος·
1124 1121 1173 1202 είς
1197 1125 1305 1222 φιλο-

88 1237 224 1340 ψσγίας
251 1239 439 1339 δηλονότι
469 1247 528 1323 καὶ
555 1242 622 1343 τὴν
645 1245 698 1324 ἐπ’
719 1246 831 1323 οὐδενὶ
855 1250 929 1323 τῶν
950 1243 1139 1348 χρησίμων
1160 1238 1300 1343 τριβήν·

87 1360 186 1440 ἀλλὰ
204 1361 252 1444 τό
273 1367 417 1468 κρίνειν
435 1369 527 1466 ὑμᾶς
546 1373 656 1474 καιρῷ
673 1366 835 1471 τηρήσας
852 1372 904 1475 τῷ
921 1367 1109 1470 πρέποντι,
1131 1371 1203 1444 τῶν
1223 1366 1305 1462 ὑμῖν

88 1489 366 1590 συμφερόντων
385 1490 590 1597 ἀνθέξομαι
607 1495 748 1590 καὶτῆς
767 1497 814 1576 εἰς
840 1493 930 1590 ὑμᾶς
958 1492 1021 1570 οὐκ
1046 1486 1304 1588 ἀποστήσομαι

47 1639 77 1680 ¹³
88 1617 246 1712 φειδοῦς,
266 1611 341 1694 κάν
360 1615 407 1722 ἐξ
429 1618 600 1700 ἀπονοίας
626 1620 691 1714 τῆς
717 1615 866 1716 ἐνούσης
894 1617 976 1713 ὑμῖν
998 1613 1178 1698 ἀσυνέτως
1204 1614 1303 1714 ὑβρί-

89 1735 172 1836 ζετε.
214 1735 358 1840 ἔλεγον
375 1739 498 1820 τοίνυν
514 1738 606 1843 πρός
630 1743 721 1838 ὑμᾶς
744 1740 873 1842 ἀρτίως
891 1750 912 1787 “
927 1739 1028 1840 Ἐγώ
1056 1743 1125 1835 εἶμι
1153 1735 1195 1816 τὸ
1223 1743 1303 1842 φῶς

90 1871 110 1905 “
126 1870 194 1940 τοῦ
221 1861 389 1961 κόσμου·
422 1865 443 1943 ό
471 1867 682 1944 ἀκολουθῶν
698 1865 774 1963 ἐμοὶ
797 1866 839 1943 οῦ
862 1861 913 1963 μὴ
937 1859 1173 1963 περιπατήσει
1196 1863 1234 1940 ἐν
1256 1866 1337 1966 τῇδ

91 1995 110 2030 ‘¹
128 1989 284 2094 σκοτίᾳ,
311 1987 403 2066 ἀλλ’
429 1987 501 2094 ἕξει
528 1987 570 2068 τό
599 1994 678 2094 φῶς
704 1993 767 2087 τῆς
794 1987 920 2092 ζωῆς·”
959 1989 1017 2068 ε’πὶ
1042 1985 1158 2093 τούτῳ
1185 2017 1302 2086 παρα-

91 2108 214 2212 λόγως
243 2109 508 2216 ἀσχάλλοντες
534 2114 729 2211 ἀνατηδᾶτε
760 2117 892 2214 δριμεῖς
921 2123 942 2159 “
956 2109 1010 2191 Σῦ
1037 2113 1118 2214 περὶ
1147 2117 1303 2188 σεαυτοῦ
1348 2124 1387 2174 lb·
1399 2137 1437 2188 13·

49 2265 79 2322 15
92 2245 113 2278 “
129 2242 344 2339 μαρτυρεῖς,
363 2238 591 2330 ἀναβοῶντες
608 2234 775 2334 ἐκτόπως,
793 2238 815 2335 ἡ
833 2237 1010 2339 μαρτυρία
1028 2269 1098 2315 σου
1116 2235 1180 2314 οὐκ
1202 2232 1302 2314 ἔστιν

93 2371 113 2404 “
129 2359 315 2460 ἀληθὴς.”
353 2357 446 2461 πρός
469 2359 514 2460 δι)
532 2359 742 2441 τὰτοιαῦτα
757 2358 871 2441 πόλιν
889 2361 959 2462 ἐγώ
978 2371 1000 2406 “
1017 2356 1099 2439 Κάν
1117 2357 1187 2461 ἐγὼ
1204 2393 1299 2460 μαρ-
1348 2379 1389 2432 1b.
1400 2391 1438 2446 ιιμ

92 2493 114 2528 “
131 2491 233 2586 τνρῶ
264 2488 352 2587 περὶ
386 2487 551 2583 ἐμαυτοῦ,
579 2482 716 2585 ἀληθής
747 2487 848 2564 ἐστιν
877 2486 899 2585 ἡ
929 2484 1105 2587 μαρτυρία
1132 2517 1218 2582 μου,
1248 2482 1303 2562 ὅτι

1348 1733 1431 1814 Βρρη

1348 1815 1399 1850 vm.
1413 1813 1450 1848 ιτ.

93 2619 115 2652 “
129 2605 214 2688 οἶδα
231 2609 352 2690 πόθεν
370 2606 487 2707 ἦλθον
504 2613 563 2688 καὶ
580 2616 652 2690 ποῦ
670 2608 831 2712 ῦπάγω.”
864 2606 950 2688 ἀλλ’
969 2614 999 2687 εί
1018 2611 1111 2687 δοκῶ
1137 2641 1190 2691 τις
1215 2603 1303 2687 εἶναι

93 2733 284 2838 φορτικὸς,
311 2741 431 2812 ταῦτα
457 2731 578 2834 λέγων
605 2736 643 2813 έν
670 2736 762 2832 ὑμῖν,
786 2739 817 2812 εί
844 2731 895 2833 μὴ
923 2730 1044 2816 δεκτός
1070 2738 1140 2831 είμι
1167 2729 1303 2833 μάρτυς

50 2860 171 2958 amp}
213 2865 293 2936 τῶν
332 2859 412 2954 ἐμοὶ
452 2857 667 2961 προσόντων
701 2855 915 2964 ἀξιωμάτων
951 2863 1127 2961 φυσικῶν,
1164 2861 1249 2935 ἀλλ’
1287 2865 1333 2937 όο

94 2979 256 3086 πέμψας
284 3017 335 3086 με
362 2978 489 3074 ἀλφός
515 2984 586 3062 ἐστι
616 2979 716 3083 κάγά
744 2979 770 3062 ἀ
799 2978 927 3075 ἥκουσα
954 2985 1035 3082 παρ’
1066 2982 1166 3060 αὐτοῦ
1193 2982 1304 3060 ταῦτα

95 3105 200 3184 mi
226 3115 278 3192 εἰς
307 3107 364 3186 τὶν
395 3107 530 3209 κόσμον.
577 3112 798 3206 ταυτολογῶ,
826 3107 931 3212 φησὶ,
959 3110 1011 3210 τῷ
1039 3102 1229 3210 πέμψαντί
1258 3138 1303 3198 με

98 3233 225 3334 Πατρὶ,
256 3227 414 3336 συνφδά
441 3235 516 3312 τοῖς
542 3229 675 3308 ἐκείνου
702 3228 907 3334 φθέγγομαι
938 3229 1107 3332 ῥήμασιν,
1137 3227 1191 3307 ότι
1224 3233 1304 3334 φῶς

95 3357 161 3452 εἶμι
192 3353 294 3434 κατά
325 3352 444 3460 φύσιν
473 3351 593 3432 είπῶν.
645 3349 738 3455 ἀπερ
769 3352 832 3431 οὖν
861 3349 991 3445 ἥκουσα
1021 3350 1190 3454 λέγοντος
1222 3355 1303 3456 περὶ

53 3479 180 3574 ῖὸίμοῦ
212 3485 285 3558 τοῦ
318 3483 419 3556 Θεοῦ
453 3477 512 3556 καὶ
547 3475 702 3578 Πατρός,
729 3478 842 3557 ταῦτα
873 3475 980 3556 λωλά
1008 3483 1053 3561 είς
1083 3476 1135 3556 τόν
1165 3476 1299 3582 κόσμον.

96 3603 224 3682 οὐκοῦν
241 3605 275 3680 εί
300 3599 484 3707 φείδομαι
509 3600 591 3679 καθ’
612 3601 710 3696 ὑμᾶς,
730 3601 788 3678 καὶ
806 3600 870 3677 οὐκ
889 3597 1028 3698 ἀληθής
1045 3601 1146 3678 ε’στιν
1165 3600 1186 3698 ἡ
1205 3634 1299 3700 μαρ-

95 3727 198 3826 τυρία
223 3759 315 3823 μον,
337 3729 589 3830 προεφεῦσθαι
613 3721 755 3807 πάντως
783 3724 978 3824 ἀναγκαῖον
996 3724 1086 3822 ὑμᾶς
1112 3727 1220 3802 εἰπεῖν
1238 3723 1303 3802 τὸν

99 3849 261 3950 Πατέρα.
309 3849 398 3926 ἀλλ’
427 3847 514 3927 ἔστιν
542 3845 679 3942 ἀληθής·
714 3849 842 3926 οὐκοῦν
869 3847 912 3927 οῦ
939 3845 1163 3952 διέφευσμαι,
1186 3849 1244 3926 καὶ
1272 3851 1336 3926 eid

100 3971 243 4072 μὴτοῖς
263 3969 351 4074 παρ’
372 3973 459 4069 ἐμοῦ
477 3973 740 4071 καταπείθησθε
762 3969 895 4074 λόγοις,
914 3968 1166 4070 δυσωπήθητε,
1189 3970 1299 4074 φησὶ,

55 4093 161 4182 3οτἀς
192 4104 261 4177 τοῦ
293 4092 512 4200 πέμψαντός
543 4129 586 4194 με
620 4093 753 4201 φωνάς.
802 4094 841 4173 τί
869 4094 940 4197 γάρ
973 4093 1043 4200 ἔφη
1075 4095 1157 4194 περὶ
1189 4093 1298 4190 έμοῦ;

1269 4213 1280 4241 λ
1346 4209 1421 4260 Zach.
1433 4211 1467 4260 vi.

102 4231 122 4268 “
136 4219 232 4302 Ἱδοῦ
255 4217 362 4324 ἀνὴρ,
381 4215 565 4318 Ἀνατολὴ
590 4217 703 4318 ὄνομα
729 4219 859 4326 αότῲ·”
889 4221 947 4298 καὶ
971 4215 1085 4298 πόλιν
1106 4211 1196 4318 πρός
1220 4249 1302 4300 τους
1350 4289 1387 4324 η

135 4433 172 4490 18.
191 4433 276 4490 ια’θιν
288 4429 389 4504 ἦλθον]
402 4431 484 4486 πόθεν
495 4430 557 4498 εἶμί,
568 4429 649 4486 πόθεν
659 4429 741 4499 ἦλθον
752 4448 801 4502 ρτο
813 4447 888 4485 more
901 4430 933 4485 B.
949 4429 1039 4484 Holst.
1201 4445 1215 4483 2
1236 4470 1243 4485 .
1261 4429 1303 4484 καί

100 4507 194 4580 ny&
206 4525 233 4560 ι.
362 4519 405 4569 ²4·
424 4502 503 4558 εἰπὸν
515 4511 577 4555 ante
588 4501 627 4556 ὅτι
640 4502 789 4573 transponit
801 4519 825 4555 a.
940 4517 955 4555 τ
977 4541 982 4554 .
1002 4501 1139 4570 ἀναγκαῖον
1152 4499 1185 4554 B.
1232 4501 1303 4573 igne.

96 4579 233 4650 ιἠμίυσ
247 4577 303 4634 Et
316 4573 458 4646 ἀναγκαῖος
471 4571 546 4627 Aub.
653 4589 696 4642 29.
715 4570 901 4626 κατοπείθεσθε
915 4571 948 4625 Β.
992 4579 1012 4624 t.
1024 4569 1151 4638 πείθησθε
1163 4588 1187 4624 n.

687 4671 743 4718 Η
