3238 5114
80 357 175 422 xvii.
193 377 306 446 12‚13.
344 356 736 426 INS.JOANNEM.
782 357 880 422 LIB.
903 357 965 422 XI.
1011 357 1114 424 OAP.
1132 358 1192 424 IX.
1238 361 1302 426 ⁷03

83 519 131 602 δέ
160 529 324 622 μᾶλλον.
363 528 415 631 τῷ
444 523 515 627 γὰρ
544 532 651 605 τοῦτο
676 521 828 623 μαθόντι
855 527 968 624 μετῆν
997 507 1113 624 δήπου
1143 523 1300 622 πάντως,

85 643 201 750 ε’ίπερ
233 645 433 748 ἠβουλήθη,
464 651 522 728 καὶ
550 645 849 749 παραιτήσασθαι
887 649 945 728 καὶ
982 647 1224 756 φυλάξασθαι
1259 645 1302 728 τό

86 777 244 868 παθεῖν,
279 769 529 877 προαιρετικὴν
564 770 683 876 ἔχοντι
722 769 788 872 τήν
826 772 881 878 ἐφ’
921 770 1010 876 ὅπερ
1047 769 1093 851 ἀν
1128 771 1302 866 βούλοιτο

89 892 229 997 ῥοπήν·

51 1035 74 1097 5
154 1017 267 1098 Ἀλλ’
304 1017 394 1104 ἴσως
426 1021 514 1123 ἐρεῖς
554 1025 640 1104 Πῶς
672 1019 736 1098 οὖν
769 1014 820 1097 ἔτι
851 1015 1043 1120 τετήρηκεν
1075 1019 1095 1098 ὁ
1127 1016 1301 1122 Χριστὸς,

94 1145 128 1220 εἰ
147 1147 230 1224 ταῖς
247 1147 321 1222 τῶν
341 1144 440 1224 ίδίων
458 1142 673 1244 θελημάτων
695 1143 822 1246 ῥοπαῖς
844 1143 902 1222 καὶ
920 1150 1179 1247 προαιρετικοῖς
1198 1141 1335 1244 κινή-ι)

94 1297 228 1364 μασιν,
256 1270 290 1346 οί
321 1264 389 1364 μέν
414 1266 486 1372 ἔξω
514 1265 664 1346 δικτύων
693 1268 911 1358 διαβολικῶν
940 1266 1165 1368 εὑρίσκονται
1196 1300 1303 1368 γεγο-

98 1387 214 1486 νότες,
233 1389 312 1488 ἥλω
331 1387 369 1468 δέ
388 1389 497 1487 μόνος
514 1388 651 1473 Ἰούδας
675 1387 775 1492 παρὰ
793 1387 931 1472 πάντας
950 1390 969 1468 ό
988 1389 1166 1486 δείλαιος,
1196 1395 1303 1469 ποῖον

98 1511 166 1590 οῦν
204 1512 275 1616 ἀρα
307 1513 432 1616 γε’γονε
470 1511 513 1592 τῦ
549 1515 587 1592 ἐκ
627 1516 691 1612 τῆς
726 1511 849 1592 ἐνθάδε
883 1511 1079 1614 λεγομένης
1118 1511 1303 1617 τηρήσεως

33 1675 85 1716 ιο
99 1633 264 1742 ὅφελος;

158 1755 267 1840 Ἀλλ’
287 1756 316 1840 ῶ
339 1767 487 1863 γενναῖε,
507 1759 622 1840 πάλιν
642 1761 788 1862 ἐροῦμεν
805 1759 913 1858 ἡμεῖς,
934 1757 1028 1860 καλή
1051 1758 1117 1859 μέν
1135 1759 1158 1860 ἡ
1177 1763 1299 1866 νῆψις,

101 1882 388 1985 ἐπωφελεστάτη
406 1881 444 1963 δέ
461 1883 610 1990 σφόδρα
627 1887 691 1981 τῆς
709 1883 879 1986 ἡμετέρας
897 1885 1052 1966 διανοίας
1067 1881 1089 1984 ἡ
1103 1883 1301 1991 ἀσφάλεια,

90 1989 165 2085 ’καὶ
187 2003 230 2086 τὸ
255 2005 433 2086 σύντονον
457 2009 598 2106 θέλημα
624 2004 715 2110 πρὸς
740 2007 985 2108 ἀγαθουργίαν
1003 2009 1061 2086 καὶ
1090 2013 1138 2092 είς
1168 1993 1298 2110 κατόρ-

103 2134 220 2208 θωσιν
237 2132 376 2233 ἀρετῆς·
408 2129 705 2232 κατεργασόμεθα
722 2128 791 2233 γὰρ
803 2131 896 2210 οῦτω
914 2139 937 2176 “
947 2128 1014 2229 τὴν
1027 2133 1162 2210 ἑαυτῶν
1175 2165 1297 2232 σωτη-

46 2289 89 2351 15
106 2262 128 2302 “
144 2254 260 2355 ρίαν·”
295 2252 395 2354 πλὴν
416 2255 481 2335 οῦκ
508 2255 651 2358 ἀρκέσει
679 2261 786 2334 τοῦτο
813 2257 872 2333 καὶ
899 2251 1011 2352 μόνον
1038 2259 1084 2359 τῇ
1111 2255 1331 2359 ἀνθρώπουο

105 2379 222 2482 ψυχῇ*
274 2381 383 2458 δεῖται
420 2376 492 2481 γὰρ
521 2378 722 2480 ἀναγκαίως
753 2380 817 2475 τῆς
850 2373 987 2457 ἀνωθεν
1019 2377 1211 2480 συνεργίας
1244 2380 1303 2458 καὶ

106 2498 261 2604 χάριτος,
279 2499 577 2608 ἐξευμαριζούσης
596 2501 686 2604 αὐτῇ
705 2496 750 2580 τά
773 2497 966 2600 δυσήνντα,
986 2501 1136 2599 εύστιβῆ
1161 2500 1199 2581 δέ
1220 2501 1305 2580 λίαν

108 2623 356 2724 ἀποτελούσης
380 2621 446 2723 τὴν
467 2622 601 2724 ἀνάντη
624 2625 683 2703 καὶ
705 2624 970 2728 τετραχυμένην
986 2628 1050 2724 τῆς
1076 2623 1304 2725 δικαιοσύνης

109 2745 202 2828 ὁδόν.
239 2747 294 2828 ὅτι
322 2744 395 2848 γάρ
413 2745 515 2827 οὐδὲν
533 2747 628 2831 όλως
655 2744 702 2828 τὰ
729 2747 814 2850 παρ’
835 2748 948 2847 ἡμῶν,
967 2753 997 2828 εί
1024 2745 1074 2848 μὴ
1103 2747 1149 2828 τά
1175 2751 1215 2829 ἐκ
1240 2751 1305 2848 τῆς

55 2909 96 2948 20
111 2872 203 2956 θείας
229 2871 468 2976 προσγένοιτο
495 2871 654 2975 χάριτος,
679 2869 783 2950 άκουε
810 2877 969 2967 βοῶντος
998 2879 1062 2951 τοῦ
1090 2871 1305 2978 ψάλλοντος

111 3007 131 3042 “
149 2995 239 3075 Ἐἀν
265 2993 315 3094 μὴ
344 2995 476 3097 Κύριος
501 2991 721 3098 οῖκοδομήση
747 2990 857 3090 οἶκον,
885 2999 932 3077 είς
961 2981 1080 3094 μάτην
1106 2996 1305 3074 ἐκοπίασαν

112 3127 133 3166 “
149 3123 181 3200 οἱ
207 3122 474 3218 οἰκοδομοῦντες
502 3115 623 3198 αὐτόν·
668 3116 730 3196 ἐὰν
758 3115 810 3218 μὴ
840 3116 973 3222 Κύριος
1003 3114 1154 3226 φυλάξη
1182 3119 1304 3217 πόλιν,

112 3251 133 3289 “
151 3247 197 3326 είς
215 3240 333 3342 μάτην
350 3241 585 3346 ήγρύπνησεν
604 3241 623 3320 ό
644 3237 889 3347 φυλάσσων.”

166 3369 305 3469 Χρῆναι
336 3365 380 3464 δή
409 3365 472 3446 οῦν
501 3366 704 3467 ἀναγκαίως
732 3365 826 3469 φημὶ
855 3365 947 3464 ἡμᾶς
977 3363 1043 3463 μέν
1070 3363 1137 3466 τήν
1169 3364 1306 3445 οἴκοθεν

62 3535 78 3576 2
84 3529 101 3591 5
115 3489 317 3593 είσκομίζειν
339 3487 545 3592 ἐγκράτειαν
565 3491 623 3568 καὶ
648 3487 714 3588 τὴν
732 3485 907 3594 φιλόθεον
930 3488 1006 3596 ἕξιν
1024 3487 1339 3588 ἐπιτηδεύοντας·,(1

20 3667 25 3678 ·
116 3613 286 3698 νεανικοῦς
321 3615 476 3715 ὁρᾶσθαι
508 3611 599 3714 πρὸς
631 3609 674 3692 τῦ
711 3611 884 3718 ἐξανῦσαι
918 3619 1039 3720 φιλεῖν
1071 3612 1137 3713 τήν
1169 3615 1305 3694 ἑαυτῶν

116 3737 302 3840 σωτηρίαν,
321 3736 472 3842 ἐξαιτεῖν
496 3731 534 3813 δέ
560 3735 653 3815 οὕτω
678 3733 723 3814 τά
748 3732 848 3839 παρά
867 3739 974 3834 θεοῦ,
994 3738 1052 3816 καὶ
1077 3735 1144 3836 τήν
1170 3735 1306 3816 ἀνωθεν

117 3859 310 3963 ἐπικουρίαν
343 3857 503 3961 καθάπερ
539 3855 680 3962 ίίμαχόν
713 3892 792 3938 τινα
825 3863 884 3939 καὶ
916 3861 1055 3964 ἀῤῥαγῆ
1087 3861 1305 3964 παντευχίαν

117 3981 257 4068 ἑλόντας
284 3981 523 4087 ἀνδρίζεσθαι.
563 3979 756 4066 δεδωκότος
781 3979 818 4061 δέ
840 3979 943 4088 ἅπαξ
968 3987 1026 4062 καὶ
1054 3983 1305 4067 ἐπινεύσαντος

68 4107 194 4207 3ο,η’μῖν
216 4104 307 4212 πρὸς
333 4115 440 4188 τοῦτο
461 4113 526 4186 τοῦ
555 4109 659 4202 Θεοῦ,
688 4102 771 4212 ἐξὸν
800 4105 883 4205 ἡμῖν
908 4105 976 4205 ἤδη
1001 4102 1068 4204 τὴν
1094 4111 1168 4186 τῶν
1194 4115 1305 4188 πολε-

118 4231 271 4330 μούντων
308 4228 613 4334 καταγωνίζεσθαι
648 4227 798 4330 δύναμιν
836 4231 894 4308 καὶ
933 4225 1000 4328 τήν
1032 4235 1096 4308 τοῦ
1131 4228 1305 4325 διαβόλου

119 4361 210 4460 χεῖρα
240 4360 476 4452 πλεονεκτεῖν,
508 4357 538 4434 εί
575 4349 625 4453 μή
656 4355 879 4453 βουλοίμεθα
910 4352 1098 4434 πείθεσθαι
1135 4360 1306 4434 καλοῦντι

1346 2125 1411 2176 Phil.
1421 2124 1449 2176 ii.

1348 2205 1387 2242 ιι.

1351 2991 1392 3040 Ριι.

1351 3055 1433 3105 cxxvi.
1443 3069 1469 3113 Ι,

326 4607 348 4646 1.
366 4591 464 4660 μεστήν
476 4589 509 4649 Ε.
800 4588 842 4644 18.
860 4589 1047 4660 τετριχυμίνην
1060 4589 1092 4646 Ε.
