3200 5092
443 333 488 397 24
743 332 783 398 Β.
806 329 1017 398 CYRILLI
1046 328 1333 396 ALEXANDR.

445 493 525 575 οὐδὲ
552 497 601 580 ὦς
627 493 697 602 ἔξω
724 495 890 596 βεβηκὼς
918 504 983 577 τοῦ
1009 493 1208 598 πρέποντος
1234 501 1280 601 τῇ
1307 491 1480 598 οίκονομί4

444 651 567 716 ματος,
592 620 634 698 οὐ
661 617 734 722 γὰρ
761 616 808 698 ιῖν
834 617 1080 715 ἐβουλεύσατό
1106 651 1142 698 τι
1169 615 1274 715 Θεὸς,
1300 614 1320 696 δ
1347 614 1402 715 μὴ
1431 623 1480 694 πα

446 739 614 842 γενέσθαι
641 744 701 821 καὶ
727 740 877 844 πρέπον·
908 739 967 821 διὰ
994 739 1032 820 δέ
1060 749 1124 820 τοῦ
1152 739 1282 842 λέγειν,
1301 743 1350 824 ῶς
1375 740 1447 843 οὐχ
1474 773 1480 816 ι

446 867 613 963 λιιλῆσαι
630 863 722 944 κατὰ
740 862 793 959 τῖιι
810 861 924 971 ἀρχῖιι,
943 863 1023 944 οὐδὲ
1042 861 1207 962 θεμέλιον
1224 860 1350 964 ῶσπερ
1369 871 1480 954 καταί

445 987 529 1088 παρ’
550 988 633 1086 ὑμῖν
651 991 715 1086 τῆς
740 987 989 1090 σωτηριῶδονς
1009 985 1254 1083 διδασκαλίας,
1273 988 1396 1085 ἀληθῆ
1423 985 1480 1062 καῖ

447 1114 593 1211 θρωπον
625 1109 716 1190 κατὰ
749 1109 865 1216 φύσιν
894 1107 1102 1215 ὑπάρχοντα
1133 1112 1192 1189 καὶ
1222 1105 1287 1189 τὸν
1316 1105 1470 1211 Πατέρα

446 1234 504 1312 καὶ
530 1231 666 1313 ἐαοτόν.
706 1232 782 1313 ίδοδ
807 1232 889 1337 γὰρ,
908 1235 1021 1313 καίτοι
1049 1228 1100 1332 μὴ
1128 1233 1232 1312 οὖσιν
1249 1231 1362 1339 α’ξίοις
1388 1236 1465 1314 τοῖς

278 1365 340 1420 512
349 1362 389 1423 A·
416 1355 627 1438 θ’Ῑουδαίοις
652 1353 716 1435 τὸν
739 1354 919 1458 σωτήριον
943 1355 1121 1460 ἐχαρίζετο
1146 1357 1269 1457 λόγον,
1288 1358 1326 1434 ἐν
1351 1351 1481 1454 δευτέρι

446 1477 559 1584 τιίξας
577 1477 677 1586 τόπῳ
695 1485 768 1558 τῶν
786 1481 898 1558 ἐθνῶν
911 1475 978 1578 τὴν
989 1477 1144 1579 πληθὺν,
1158 1479 1272 1558 καίτοι
1290 1478 1375 1558 λίαν
1394 1477 1479 1556 εὐπε

447 1604 505 1680 καὶ
524 1599 704 1680 πιστεύειν
722 1602 819 1708 αὐτῷ
837 1603 896 1681 καὶ
914 1603 1101 1682 πείθεσθαι
1119 1598 1390 1701 μελετήσασαν.

503 1725 555 1802 Τί
570 1723 633 1802 οὖν
651 1723 721 1826 ἄρα
739 1720 782 1804 τὸ
801 1725 1001 1804 ἀναπεῖσαν
1019 1723 1127 1804 αὑτὸν
1144 1723 1209 1805 τὸν
1227 1720 1481 1826 σκληρατρὶίχη

446 1846 629 1926 Ἰουδαίων
657 1845 749 1925 λαὸν
775 1853 852 1926 τῶν
875 1847 1004 1950 ἑτέρων
1030 1846 1209 1955 προτάξαι
1236 1849 1294 1927 καὶ
1320 1852 1481 1950 πρατιμοῖ

448 1966 576 2054 αὐτοὺς
606 1968 802 2069 ἐποιήσατο
838 1973 902 2069 τῆς
938 1969 1095 2077 ἀφίξεως
1128 1969 1194 2070 τὴν
1225 1970 1447 2072 ἐπαγγελίαν
1480 2019 1481 2038 1

449 2093 563 2193 ἁγίων
579 2097 788 2198 προφητῶν,
808 2092 927 2176 αὐτοῖς
945 2093 967 2191 ἡ
985 2089 1089 2197 χάρις
1107 2091 1165 2172 διδι
1183 2089 1265 2177 τοὺς
1282 2093 1439 2194 πατέρας
1458 2095 1481 2169 ῶ

279 2213 401 2344 Ξίζῗὴ·
450 2212 508 2295 διδ
526 2223 631 2294 τοῦτο
650 2217 708 2294 καὶ
726 2213 887 2319 ἐφασκεν
906 2225 928 2262 “
942 2216 1023 2294 Οὐκ
1047 2214 1260 2315 ἀπεστάλην
1278 2221 1308 2294 εῖ
1331 2212 1382 2314 μὴ
1406 2220 1454 2298 είς
1478 2250 1481 2265 ⁴

413 2342 436 2408 b
452 2347 473 2385 “
491 2344 589 2433 βατα
606 2335 652 2416 τὰ
670 2334 891 2416 ἁπολωλθτα
909 2336 1007 2417 οἴκου
1024 2336 1216 2441 Ἰσραὴλ·”
1244 2339 1302 2418 καὶ
1323 2335 1415 2437 πρὸς
1435 2371 1481 2438 γυ

280 2469 375 2522 1b·²⁶·
452 2458 517 2560 τὴν
530 2459 858 2563 σνροφοινίκισσαν
871 2469 892 2507 “
908 2459 988 2539 Οὐκ
1007 2459 1086 2539 ἐστι
1103 2459 1218 2540 καλὸν
1229 2467 1355 2555 λαβεῖν
1368 2459 1432 2539 τὸν
1444 2459 1481 2560 ἄρ

450 2593 471 2630 “
489 2582 623 2662 τέκνων
641 2585 699 2661 καὶ
723 2589 853 2678 βαλεῖν
869 2589 944 2667 τοῖς
969 2583 1180 2686 κοναρίοις.”
1219 2585 1345 2663 οὐκοῦν
1364 2584 1384 2662 ὁ
1408 2585 1474 2681 μὲν

449 2711 488 2788 ἐκ
521 2707 649 2789 τούτου
683 2709 875 2808 τετίμηται,
907 2713 966 2788 καὶ
1001 2707 1238 2812 προτέτακται
1274 2713 1347 2786 τῶν
1376 2709 1482 2786 ἐθνῶν

451 2831 665 2934 σκαιοτέρον
701 2831 794 2935 έχων
830 2829 896 2928 τὴν
932 2833 1093 2932 γνώμην.
1148 2828 1267 2929 ἐπειδὴ
1310 2828 1348 2909 δέ
1389 2827 1482 2930 ἡγνῶ

452 2952 621 3032 ἁπάντων
644 2951 852 3052 Δεσπότην,
881 2956 939 3032 καὶ
971 2962 1044 3033 τῶν
1072 2957 1110 3033 ἐν
1142 2953 1371 3056 ἐπαγγελίαις
1402 2955 1482 3053 ἀγοί

450 3073 650 3174 τελειωτὴν,
673 3076 829 3175 μετέστη
857 3075 986 3156 λοιπὸν
1008 3079 1064 3156 ἐπὶ
1091 3075 1139 3156 τὰ
1165 3076 1248 3177 ἔθνη
1275 3080 1339 3174 τῆς
1363 3079 1482 3154 διδασι

450 3195 564 3302 χάρις,
592 3197 645 3282 οῖς
672 3201 780 3302 ἐχρῆν
808 3197 900 3279 κατὰ
927 3196 980 3292 τῖηι
1009 3196 1112 3308 ιἰρχῆν
1140 3201 1198 3278 καὶ
1226 3201 1264 3278 ἐν
1289 3199 1482 3302 πρῶτοιςπ

421 3325 625 3425 ολεχθῆναι
651 3319 716 3400 τὸν
735 3319 882 3424 Κύριον,
908 3322 975 3426 οὐχ
1003 3321 1094 3401 ὅσον
1118 3328 1167 3406 εἰς
1194 3319 1260 3420 τὴν
1285 3319 1480 3425 ὑπόσχεσιν

451 3441 534 3526 τοὺς
575 3443 732 3546 πατέρος
770 3443 1017 3546 γεγενημένην,
1054 3447 1139 3524 ἀλλ’
1175 3442 1266 3524 ὅσον
1306 3449 1354 3526 είς
1389 3441 1453 3543 τὴν

452 3565 570 3649 αὐτοῖς
597 3566 803 3646 εὐπείθειαν.

403 3805 441 3862 26
646 3799 758 3866 Πολλὰ
786 3799 852 3887 ἔχω
878 3800 952 3890 περὶ
980 3802 1070 3879 ὑμῶν
1098 3799 1209 3869 λαλεῖν
1238 3802 1292 3868 καὶ
1319 3801 1442 3892 κρίνειν.

512 3975 830 4082 Καταδικοζθισων
853 3980 961 4060 αὐτοῦ
988 3987 1061 4061 τῶν
1079 3982 1262 4062 Ἰουδαίων
1286 3980 1482 4084 προολέστε4

453 4103 567 4182 οὐδενὶ
594 4099 660 4202 μὲν
686 4101 842 4208 ἐχόντων
868 4101 911 4183 τὸ
938 4102 1111 4208 παράπαν
1138 4106 1314 4208 ἐγκαλεῖν,
1334 4105 1389 4183 ἐπὶ
1413 4101 1482 4208 μόιη

491 4336 514 4375 1.
532 4323 564 4389 τῇ
577 4320 706 4391 οἰκονομίᾳ
720 4319 753 4376 Β.
766 4319 782 4389 ἦ
794 4321 925 4392 1οἶιιονομίιι
938 4321 1029 4412 Ηφίοί.
1043 4320 1095 4376 Εδ.
1232 4335 1282 4412 ῃ.
1297 4321 1482 4412 σνροφοινίκισι

452 4390 752 4516 mim
825 4477 868 4529 24.
885 4391 1482 4534 ῗίὲρῖίεῖῶᾙῖῖῖιῖθῖῖιῖίρῗῖῖῖ

453 4527 526 4583 Aub.
634 4541 677 4599 25.
695 4531 863 4601 προπάτορος
874 4549 899 4585 ιι.
1006 4548 1050 4603 29.
1069 4532 1153 4588 οὐδενὶ
1167 4532 1200 4588 B.
1213 4533 1288 4590 οὗδῖν
1301 4533 1350 4590 lit.
1362 4531 1409 4588 Ed.
