3238 5114
296 323 359 386 ⁷18
599 321 637 384 B.
663 321 865 386 CYRILLI
897 321 1184 385 ALEXANDR.
1228 386 1232 397 ¹
1291 314 1372 380 xvii.
1390 313 1496 396 18,19.

296 491 344 570 εἱς
365 485 528 584 ἀσυνήθη
556 486 635 566 τινὰ
663 489 721 566 καὶ
751 485 816 584 τὴν
842 485 1121 588 ὑπεράνθρωπον
1147 481 1300 582 ἐντολὴν
1328 483 1374 560 δι’
1398 481 1500 556 αὐτοῦ

296 609 561 709 δυναμούμενοι,
575 617 633 691 καὶ
653 617 700 694 είς
719 619 856 713 γνιῦσιν
869 613 1048 715 ἀκραιφνῆ
1067 615 1130 710 τῆς
1149 608 1400 689 θεοπνεύστου
1419 637 1501 704 γρα-

297 738 370 836 φῆς
398 739 456 814 καὶ
483 741 555 813 τῶν
584 741 686 838 ίεριῦυ
713 739 777 834 τῆς
795 734 1017 832 Ἐκκλησίας
1040 734 1241 835 δογμάτων,
1261 728 1322 810 διὰ
1349 732 1419 826 τῆς
1442 736 1503 804 τοῦ

299 859 509 956 Πνεύματος
536 858 725 965 δᾳδουχίας
750 860 915 960 ἀνιδρωτὶ
944 856 1216 958 ποδηγούμενα.
1271 857 1333 934 καὶ
1362 861 1458 954 γοῦν
1485 851 1503 928 ό

193 1009 213 1062 .’
236 1019 250 1098 .'
300 980 427 1082 Σωτὴρ
454 981 729 1084 συναλιζόμενός
759 1017 796 1062 τε
824 983 955 1079 αὐτοῖς,
976 979 1065 1080 μετὰ
1093 979 1158 1080 τὴν
1182 983 1219 1059 ἐκ
1249 983 1389 1080 νεκρῶν
1414 977 1529 1058 ἀνα-5

298 1106 440 1202 βίωσιν,
460 1104 553 1185 καθά
572 1107 783 1208 γέγραπται,
804 1109 860 1186 καὶ
879 1113 952 1189 τοῖς
976 1103 1045 1182 ἀνὰ
1063 1111 1190 1184 πᾶσαν
1208 1101 1275 1202 τὴν
1293 1099 1506 1197 οἱκουμεῦην

299 1227 365 1329 τὴν
395 1227 454 1308 διὰ
479 1229 635 1314 πίστεως
665 1230 770 1335 χάριν
800 1229 951 1336 κηρῦξαι
979 1228 1192 1335 προστάξας
1220 1239 1242 1274 “
1252 1225 1506 1328 παρήγγειλεν

299 1364 322 1402 “
340 1352 412 1434 ἀπὸ
429 1353 696 1456 Ἰεροσολύμων
714 1353 764 1453 μὴ
783 1354 1009 1458 χωρίζεσθαι,
1027 1352 1223 1454 περιμένειν
1241 1350 1278 1430 δέ
1297 1351 1366 1448 τὴν
1385 1353 1503 1447 ἐπαγ-

300 1489 321 1526 “
339 1479 464 1580 γελίαν
491 1486 554 1557 τοῦ
574 1477 727 1580 Πατρός,
747 1475 821 1577 ἣν”
851 1479 960 1557 αὐτοῦ
988 1511 1027 1557 τε
1053 1476 1221 1578 λε’γοντος
1249 1474 1417 1574 ἤκουσαν
1447 1475 1506 1550 καὶ

270 1599 358 1680 ςδιὰ
377 1605 499 1706 φωνῆς
517 1608 589 1680 τῶν
608 1603 719 1704 ἁγίων
739 1607 948 1705 προφητῶν.
989 1601 1093 1680 ἔσται
1115 1597 1187 1702 γάρ
1205 1601 1242 1677 ἐν
1259 1604 1337 1681 ταῖς
1355 1597 1506 1695 ἡμέραις
1520 1633 1550 1671 10

301 1727 445 1809 ἐκείναις
470 1725 569 1828 λέγει
590 1725 733 1828 Κύριος,
760 1735 782 1772 “
796 1728 905 1830 ε’κχειῦ
930 1723 1002 1804 ἀπὸ
1027 1733 1091 1803 τοῦ
1117 1721 1317 1820 πνεύματός
1344 1756 1419 1818 μου
1447 1722 1506 1800 ἐπὶ

301 1860 323 1898 “
340 1857 465 1929 πᾶσαν
493 1849 649 1952 σάρκα.”
689 1854 748 1930 καὶ
777 1848 884 1933 αὐτὸς
912 1847 950 1928 δέ
978 1855 1109 1954 σαφιῦς
1137 1849 1157 1926 ὁ
1187 1845 1314 1949 Σωτὴρ
1341 1845 1412 1945 τὴν
1440 1854 1507 1924 τοῦ

303 1979 341 2054 Π
343 1975 511 2072 νεύματος
539 1971 719 2078 πρόχυσιν
731 1973 830 2080 ἥξειν
843 1977 895 2054 ἐπ’
906 1972 1033 2056 αὐτοῦς
1044 1969 1368 2074 κατεπηγγέλλετο,
1382 1970 1507 2070 λέγων

169 2179 174 2190 ,
301 2110 323 2147 “
334 2097 421 2179 Ἔτι
447 2098 572 2180 πολλὰ
597 2101 678 2198 ὑμῖν
699 2099 769 2204 ἐχω
797 2099 926 2202 λε’γειν,
946 2097 1030 2177 ἀλλ’
1051 2099 1093 2176 οῦ
1120 2099 1277 2176 δύνασθε
1304 2095 1506 2197 βαστάζειν

227 2213 234 2234 ’
301 2233 323 2270 “
342 2223 433 2328 ἄρτι,
454 2223 540 2303 ὅταν
560 2223 596 2302 δέ
620 2222 710 2328 ἔλθη
733 2227 871 2320 ἐκεῖνος,
890 2219 932 2302 τῦ
954 2231 1094 2320 πνεῦμα
1122 2226 1185 2321 τῆς
1213 2220 1393 2319 ἀληθείας,
1414 2221 1499 2316 ὁδη-
1520 2251 1552 2304 15

206 2375 238 2423 '.
303 2358 324 2394 “
342 2346 449 2450 γήσει
473 2350 564 2446 ὑμᾶς
592 2354 641 2432 εἷς
666 2347 732 2446 τὴν
751 2346 922 2448 ἀλήθειαν
950 2348 1106 2444 πᾶσαν,”
1127 2348 1184 2424 καὶ
1206 2344 1319 2424 πάλιν
1344 2353 1367 2390 “
1387 2343 1504 2442 Κάγὼ

168 2477 174 2489 ’
246 2551 253 2567 ,
303 2480 325 2518 “
344 2471 514 2574 ἐρωτήσω
560 2470 624 2550 τὸν
664 2472 820 2574 Πατέρα,
859 2473 917 2550 καὶ
965 2469 1083 2549 ἄλλον
1118 2465 1353 2569 παράκλητον
1392 2466 1503 2544 δώσει

301 2605 323 2642 “
342 2593 460 2692 ῦμῖν.”
498 2593 588 2674 ἴδιον
606 2593 678 2696 γάρ
699 2603 763 2674 τοῦ
782 2599 879 2674 θεοῦ
903 2596 961 2672 καὶ
980 2591 1126 2695 Πατρός
1151 2589 1193 2670 τὸ
1213 2590 1363 2687 Πνεῦμά
1388 2592 1502 2683 ἐστιν,

303 2721 389 2796 ἀλλ’
418 2714 520 2797 οῦδέν
547 2717 655 2818 ἦττον
683 2715 772 2796 ἴδιόν
799 2719 878 2796 ἐστι
907 2720 965 2796 καὶ
995 2717 1103 2795 αὐτοῦ
1133 2723 1196 2794 τοῦ
1224 2719 1325 2810 Υίοῦ,
1358 2715 1428 2818 οῦχ
1457 2717 1504 2796 ὡς

304 2841 423 2943 ἕτερον
451 2844 508 2919 καὶ
537 2838 708 2944 ἕτερον,ἢ
733 2848 911 2944 μεριστιῦς
939 2842 976 2920 ἐν
995 2837 1147 2946 ἐκατέριρ
1177 2835 1368 2935 νοούμενόν
1386 2872 1427 2916 τε
1446 2841 1503 2915 καὶ
1517 2867 1552 2906 20

304 2963 514 3068 ἐνυπάρχον,
534 2967 617 3043 ἀλλ’
633 2965 776 3067 ἐπείπερ
794 2969 833 3044 ἐκ
850 2963 995 3067 Πατρός
1014 2967 1071 3042 καὶ
1091 2965 1128 3041 ἐν
1144 2966 1261 3062 Πατρὶ
1279 2960 1371 3040 κατὰ
1389 2960 1505 3064 φύσιν

305 3091 404 3168 ἐστὶν
423 3092 443 3168 ὁ
463 3087 560 3184 Υἱός,
580 3087 715 3190 καρπὸς
743 3087 913 3192 ὑπάρχων
933 3084 1102 3187 ἀληθινός
1131 3089 1194 3183 τῆς
1223 3085 1347 3167 οὐσίας
1377 3085 1502 3178 αὐτοῦ,

306 3213 347 3290 τὸ
366 3221 430 3292 τοῦ
450 3209 595 3314 Πατρός
614 3211 703 3290 ’ίδιον
724 3217 874 3310 Πνεῦμα
893 3210 983 3290 κατὰ
1002 3211 1116 3317 φύσιν
1135 3205 1316 3309 ἐπάγεται,
1337 3207 1505 3312 χεόμενον

304 3335 369 3435 μέν
397 3339 436 3414 ἐκ
456 3333 612 3435 Πατρός,
640 3334 683 3413 δι’
702 3337 811 3414 αὐτοῦ
841 3334 878 3414 δέ
906 3343 969 3414 τοῦ
988 3340 1078 3414 Υίοῦ
1105 3337 1150 3438 τῇ
1179 3336 1294 3412 κτίσει
1320 3333 1501 3436 χορηγού-

304 3494 422 3560 μενον,
441 3459 483 3537 οῦ
504 3457 595 3536 κατά
613 3492 694 3538 τινα
712 3458 846 3561 τρόπον
865 3457 1073 3556 διακονικὸν,
1092 3458 1204 3560 ἤγουν
1228 3454 1292 3535 τὸν
1309 3458 1347 3534 ἐν
1366 3457 1502 3558 ῦπουρ-
1518 3500 1549 3556 ²5

304 3587 367 3691 γίᾳ
391 3580 592 3681 νοούμενον,
609 3585 695 3662 ἀλλ’
717 3581 841 3684 ὥσπερ
859 3580 950 3688 ἔφην
969 3583 1108 3684 ἀρτίως,
1128 3581 1172 3688 ἐξ
1191 3583 1300 3678 αὐτῆς
1324 3578 1390 3678 μὲν
1408 3615 1501 3678 προ-

271 3709 439 3792 Ιικύπτον
456 3710 519 3805 τῆς
547 3707 671 3790 οὐσίας
698 3716 762 3786 τοῦ
782 3712 878 3786 Θεοῦ
908 3710 965 3786 καὶ
986 3705 1143 3807 Πατρός,
1167 3703 1336 3809 χεόμενον
1364 3701 1404 3782 δέ
1433 3709 1506 3786 τοῖς

304 3836 397 3913 ἑλεῖν
414 3831 527 3938 ἀξίοις
555 3828 613 3910 διά
634 3829 757 3932 Λόγου
784 3840 848 3910 τοῦ
874 3832 1067 3930 όμοουσίου
1092 3833 1149 3908 καὶ
1178 3828 1221 3934 ἐξ
1247 3830 1356 3907 αὐτοῦ
1382 3835 1503 3932 πεφη-

304 3954 415 4054 νότος,
434 3957 509 4035 κατ’
530 3954 706 4061 ἕκφανσιν
725 3952 892 4052 δηλονότι
911 3954 977 4053 τὴν
999 3960 1047 4038 εἱς
1072 3952 1115 4032 τό
1141 3949 1228 4032 εἶναι
1252 3950 1336 4031 καθ’
1359 3952 1502 4046 ἑαυτὸν,

305 4083 363 4158 καὶ
382 4081 420 4160 ἐν
438 4081 535 4186 αὐτῷ
556 4079 723 4177 με’νοντός
742 4111 780 4156 τε
800 4079 858 4156 καὶ
881 4076 983 4159 ὄντος
1001 4079 1064 4174 ἀεὶ,
1082 4082 1273 4180 προσεχοῦς
1293 4109 1331 4153 τε
1351 4072 1427 4172 ἅμα
1446 4079 1502 4153 καὶ
1516 4115 1547 4170 30

345 4281 475 4390 τιν-ἕ.Α
455 4281 524 4345 719,
531 4280 572 4328 14.
585 4264 688 4334 citatp.
897 4278 938 4316 10.
957 4258 1220 4332 ἡμέροιςέκείνοις]’
1206 4259 1329 4329 εσχάτιιις
1343 4257 1449 4328 ημέριυς
1462 4259 1503 4329 (ut

307 4334 408 4388 ActaS
453 4333 544 4458 Αέἰί.
562 4335 645 4403 17)p.
856 4349 896 4402 13.
915 4335 1104 4457 πρόσχυσινρ.
1321 4346 1362 4396 14
1380 4330 1501 4422 ὗρῐνεχιι

306 4403 358 4460 hoc
371 4405 464 4460 ordine
522 4403 556 4456 cf.
570 4421 652 4526 ιιιὲςιι
663 4402 696 4456 ad
709 4404 760 4457 loc.
814 4402 983 4458 δύνασθοιΕ.
1326 4417 1492 4525 apqu
1387 4401 1500 4471 εαυτο

306 4491 356 4562 30·
369 4473 548 4542 &worm
531 4491 575 4545 Ριῑ]
624 4473 719 4543 dmg.
737 4473 816 4528 ὄντας
828 4473 879 4527 Ed
892 4482 918 4528 et
931 4472 999 4527 Cod
1014 4472 1043 4525 S.
1055 4471 1133 4525 Laur.
1151 4471 1314 4525 Florentiani
1382 4471 1457 4525 t..60
1471 4486 1497 4524 ιι

307 4545 414 4616 χρήσεις
427 4545 460 4598 de
473 4543 573 4614 Spintu
587 4543 686 4598 Sancto
699 4544 848 4598 continens.
