<?xml version="1.0" encoding="UTF-8"?>
<!DOCTYPE html PUBLIC "-//W3C//DTD XHTML 1.0 Transitional//EN"
    "http://www.w3.org/TR/xhtml1/DTD/xhtml1-transitional.dtd">
<html xmlns="http://www.w3.org/1999/xhtml" xml:lang="en" lang="en">
 <head>
  <title>
</title>
<meta http-equiv="Content-Type" content="text/html;charset=utf-8" />
  <meta name='ocr-system' content='tesseract 3.04.00' />
  <meta name='ocr-capabilities' content='ocr_page ocr_carea ocr_par ocr_line ocrx_word'/>
</head>
<body>
  <div class='ocr_page' id='page_1' title='image "./sanctipatrisnos02pusegoog_0647.png"; bbox 0 0 3274 5118; ppageno 0'>
   <div class='ocr_carea' id='block_1_1' title="bbox 126 307 1326 410">
    <p class='ocr_par' dir='ltr' id='par_1_1' title="bbox 126 307 1326 410">
     <span class='ocr_line' id='line_1_1' title="bbox 126 307 1326 410; baseline 0.004 -22"><span class='ocrx_word' id='word_1_1' title='bbox 126 307 307 410; x_wconf 75' lang='lat' dir='ltr'>xv.26‚271</span> <span class='ocrx_word' id='word_1_2' title='bbox 341 329 399 394; x_wconf 84' lang='lat' dir='ltr'>IN</span> <span class='ocrx_word' id='word_1_3' title='bbox 429 330 462 394; x_wconf 76' lang='lat' dir='ltr'>s,</span> <span class='ocrx_word' id='word_1_4' title='bbox 487 330 744 396; x_wconf 77' lang='lat' dir='ltr'><strong>JOANNEM.</strong></span> <span class='ocrx_word' id='word_1_5' title='bbox 790 331 886 395; x_wconf 71' lang='grc' dir='ltr'>αις.</span> <span class='ocrx_word' id='word_1_6' title='bbox 911 331 952 394; x_wconf 85' lang='lat' dir='ltr'>x.</span> <span class='ocrx_word' id='word_1_7' title='bbox 998 329 1101 396; x_wconf 72' lang='grc' dir='ltr'>σιν.</span> <span class='ocrx_word' id='word_1_8' title='bbox 1125 329 1174 394; x_wconf 91' lang='lat'>11.</span> <span class='ocrx_word' id='word_1_9' title='bbox 1261 331 1326 394; x_wconf 87' lang='grc' dir='ltr'>οοο</span> 
     </span>
    </p>
   </div>
   <div class='ocr_carea' id='block_1_2' title="bbox 77 489 1498 4192">
    <p class='ocr_par' dir='ltr' id='par_1_2' title="bbox 77 489 1396 2337">
     <span class='ocr_line' id='line_1_2' title="bbox 127 489 1325 600; baseline 0.004 -33"><span class='ocrx_word' id='word_1_10' title='bbox 127 489 242 590; x_wconf 82' lang='grc' dir='ltr'>ἁγίων</span> <span class='ocrx_word' id='word_1_11' title='bbox 264 492 427 594; x_wconf 77' lang='grc' dir='ltr'>πατέρων</span> <span class='ocrx_word' id='word_1_12' title='bbox 451 499 723 600; x_wconf 83' lang='grc' dir='ltr'>ίχνηλατοῦντες</span> <span class='ocrx_word' id='word_1_13' title='bbox 748 495 885 593; x_wconf 90' lang='grc' dir='ltr'>πίστιν,</span> <span class='ocrx_word' id='word_1_14' title='bbox 905 495 993 574; x_wconf 84' lang='grc' dir='ltr'>ἰ’διον</span> <span class='ocrx_word' id='word_1_15' title='bbox 1011 491 1102 575; x_wconf 81' lang='grc' dir='ltr'>εἷναί</span> <span class='ocrx_word' id='word_1_16' title='bbox 1124 501 1242 600; x_wconf 87' lang='grc' dir='ltr'>φαμεν</span> <span class='ocrx_word' id='word_1_17' title='bbox 1260 499 1325 572; x_wconf 92' lang='grc' dir='ltr'>τοῦ</span> 
     </span>
     <span class='ocr_line' id='line_1_3' title="bbox 127 613 1359 721; baseline 0.003 -29"><span class='ocrx_word' id='word_1_18' title='bbox 127 616 219 694; x_wconf 79' lang='grc' dir='ltr'>Υίοῦ</span> <span class='ocrx_word' id='word_1_19' title='bbox 241 613 306 696; x_wconf 81' lang='grc' dir='ltr'>τόν</span> <span class='ocrx_word' id='word_1_20' title='bbox 324 615 576 720; x_wconf 88' lang='grc' dir='ltr'>Παράκλητον,</span> <span class='ocrx_word' id='word_1_21' title='bbox 598 618 773 716; x_wconf 87' lang='grc' dir='ltr'>τουτέστι,</span> <span class='ocrx_word' id='word_1_22' title='bbox 792 619 834 699; x_wconf 82' lang='grc' dir='ltr'>τὸ</span> <span class='ocrx_word' id='word_1_23' title='bbox 861 618 1011 720; x_wconf 81' lang='grc' dir='ltr'>Πνεῦμα</span> <span class='ocrx_word' id='word_1_24' title='bbox 1036 617 1079 700; x_wconf 81' lang='grc' dir='ltr'>τὸ</span> <span class='ocrx_word' id='word_1_25' title='bbox 1099 616 1241 721; x_wconf 81' lang='grc' dir='ltr'>Ἃγιον,</span> <span class='ocrx_word' id='word_1_26' title='bbox 1266 619 1359 696; x_wconf 74' lang='grc' dir='ltr'>καὶδ</span> 
     </span>
     <span class='ocr_line' id='line_1_4' title="bbox 128 737 1325 850; baseline 0.004 -34"><span class='ocrx_word' id='word_1_27' title='bbox 128 737 193 817; x_wconf 86' lang='grc' dir='ltr'>οῦκ</span> <span class='ocrx_word' id='word_1_28' title='bbox 210 739 519 844; x_wconf 87' lang='grc' dir='ltr'>ε’πεισκρινόμενον</span> <span class='ocrx_word' id='word_1_29' title='bbox 532 741 674 850; x_wconf 79' lang='grc' dir='ltr'>ἔξωθεν,</span> <span class='ocrx_word' id='word_1_30' title='bbox 689 743 768 824; x_wconf 74' lang='grc' dir='ltr'>οὐδὲ</span> <span class='ocrx_word' id='word_1_31' title='bbox 786 744 973 844; x_wconf 81' lang='grc' dir='ltr'>ἐπίκτητον</span> <span class='ocrx_word' id='word_1_32' title='bbox 991 746 1028 824; x_wconf 84' lang='grc' dir='ltr'>ἐν</span> <span class='ocrx_word' id='word_1_33' title='bbox 1046 743 1152 848; x_wconf 79' lang='grc' dir='ltr'>αὐτῷ,</span> <span class='ocrx_word' id='word_1_34' title='bbox 1164 739 1325 844; x_wconf 89' lang='grc' dir='ltr'>καθάπερ</span> 
     </span>
     <span class='ocr_line' id='line_1_5' title="bbox 127 861 1326 969; baseline 0.004 -29"><span class='ocrx_word' id='word_1_35' title='bbox 127 861 228 942; x_wconf 84' lang='grc' dir='ltr'>ε’στὶν</span> <span class='ocrx_word' id='word_1_36' title='bbox 254 865 292 944; x_wconf 85' lang='grc' dir='ltr'>έν</span> <span class='ocrx_word' id='word_1_37' title='bbox 319 873 392 952; x_wconf 86' lang='grc' dir='ltr'>τοῖς</span> <span class='ocrx_word' id='word_1_38' title='bbox 425 865 612 969; x_wconf 77' lang='grc' dir='ltr'>ἁγιότητος</span> <span class='ocrx_word' id='word_1_39' title='bbox 644 872 822 966; x_wconf 75' lang='grc' dir='ltr'>δεκτικοῖς,</span> <span class='ocrx_word' id='word_1_40' title='bbox 851 865 903 953; x_wconf 81' lang='grc' dir='ltr'>οἷς</span> <span class='ocrx_word' id='word_1_41' title='bbox 931 871 989 947; x_wconf 80' lang='grc' dir='ltr'>καὶ</span> <span class='ocrx_word' id='word_1_42' title='bbox 1017 871 1057 948; x_wconf 86' lang='grc' dir='ltr'>ἐκ</span> <span class='ocrx_word' id='word_1_43' title='bbox 1083 864 1134 965; x_wconf 82' lang='grc' dir='ltr'>μὴ</span> <span class='ocrx_word' id='word_1_44' title='bbox 1162 865 1326 963; x_wconf 83' lang='grc' dir='ltr'>ὅντωνὴ</span> 
     </span>
     <span class='ocr_line' id='line_1_6' title="bbox 95 984 1396 1096; baseline 0 -24"><span class='ocrx_word' id='word_1_45' title='bbox 95 984 278 1087; x_wconf 88' lang='grc' dir='ltr'>5γένεσις,</span> <span class='ocrx_word' id='word_1_46' title='bbox 311 991 396 1069; x_wconf 83' lang='grc' dir='ltr'>ἀλλ’</span> <span class='ocrx_word' id='word_1_47' title='bbox 431 989 625 1090; x_wconf 87' lang='grc' dir='ltr'>ὁμοοόσιον</span> <span class='ocrx_word' id='word_1_48' title='bbox 658 993 777 1088; x_wconf 84' lang='grc' dir='ltr'>αὐτοῦ,</span> <span class='ocrx_word' id='word_1_49' title='bbox 812 988 973 1096; x_wconf 86' lang='grc' dir='ltr'>καθάπερ</span> <span class='ocrx_word' id='word_1_50' title='bbox 1010 989 1136 1090; x_wconf 88' lang='grc' dir='ltr'>ἀμέλει</span> <span class='ocrx_word' id='word_1_51' title='bbox 1169 993 1226 1070; x_wconf 82' lang='grc' dir='ltr'>καὶ</span> <span class='ocrx_word' id='word_1_52' title='bbox 1261 998 1326 1070; x_wconf 90' lang='grc' dir='ltr'>τοῦ</span> <span class='ocrx_word' id='word_1_53' title='bbox 1391 1061 1396 1072; x_wconf 82' lang='lat'><strong>.</strong></span> 
     </span>
     <span class='ocr_line' id='line_1_7' title="bbox 130 1111 1325 1218; baseline 0.003 -28"><span class='ocrx_word' id='word_1_54' title='bbox 130 1111 287 1214; x_wconf 91' lang='grc' dir='ltr'>Πατρός.</span> <span class='ocrx_word' id='word_1_55' title='bbox 328 1115 420 1194; x_wconf 82' lang='grc' dir='ltr'>οὕτω</span> <span class='ocrx_word' id='word_1_56' title='bbox 442 1113 514 1218; x_wconf 87' lang='grc' dir='ltr'>γάρ</span> <span class='ocrx_word' id='word_1_57' title='bbox 538 1111 583 1194; x_wconf 83' lang='grc' dir='ltr'>ἀν</span> <span class='ocrx_word' id='word_1_58' title='bbox 599 1115 663 1194; x_wconf 84' lang='grc' dir='ltr'>οῦκ</span> <span class='ocrx_word' id='word_1_59' title='bbox 689 1121 738 1200; x_wconf 80' lang='grc' dir='ltr'>εἰς</span> <span class='ocrx_word' id='word_1_60' title='bbox 762 1113 943 1196; x_wconf 85' lang='grc' dir='ltr'>πολύθεον</span> <span class='ocrx_word' id='word_1_61' title='bbox 961 1116 1045 1216; x_wconf 83' lang='grc' dir='ltr'>ἡμῖν</span> <span class='ocrx_word' id='word_1_62' title='bbox 1063 1115 1285 1216; x_wconf 88' lang='grc' dir='ltr'>μυθολογίαν</span> <span class='ocrx_word' id='word_1_63' title='bbox 1303 1114 1325 1214; x_wconf 87' lang='grc' dir='ltr'><strong><em>ἡ</em></strong></span> 
     </span>
     <span class='ocr_line' id='line_1_8' title="bbox 128 1237 1327 1344; baseline 0.003 -27"><span class='ocrx_word' id='word_1_64' title='bbox 128 1241 201 1317; x_wconf 83' lang='grc' dir='ltr'>τῶν</span> <span class='ocrx_word' id='word_1_65' title='bbox 226 1238 536 1338; x_wconf 85' lang='grc' dir='ltr'>ε’κκλησιοστικῶν</span> <span class='ocrx_word' id='word_1_66' title='bbox 561 1239 751 1341; x_wconf 81' lang='grc' dir='ltr'>δογμάτων</span> <span class='ocrx_word' id='word_1_67' title='bbox 778 1237 963 1344; x_wconf 81' lang='grc' dir='ltr'>οὶχήσεται</span> <span class='ocrx_word' id='word_1_68' title='bbox 991 1237 1147 1336; x_wconf 84' lang='grc' dir='ltr'>δύναμις,</span> <span class='ocrx_word' id='word_1_69' title='bbox 1166 1239 1251 1318; x_wconf 84' lang='grc' dir='ltr'>ἀλλ’</span> <span class='ocrx_word' id='word_1_70' title='bbox 1278 1243 1327 1322; x_wconf 81' lang='grc' dir='ltr'>εἰς</span> 
     </span>
     <span class='ocr_line' id='line_1_9' title="bbox 128 1356 1327 1470; baseline 0.005 -34"><span class='ocrx_word' id='word_1_71' title='bbox 128 1356 192 1438; x_wconf 80' lang='grc' dir='ltr'>ἕνα</span> <span class='ocrx_word' id='word_1_72' title='bbox 215 1360 380 1462; x_wconf 83' lang='grc' dir='ltr'>θεότητος</span> <span class='ocrx_word' id='word_1_73' title='bbox 406 1361 558 1465; x_wconf 83' lang='grc' dir='ltr'>λόγονὴ</span> <span class='ocrx_word' id='word_1_74' title='bbox 585 1363 672 1465; x_wconf 87' lang='grc' dir='ltr'>ἁγία</span> <span class='ocrx_word' id='word_1_75' title='bbox 698 1360 811 1466; x_wconf 84' lang='grc' dir='ltr'>Τριάς</span> <span class='ocrx_word' id='word_1_76' title='bbox 837 1363 1111 1470; x_wconf 84' lang='grc' dir='ltr'>ἀνοσφίγγεται.</span> <span class='ocrx_word' id='word_1_77' title='bbox 1149 1364 1187 1442; x_wconf 86' lang='grc' dir='ltr'>έν</span> <span class='ocrx_word' id='word_1_78' title='bbox 1209 1364 1327 1470; x_wconf 78' lang='grc' dir='ltr'>ταῦτῷ</span> 
     </span>
     <span class='ocr_line' id='line_1_10' title="bbox 128 1483 1326 1590; baseline 0.003 -28"><span class='ocrx_word' id='word_1_79' title='bbox 128 1494 319 1588; x_wconf 83' lang='grc' dir='ltr'>τοιγαροῦν</span> <span class='ocrx_word' id='word_1_80' title='bbox 340 1488 399 1566; x_wconf 88' lang='grc' dir='ltr'>καὶ</span> <span class='ocrx_word' id='word_1_81' title='bbox 426 1491 490 1586; x_wconf 84' lang='grc' dir='ltr'>τῆς</span> <span class='ocrx_word' id='word_1_82' title='bbox 517 1487 642 1570; x_wconf 79' lang='grc' dir='ltr'>οὐσίας</span> <span class='ocrx_word' id='word_1_83' title='bbox 669 1485 736 1586; x_wconf 78' lang='grc' dir='ltr'>τὴν</span> <span class='ocrx_word' id='word_1_84' title='bbox 758 1486 907 1588; x_wconf 83' lang='grc' dir='ltr'>ἑνότητα</span> <span class='ocrx_word' id='word_1_85' title='bbox 934 1483 1180 1590; x_wconf 88' lang='grc' dir='ltr'>παραδεικνῦς,</span> <span class='ocrx_word' id='word_1_86' title='bbox 1200 1487 1326 1567; x_wconf 81' lang='grc' dir='ltr'>ἑαυτοῦ</span> 
     </span>
     <span class='ocr_line' id='line_1_11' title="bbox 77 1607 1355 1715; baseline 0.009 -32"><span class='ocrx_word' id='word_1_87' title='bbox 77 1643 116 1683; x_wconf 89' lang='grc' dir='ltr'>ιο</span> <span class='ocrx_word' id='word_1_88' title='bbox 129 1607 175 1687; x_wconf 87' lang='grc' dir='ltr'>τέ</span> <span class='ocrx_word' id='word_1_89' title='bbox 193 1615 286 1714; x_wconf 82' lang='grc' dir='ltr'>φημι</span> <span class='ocrx_word' id='word_1_90' title='bbox 312 1610 370 1690; x_wconf 82' lang='grc' dir='ltr'>καὶ</span> <span class='ocrx_word' id='word_1_91' title='bbox 394 1613 458 1709; x_wconf 83' lang='grc' dir='ltr'>τῆς</span> <span class='ocrx_word' id='word_1_92' title='bbox 483 1617 547 1689; x_wconf 94' lang='grc' dir='ltr'>τοῦ</span> <span class='ocrx_word' id='word_1_93' title='bbox 563 1614 659 1690; x_wconf 84' lang='grc' dir='ltr'>θεοῦ</span> <span class='ocrx_word' id='word_1_94' title='bbox 682 1612 741 1690; x_wconf 85' lang='grc' dir='ltr'>καὶ</span> <span class='ocrx_word' id='word_1_95' title='bbox 761 1608 917 1714; x_wconf 78' lang='grc' dir='ltr'>Πατρός,</span> <span class='ocrx_word' id='word_1_96' title='bbox 936 1613 1070 1715; x_wconf 85' lang='grc' dir='ltr'>πνεῦμα</span> <span class='ocrx_word' id='word_1_97' title='bbox 1091 1609 1149 1704; x_wconf 60' lang='grc' dir='ltr'>τῆς</span> <span class='ocrx_word' id='word_1_98' title='bbox 1165 1609 1355 1706; x_wconf 82' lang='grc' dir='ltr'>ἀληθείαςο</span> 
     </span>
     <span class='ocr_line' id='line_1_12' title="bbox 128 1727 1331 1843; baseline 0.003 -33"><span class='ocrx_word' id='word_1_99' title='bbox 128 1727 192 1810; x_wconf 81' lang='grc' dir='ltr'>τὸν</span> <span class='ocrx_word' id='word_1_100' title='bbox 212 1729 456 1836; x_wconf 90' lang='grc' dir='ltr'>Παράκλητον</span> <span class='ocrx_word' id='word_1_101' title='bbox 474 1729 561 1814; x_wconf 77' lang='grc' dir='ltr'>εἶναι</span> <span class='ocrx_word' id='word_1_102' title='bbox 586 1733 715 1835; x_wconf 89' lang='grc' dir='ltr'>λέγων,</span> <span class='ocrx_word' id='word_1_103' title='bbox 734 1733 834 1842; x_wconf 73' lang='grc' dir='ltr'>παρα</span> <span class='ocrx_word' id='word_1_104' title='bbox 854 1737 910 1814; x_wconf 84' lang='grc' dir='ltr'>τοῦ</span> <span class='ocrx_word' id='word_1_105' title='bbox 929 1734 1062 1842; x_wconf 71' lang='grc' dir='ltr'>Πατρὶς</span> <span class='ocrx_word' id='word_1_106' title='bbox 1085 1733 1331 1843; x_wconf 74' lang='grc' dir='ltr'>ἓκπιρειίεσθαί</span> 
     </span>
     <span class='ocr_line' id='line_1_13' title="bbox 130 1856 1328 1965; baseline 0.003 -31"><span class='ocrx_word' id='word_1_107' title='bbox 130 1861 256 1960; x_wconf 79' lang='grc' dir='ltr'>φησιν,</span> <span class='ocrx_word' id='word_1_108' title='bbox 286 1858 478 1964; x_wconf 88' lang='grc' dir='ltr'>ἀπελέγχει</span> <span class='ocrx_word' id='word_1_109' title='bbox 514 1893 552 1938; x_wconf 93' lang='grc' dir='ltr'>τε</span> <span class='ocrx_word' id='word_1_110' title='bbox 589 1865 720 1965; x_wconf 85' lang='grc' dir='ltr'>σαφῶς</span> <span class='ocrx_word' id='word_1_111' title='bbox 758 1861 817 1937; x_wconf 85' lang='grc' dir='ltr'>καὶ</span> <span class='ocrx_word' id='word_1_112' title='bbox 853 1859 1113 1964; x_wconf 80' lang='grc' dir='ltr'>ἀναμφιλόγως</span> <span class='ocrx_word' id='word_1_113' title='bbox 1150 1856 1328 1964; x_wconf 87' lang='grc' dir='ltr'>θεομάχον</span> 
     </span>
     <span class='ocr_line' id='line_1_14' title="bbox 130 1979 1325 2088; baseline 0.001 -28"><span class='ocrx_word' id='word_1_114' title='bbox 130 1979 340 2084; x_wconf 86' lang='grc' dir='ltr'>ὁλοκλήρως</span> <span class='ocrx_word' id='word_1_115' title='bbox 358 1979 421 2062; x_wconf 84' lang='grc' dir='ltr'>τόν</span> <span class='ocrx_word' id='word_1_116' title='bbox 439 1980 700 2088; x_wconf 86' lang='grc' dir='ltr'>χριστομάχον.</span> <span class='ocrx_word' id='word_1_117' title='bbox 741 1983 761 2062; x_wconf 88' lang='grc' dir='ltr'>ό</span> <span class='ocrx_word' id='word_1_118' title='bbox 788 1980 859 2085; x_wconf 82' lang='grc' dir='ltr'>γὰρ</span> <span class='ocrx_word' id='word_1_119' title='bbox 885 1981 981 2066; x_wconf 84' lang='grc' dir='ltr'>ὅλως</span> <span class='ocrx_word' id='word_1_120' title='bbox 1005 1985 1229 2085; x_wconf 84' lang='grc' dir='ltr'>ε’μπαροινεΐν</span> <span class='ocrx_word' id='word_1_121' title='bbox 1249 1984 1325 2062; x_wconf 89' lang='grc' dir='ltr'>ε’θε-</span> 
     </span>
     <span class='ocr_line' id='line_1_15' title="bbox 129 2101 1327 2214; baseline 0.002 -31"><span class='ocrx_word' id='word_1_122' title='bbox 129 2101 249 2204; x_wconf 84' lang='grc' dir='ltr'>λήσας</span> <span class='ocrx_word' id='word_1_123' title='bbox 276 2110 328 2212; x_wconf 80' lang='grc' dir='ltr'>τῷ</span> <span class='ocrx_word' id='word_1_124' title='bbox 355 2111 448 2214; x_wconf 76' lang='grc' dir='ltr'>Υἰῷ,</span> <span class='ocrx_word' id='word_1_125' title='bbox 475 2104 789 2208; x_wconf 81' lang='grc' dir='ltr'>πεπλημμεληκῦις</span> <span class='ocrx_word' id='word_1_126' title='bbox 816 2101 862 2185; x_wconf 84' lang='grc' dir='ltr'>ἀν</span> <span class='ocrx_word' id='word_1_127' title='bbox 889 2103 1030 2190; x_wconf 79' lang='grc' dir='ltr'>εἰκότως</span> <span class='ocrx_word' id='word_1_128' title='bbox 1057 2107 1116 2186; x_wconf 82' lang='grc' dir='ltr'>καὶ</span> <span class='ocrx_word' id='word_1_129' title='bbox 1144 2112 1192 2192; x_wconf 83' lang='grc' dir='ltr'>εἶς</span> <span class='ocrx_word' id='word_1_130' title='bbox 1219 2106 1327 2186; x_wconf 88' lang='grc' dir='ltr'>αῦτὸν</span> 
     </span>
     <span class='ocr_line' id='line_1_16' title="bbox 77 2227 644 2337; baseline 0.011 -33"><span class='ocrx_word' id='word_1_131' title='bbox 77 2258 116 2320; x_wconf 88' lang='lat'>¹5</span> <span class='ocrx_word' id='word_1_132' title='bbox 131 2235 247 2308; x_wconf 87' lang='grc' dir='ltr'>νοοῖτο</span> <span class='ocrx_word' id='word_1_133' title='bbox 265 2227 328 2310; x_wconf 84' lang='grc' dir='ltr'>τὸν</span> <span class='ocrx_word' id='word_1_134' title='bbox 346 2230 390 2337; x_wconf 85' lang='grc' dir='ltr'>ἐξ</span> <span class='ocrx_word' id='word_1_135' title='bbox 406 2229 515 2334; x_wconf 84' lang='grc' dir='ltr'>οῦτέρ</span> <span class='ocrx_word' id='word_1_136' title='bbox 531 2232 644 2311; x_wconf 84' lang='grc' dir='ltr'>ἐστιν.</span> 
     </span>
    </p>

    <p class='ocr_par' dir='ltr' id='par_1_3' title="bbox 130 2350 1330 2832">
     <span class='ocr_line' id='line_1_17' title="bbox 177 2350 1325 2468; baseline 0 -34"><span class='ocrx_word' id='word_1_137' title='bbox 177 2350 291 2434; x_wconf 86' lang='grc' dir='ltr'>’Όται</span> <span class='ocrx_word' id='word_1_138' title='bbox 309 2355 428 2436; x_wconf 85' lang='grc' dir='ltr'>τοίνυν</span> <span class='ocrx_word' id='word_1_139' title='bbox 447 2353 521 2468; x_wconf 75' lang='grc' dir='ltr'>ἔλθη</span> <span class='ocrx_word' id='word_1_140' title='bbox 540 2363 555 2436; x_wconf 80' lang='grc' dir='ltr'><strong><em>ὁ</em></strong></span> <span class='ocrx_word' id='word_1_141' title='bbox 578 2351 801 2463; x_wconf 81' lang='grc' dir='ltr'>Παράιιλητός</span> <span class='ocrx_word' id='word_1_142' title='bbox 820 2359 915 2461; x_wconf 83' lang='grc' dir='ltr'>φησι</span> <span class='ocrx_word' id='word_1_143' title='bbox 933 2351 969 2434; x_wconf 78' lang='grc' dir='ltr'>τλ</span> <span class='ocrx_word' id='word_1_144' title='bbox 995 2356 1130 2460; x_wconf 85' lang='grc' dir='ltr'>πνεῦμα</span> <span class='ocrx_word' id='word_1_145' title='bbox 1156 2353 1213 2448; x_wconf 66' lang='grc' dir='ltr'>τῆς</span> <span class='ocrx_word' id='word_1_146' title='bbox 1235 2361 1325 2450; x_wconf 80' lang='grc' dir='ltr'>ἀλη-</span> 
     </span>
     <span class='ocr_line' id='line_1_18' title="bbox 130 2473 1328 2584; baseline 0.002 -28"><span class='ocrx_word' id='word_1_147' title='bbox 130 2473 232 2576; x_wconf 80' lang='grc' dir='ltr'>θείας,</span> <span class='ocrx_word' id='word_1_148' title='bbox 267 2476 432 2560; x_wconf 80' lang='grc' dir='ltr'>τουτέστι</span> <span class='ocrx_word' id='word_1_149' title='bbox 467 2475 510 2559; x_wconf 82' lang='grc' dir='ltr'>τό</span> <span class='ocrx_word' id='word_1_150' title='bbox 542 2475 642 2578; x_wconf 83' lang='grc' dir='ltr'>ἐμὸν,</span> <span class='ocrx_word' id='word_1_151' title='bbox 678 2479 695 2558; x_wconf 73' lang='grc' dir='ltr'>’ὃ</span> <span class='ocrx_word' id='word_1_152' title='bbox 724 2474 824 2582; x_wconf 72' lang='grc' dir='ltr'>παρῦι</span> <span class='ocrx_word' id='word_1_153' title='bbox 854 2477 909 2560; x_wconf 87' lang='grc' dir='ltr'>τοῦ</span> <span class='ocrx_word' id='word_1_154' title='bbox 938 2473 1071 2584; x_wconf 74' lang='grc' dir='ltr'>Πατρός</span> <span class='ocrx_word' id='word_1_155' title='bbox 1106 2477 1328 2584; x_wconf 78' lang='grc' dir='ltr'>έιιπιριιίιται,</span> 
     </span>
     <span class='ocr_line' id='line_1_19' title="bbox 130 2599 1330 2712; baseline 0 -30"><span class='ocrx_word' id='word_1_156' title='bbox 130 2602 247 2688; x_wconf 69' lang='grc' dir='ltr'>ἐκεῖνος</span> <span class='ocrx_word' id='word_1_157' title='bbox 265 2604 460 2712; x_wconf 71' lang='grc' dir='ltr'>μαρτυρήσει</span> <span class='ocrx_word' id='word_1_158' title='bbox 480 2609 553 2710; x_wconf 66' lang='grc' dir='ltr'>περὶ</span> <span class='ocrx_word' id='word_1_159' title='bbox 574 2603 665 2707; x_wconf 80' lang='grc' dir='ltr'>ἐμοῦ.</span> <span class='ocrx_word' id='word_1_160' title='bbox 703 2599 925 2704; x_wconf 75' lang='grc' dir='ltr'>μαρτυρήσει</span> <span class='ocrx_word' id='word_1_161' title='bbox 942 2599 980 2682; x_wconf 77' lang='grc' dir='ltr'>δὲ</span> <span class='ocrx_word' id='word_1_162' title='bbox 999 2607 1099 2699; x_wconf 84' lang='grc' dir='ltr'>πῶς;</span> <span class='ocrx_word' id='word_1_163' title='bbox 1130 2604 1330 2705; x_wconf 78' lang='grc' dir='ltr'>ε’νεργῆσαν</span> 
     </span>
     <span class='ocr_line' id='line_1_20' title="bbox 130 2722 1329 2832; baseline 0 -28"><span class='ocrx_word' id='word_1_164' title='bbox 130 2723 203 2828; x_wconf 80' lang='grc' dir='ltr'>γὰρ</span> <span class='ocrx_word' id='word_1_165' title='bbox 230 2726 268 2804; x_wconf 86' lang='grc' dir='ltr'>έν</span> <span class='ocrx_word' id='word_1_166' title='bbox 295 2727 378 2826; x_wconf 83' lang='grc' dir='ltr'>ὑμῖν</span> <span class='ocrx_word' id='word_1_167' title='bbox 404 2759 443 2806; x_wconf 91' lang='grc' dir='ltr'>τε</span> <span class='ocrx_word' id='word_1_168' title='bbox 471 2729 530 2806; x_wconf 81' lang='grc' dir='ltr'>καὶ</span> <span class='ocrx_word' id='word_1_169' title='bbox 557 2727 599 2806; x_wconf 87' lang='grc' dir='ltr'>δι’</span> <span class='ocrx_word' id='word_1_170' title='bbox 621 2726 719 2825; x_wconf 81' lang='grc' dir='ltr'>ὑμῶν</span> <span class='ocrx_word' id='word_1_171' title='bbox 747 2723 793 2804; x_wconf 81' lang='grc' dir='ltr'>τὰ</span> <span class='ocrx_word' id='word_1_172' title='bbox 819 2723 1020 2832; x_wconf 83' lang='grc' dir='ltr'>παράδοξα,</span> <span class='ocrx_word' id='word_1_173' title='bbox 1046 2722 1182 2829; x_wconf 86' lang='grc' dir='ltr'>μάρτυς</span> <span class='ocrx_word' id='word_1_174' title='bbox 1209 2725 1329 2806; x_wconf 84' lang='grc' dir='ltr'>ε”σεται</span> 
     </span>
    </p>

    <p class='ocr_par' dir='ltr' id='par_1_4' title="bbox 78 2847 1498 3818">
     <span class='ocr_line' id='line_1_21' title="bbox 78 2847 1362 2955; baseline 0.005 -29"><span class='ocrx_word' id='word_1_175' title='bbox 78 2887 118 2927; x_wconf 80' lang='grc' dir='ltr'>ιο</span> <span class='ocrx_word' id='word_1_176' title='bbox 132 2847 263 2934; x_wconf 86' lang='grc' dir='ltr'>δίκαιός</span> <span class='ocrx_word' id='word_1_177' title='bbox 280 2883 319 2930; x_wconf 88' lang='grc' dir='ltr'>τε</span> <span class='ocrx_word' id='word_1_178' title='bbox 338 2853 397 2932; x_wconf 79' lang='grc' dir='ltr'>καὶ</span> <span class='ocrx_word' id='word_1_179' title='bbox 415 2849 552 2950; x_wconf 85' lang='grc' dir='ltr'>ἀληθὴς</span> <span class='ocrx_word' id='word_1_180' title='bbox 571 2854 635 2950; x_wconf 76' lang='grc' dir='ltr'>τῆς</span> <span class='ocrx_word' id='word_1_181' title='bbox 653 2851 739 2949; x_wconf 84' lang='grc' dir='ltr'>ε’μῆς</span> <span class='ocrx_word' id='word_1_182' title='bbox 757 2855 975 2952; x_wconf 83' lang='grc' dir='ltr'>θεοπρεποῦς</span> <span class='ocrx_word' id='word_1_183' title='bbox 993 2849 1171 2955; x_wconf 79' lang='grc' dir='ltr'>ἐξουσίας,</span> <span class='ocrx_word' id='word_1_184' title='bbox 1190 2852 1248 2929; x_wconf 86' lang='grc' dir='ltr'>καὶ</span> <span class='ocrx_word' id='word_1_185' title='bbox 1265 2853 1362 2948; x_wconf 78' lang='grc' dir='ltr'>τῆςᾱ</span> 
     </span>
     <span class='ocr_line' id='line_1_22' title="bbox 131 2969 1330 3076; baseline -0.001 -23"><span class='ocrx_word' id='word_1_186' title='bbox 131 2977 169 3054; x_wconf 81' lang='grc' dir='ltr'>έν</span> <span class='ocrx_word' id='word_1_187' title='bbox 187 2972 333 3075; x_wconf 79' lang='grc' dir='ltr'>δυνάμει</span> <span class='ocrx_word' id='word_1_188' title='bbox 354 2971 641 3076; x_wconf 88' lang='grc' dir='ltr'>μεγαλειότητος.</span> <span class='ocrx_word' id='word_1_189' title='bbox 680 2971 766 3071; x_wconf 83' lang='grc' dir='ltr'>ε’μόν</span> <span class='ocrx_word' id='word_1_190' title='bbox 783 2971 855 3074; x_wconf 81' lang='grc' dir='ltr'>γὰρ</span> <span class='ocrx_word' id='word_1_191' title='bbox 876 2974 1023 3076; x_wconf 74' lang='grc' dir='ltr'>Πνεῦμα,</span> <span class='ocrx_word' id='word_1_192' title='bbox 1041 2969 1082 3051; x_wconf 80' lang='grc' dir='ltr'>τό</span> <span class='ocrx_word' id='word_1_193' title='bbox 1107 2975 1273 3075; x_wconf 81' lang='grc' dir='ltr'>ἐνεργοῦν</span> <span class='ocrx_word' id='word_1_194' title='bbox 1291 2975 1330 3052; x_wconf 86' lang='grc' dir='ltr'>έν</span> 
     </span>
     <span class='ocr_line' id='line_1_23' title="bbox 132 3093 1326 3202; baseline 0 -24"><span class='ocrx_word' id='word_1_195' title='bbox 132 3099 228 3196; x_wconf 86' lang='grc' dir='ltr'>ῦμΐν·</span> <span class='ocrx_word' id='word_1_196' title='bbox 276 3094 401 3202; x_wconf 76' lang='grc' dir='ltr'>ὥσπερ</span> <span class='ocrx_word' id='word_1_197' title='bbox 437 3095 475 3178; x_wconf 77' lang='grc' dir='ltr'>δὲ</span> <span class='ocrx_word' id='word_1_198' title='bbox 512 3095 609 3197; x_wconf 81' lang='grc' dir='ltr'>ε’μῦν,</span> <span class='ocrx_word' id='word_1_199' title='bbox 641 3097 734 3176; x_wconf 80' lang='grc' dir='ltr'>οὕτω</span> <span class='ocrx_word' id='word_1_200' title='bbox 770 3097 829 3174; x_wconf 80' lang='grc' dir='ltr'>καὶ</span> <span class='ocrx_word' id='word_1_201' title='bbox 860 3101 924 3174; x_wconf 92' lang='grc' dir='ltr'>τοῦ</span> <span class='ocrx_word' id='word_1_202' title='bbox 957 3099 1053 3174; x_wconf 88' lang='grc' dir='ltr'>Θεοῦ</span> <span class='ocrx_word' id='word_1_203' title='bbox 1079 3099 1137 3174; x_wconf 82' lang='grc' dir='ltr'>καὶ</span> <span class='ocrx_word' id='word_1_204' title='bbox 1169 3093 1326 3197; x_wconf 89' lang='grc' dir='ltr'>Πατρός.</span> 
     </span>
     <span class='ocr_line' id='line_1_24' title="bbox 132 3214 1330 3324; baseline -0.004 -22"><span class='ocrx_word' id='word_1_205' title='bbox 132 3223 449 3324; x_wconf 81' lang='grc' dir='ltr'>ουγκαθυβρίσθαι</span> <span class='ocrx_word' id='word_1_206' title='bbox 477 3226 669 3322; x_wconf 88' lang='grc' dir='ltr'>τοιγαροῦν</span> <span class='ocrx_word' id='word_1_207' title='bbox 696 3216 834 3320; x_wconf 80' lang='grc' dir='ltr'>ἀνάγκη</span> <span class='ocrx_word' id='word_1_208' title='bbox 863 3223 955 3298; x_wconf 86' lang='grc' dir='ltr'>νοεῖν</span> <span class='ocrx_word' id='word_1_209' title='bbox 982 3214 1065 3302; x_wconf 88' lang='grc' dir='ltr'>τοῦς</span> <span class='ocrx_word' id='word_1_210' title='bbox 1093 3215 1136 3297; x_wconf 85' lang='grc' dir='ltr'>δι’</span> <span class='ocrx_word' id='word_1_211' title='bbox 1161 3215 1238 3302; x_wconf 82' lang='grc' dir='ltr'>ἑνὸς</span> <span class='ocrx_word' id='word_1_212' title='bbox 1265 3226 1330 3299; x_wconf 90' lang='grc' dir='ltr'>τοῦ</span> 
     </span>
     <span class='ocr_line' id='line_1_25' title="bbox 132 3338 1331 3448; baseline 0.003 -24"><span class='ocrx_word' id='word_1_213' title='bbox 132 3348 271 3447; x_wconf 82' lang='grc' dir='ltr'>ἀγαθοῦ</span> <span class='ocrx_word' id='word_1_214' title='bbox 301 3343 510 3444; x_wconf 82' lang='grc' dir='ltr'>Πνεῦματος</span> <span class='ocrx_word' id='word_1_215' title='bbox 545 3341 592 3423; x_wconf 78' lang='grc' dir='ltr'>τὰ</span> <span class='ocrx_word' id='word_1_216' title='bbox 627 3339 818 3448; x_wconf 83' lang='grc' dir='ltr'>παράδοξα</span> <span class='ocrx_word' id='word_1_217' title='bbox 854 3338 945 3444; x_wconf 78' lang='grc' dir='ltr'>πρὸς</span> <span class='ocrx_word' id='word_1_218' title='bbox 983 3343 1236 3446; x_wconf 89' lang='grc' dir='ltr'>πληροφορίαν</span> <span class='ocrx_word' id='word_1_219' title='bbox 1266 3345 1331 3441; x_wconf 83' lang='grc' dir='ltr'>τῆς</span> 
     </span>
     <span class='ocr_line' id='line_1_26' title="bbox 79 3462 1329 3573; baseline -0.002 -26"><span class='ocrx_word' id='word_1_220' title='bbox 79 3469 289 3563; x_wconf 77' lang='grc' dir='ltr'>α5πίοτεως</span> <span class='ocrx_word' id='word_1_221' title='bbox 323 3467 585 3572; x_wconf 84' lang='grc' dir='ltr'>ε’νεργήσαντας</span> <span class='ocrx_word' id='word_1_222' title='bbox 627 3469 674 3549; x_wconf 85' lang='grc' dir='ltr'>ὡς</span> <span class='ocrx_word' id='word_1_223' title='bbox 715 3469 753 3545; x_wconf 85' lang='grc' dir='ltr'>έν</span> <span class='ocrx_word' id='word_1_224' title='bbox 787 3463 975 3573; x_wconf 76' lang='grc' dir='ltr'>προσώπῳ</span> <span class='ocrx_word' id='word_1_225' title='bbox 1012 3470 1187 3567; x_wconf 90' lang='grc' dir='ltr'>Χριστοῦ,</span> <span class='ocrx_word' id='word_1_226' title='bbox 1225 3467 1263 3545; x_wconf 83' lang='grc' dir='ltr'>ἐν</span> <span class='ocrx_word' id='word_1_227' title='bbox 1299 3462 1329 3573; x_wconf 78' lang='grc' dir='ltr'><strong><em>ᾧ</em></strong></span> 
     </span>
     <span class='ocr_line' id='line_1_27' title="bbox 132 3587 1330 3700; baseline -0.003 -27"><span class='ocrx_word' id='word_1_228' title='bbox 132 3591 319 3700; x_wconf 76' lang='grc' dir='ltr'>κατῴκησε</span> <span class='ocrx_word' id='word_1_229' title='bbox 347 3592 438 3674; x_wconf 83' lang='grc' dir='ltr'>κατὰ</span> <span class='ocrx_word' id='word_1_230' title='bbox 465 3589 529 3672; x_wconf 79' lang='grc' dir='ltr'>τόν</span> <span class='ocrx_word' id='word_1_231' title='bbox 554 3595 717 3687; x_wconf 91' lang='grc' dir='ltr'>Παῦλον,</span> <span class='ocrx_word' id='word_1_232' title='bbox 739 3589 818 3694; x_wconf 85' lang='grc' dir='ltr'>οῦχὶ</span> <span class='ocrx_word' id='word_1_233' title='bbox 846 3589 951 3691; x_wconf 90' lang='grc' dir='ltr'>μέρος</span> <span class='ocrx_word' id='word_1_234' title='bbox 979 3623 1014 3668; x_wconf 94' lang='grc' dir='ltr'>τι</span> <span class='ocrx_word' id='word_1_235' title='bbox 1040 3593 1104 3688; x_wconf 79' lang='grc' dir='ltr'>τῆς</span> <span class='ocrx_word' id='word_1_236' title='bbox 1136 3587 1330 3697; x_wconf 82' lang='grc' dir='ltr'>ἀφράστου</span> 
     </span>
     <span class='ocr_line' id='line_1_28' title="bbox 133 3711 1498 3818; baseline -0.001 -20"><span class='ocrx_word' id='word_1_237' title='bbox 133 3715 308 3818; x_wconf 86' lang='grc' dir='ltr'>θεότητος,</span> <span class='ocrx_word' id='word_1_238' title='bbox 327 3717 412 3798; x_wconf 84' lang='grc' dir='ltr'>ἀλλ’</span> <span class='ocrx_word' id='word_1_239' title='bbox 432 3727 453 3766; x_wconf 87' lang='grc'><strong>“</strong></span> <span class='ocrx_word' id='word_1_240' title='bbox 467 3715 556 3796; x_wconf 83' lang='grc' dir='ltr'>ὅλον</span> <span class='ocrx_word' id='word_1_241' title='bbox 573 3714 615 3796; x_wconf 84' lang='grc' dir='ltr'>τὸ</span> <span class='ocrx_word' id='word_1_242' title='bbox 632 3711 813 3815; x_wconf 81' lang='grc' dir='ltr'>πλήρωμα</span> <span class='ocrx_word' id='word_1_243' title='bbox 831 3713 1076 3810; x_wconf 84' lang='grc' dir='ltr'>σωματικῶς.”</span> <span class='ocrx_word' id='word_1_244' title='bbox 1341 3749 1359 3794; x_wconf 85' lang='lat' dir='ltr'>e</span> <span class='ocrx_word' id='word_1_245' title='bbox 1376 3745 1428 3796; x_wconf 65' lang='grc' dir='ltr'>οτι.</span> <span class='ocrx_word' id='word_1_246' title='bbox 1437 3747 1463 3796; x_wconf 80' lang='grc' dir='ltr'>τι.</span> <span class='ocrx_word' id='word_1_247' title='bbox 1474 3759 1498 3810; x_wconf 85' lang='lat'>9.</span> 
     </span>
    </p>

    <p class='ocr_par' dir='ltr' id='par_1_5' title="bbox 190 3835 1331 3944">
     <span class='ocr_line' id='line_1_29' title="bbox 190 3835 1331 3944; baseline -0.005 -22"><span class='ocrx_word' id='word_1_248' title='bbox 190 3847 471 3944; x_wconf 88' lang='grc' dir='ltr'>Μαρτυροῦντος</span> <span class='ocrx_word' id='word_1_249' title='bbox 488 3839 526 3921; x_wconf 80' lang='grc' dir='ltr'>δὲ</span> <span class='ocrx_word' id='word_1_250' title='bbox 539 3848 604 3922; x_wconf 94' lang='grc' dir='ltr'>τοῦ</span> <span class='ocrx_word' id='word_1_251' title='bbox 624 3836 843 3936; x_wconf 88' lang='grc' dir='ltr'>Πνεόματος,</span> <span class='ocrx_word' id='word_1_252' title='bbox 855 3835 1223 3944; x_wconf 81' lang='grc' dir='ltr'>συνεπιμαρτνρὴσετέ</span> <span class='ocrx_word' id='word_1_253' title='bbox 1236 3843 1331 3944; x_wconf 81' lang='grc' dir='ltr'>φησι</span> 
     </span>
    </p>

    <p class='ocr_par' dir='ltr' id='par_1_6' title="bbox 82 3959 1331 4192">
     <span class='ocr_line' id='line_1_30' title="bbox 133 3959 1331 4069; baseline -0.005 -23"><span class='ocrx_word' id='word_1_254' title='bbox 133 3966 191 4046; x_wconf 80' lang='grc' dir='ltr'>καὶ</span> <span class='ocrx_word' id='word_1_255' title='bbox 219 3971 313 4069; x_wconf 76' lang='grc' dir='ltr'>ὑμεῖς</span> <span class='ocrx_word' id='word_1_256' title='bbox 343 3965 454 4046; x_wconf 82' lang='grc' dir='ltr'>αὐτοί.</span> <span class='ocrx_word' id='word_1_257' title='bbox 507 3961 677 4068; x_wconf 87' lang='grc' dir='ltr'>γεγόνατε</span> <span class='ocrx_word' id='word_1_258' title='bbox 709 3961 781 4065; x_wconf 85' lang='grc' dir='ltr'>γὰρ</span> <span class='ocrx_word' id='word_1_259' title='bbox 814 3959 987 4041; x_wconf 84' lang='grc' dir='ltr'>αὐτόπται</span> <span class='ocrx_word' id='word_1_260' title='bbox 1018 3962 1077 4040; x_wconf 81' lang='grc' dir='ltr'>καὶ</span> <span class='ocrx_word' id='word_1_261' title='bbox 1105 3964 1231 4060; x_wconf 85' lang='grc' dir='ltr'>θεωροὶ</span> <span class='ocrx_word' id='word_1_262' title='bbox 1258 3967 1331 4040; x_wconf 82' lang='grc' dir='ltr'>τῶν</span> 
     </span>
     <span class='ocr_line' id='line_1_31' title="bbox 82 4082 1244 4192; baseline 0 -28"><span class='ocrx_word' id='word_1_263' title='bbox 82 4126 121 4182; x_wconf 87' lang='lat'>30</span> <span class='ocrx_word' id='word_1_264' title='bbox 132 4086 232 4192; x_wconf 77' lang='grc' dir='ltr'>παρὰ</span> <span class='ocrx_word' id='word_1_265' title='bbox 250 4095 322 4174; x_wconf 82' lang='grc' dir='ltr'>τοῖς</span> <span class='ocrx_word' id='word_1_266' title='bbox 346 4091 443 4172; x_wconf 80' lang='grc' dir='ltr'>ἰδίοις</span> <span class='ocrx_word' id='word_1_267' title='bbox 461 4087 735 4187; x_wconf 85' lang='grc' dir='ltr'>τετελεσμένων,</span> <span class='ocrx_word' id='word_1_268' title='bbox 753 4087 806 4166; x_wconf 78' lang='grc' dir='ltr'>ἀεὶ</span> <span class='ocrx_word' id='word_1_269' title='bbox 824 4082 993 4168; x_wconf 90' lang='grc' dir='ltr'>συνόντες</span> <span class='ocrx_word' id='word_1_270' title='bbox 1012 4085 1060 4166; x_wconf 82' lang='grc' dir='ltr'>ὡς</span> <span class='ocrx_word' id='word_1_271' title='bbox 1077 4083 1244 4183; x_wconf 84' lang='grc' dir='ltr'>μαθηταί.</span> 
     </span>
    </p>
   </div>
   <div class='ocr_carea' id='block_1_3' title="bbox 135 4319 1332 4475">
    <p class='ocr_par' dir='ltr' id='par_1_7' title="bbox 135 4319 1332 4475">
     <span class='ocr_line' id='line_1_32' title="bbox 169 4319 1331 4407; baseline -0.008 -18"><span class='ocrx_word' id='word_1_272' title='bbox 169 4347 197 4406; x_wconf 85' lang='lat'>5.</span> <span class='ocrx_word' id='word_1_273' title='bbox 214 4323 293 4389; x_wconf 74' lang='grc' dir='ltr'>αιίιοῦ</span> <span class='ocrx_word' id='word_1_274' title='bbox 305 4352 331 4406; x_wconf 88' lang='lat' dir='ltr'>q.</span> <span class='ocrx_word' id='word_1_275' title='bbox 344 4333 458 4388; x_wconf 73' lang='lat' dir='ltr'><strong>Veecun.</strong></span> <span class='ocrx_word' id='word_1_276' title='bbox 471 4333 539 4407; x_wconf 69' lang='grc' dir='ltr'>αὐτῷ</span> <span class='ocrx_word' id='word_1_277' title='bbox 552 4331 604 4388; x_wconf 84' lang='grc' dir='ltr'>Εδ.</span> <span class='ocrx_word' id='word_1_278' title='bbox 780 4319 786 4332; x_wconf 79' lang='grc'><strong>’</strong></span> <span class='ocrx_word' id='word_1_279' title='bbox 831 4345 872 4383; x_wconf 80' lang='grc' dir='ltr'>ιο.</span> <span class='ocrx_word' id='word_1_280' title='bbox 891 4349 919 4382; x_wconf 89' lang='grc' dir='ltr'>τε</span> <span class='ocrx_word' id='word_1_281' title='bbox 931 4335 1099 4398; x_wconf 71' lang='lat' dir='ltr'><strong>assumptum</strong></span> <span class='ocrx_word' id='word_1_282' title='bbox 1114 4345 1145 4382; x_wconf 83' lang='lat' dir='ltr'>ex</span> <span class='ocrx_word' id='word_1_283' title='bbox 1162 4327 1220 4400; x_wconf 83' lang='lat' dir='ltr'><strong>E.q.</strong></span> <span class='ocrx_word' id='word_1_284' title='bbox 1233 4327 1331 4382; x_wconf 84' lang='lat' dir='ltr'>Vecco.</span> 
     </span>
     <span class='ocr_line' id='line_1_33' title="bbox 135 4397 1332 4475; baseline -0.008 -16"><span class='ocrx_word' id='word_1_285' title='bbox 135 4403 178 4459; x_wconf 70' lang='grc' dir='ltr'>αδ.</span> <span class='ocrx_word' id='word_1_286' title='bbox 197 4427 325 4472; x_wconf 86' lang='grc' dir='ltr'>συνεπιμα</span> <span class='ocrx_word' id='word_1_287' title='bbox 372 4403 470 4475; x_wconf 73' lang='grc' dir='ltr'>ρίγσητε</span> <span class='ocrx_word' id='word_1_288' title='bbox 483 4403 514 4458; x_wconf 77' lang='grc' dir='ltr'>Ε.</span> <span class='ocrx_word' id='word_1_289' title='bbox 650 4418 694 4472; x_wconf 81' lang='grc' dir='ltr'>3ο.</span> <span class='ocrx_word' id='word_1_290' title='bbox 713 4397 800 4470; x_wconf 67' lang='grc' dir='ltr'>ἰδίοις]</span> <span class='ocrx_word' id='word_1_291' title='bbox 815 4399 937 4455; x_wconf 83' lang='grc' dir='ltr'>ἶουδοίοις</span> <span class='ocrx_word' id='word_1_292' title='bbox 948 4397 1088 4452; x_wconf 77' lang='lat' dir='ltr'>emendare</span> <span class='ocrx_word' id='word_1_293' title='bbox 1100 4398 1185 4454; x_wconf 81' lang='lat' dir='ltr'>voluit</span> <span class='ocrx_word' id='word_1_294' title='bbox 1196 4401 1224 4470; x_wconf 78' lang='lat' dir='ltr'>(a</span> <span class='ocrx_word' id='word_1_295' title='bbox 1237 4397 1332 4468; x_wconf 79' lang='lat' dir='ltr'>Migne</span> 
     </span>
    </p>
   </div>
   <div class='ocr_carea' id='block_1_4' title="bbox 134 4468 1099 4546">
    <p class='ocr_par' dir='ltr' id='par_1_8' title="bbox 134 4468 1099 4546">
     <span class='ocr_line' id='line_1_34' title="bbox 134 4468 1099 4546; baseline -0.006 -16"><span class='ocrx_word' id='word_1_296' title='bbox 134 4475 192 4546; x_wconf 76' lang='lat' dir='ltr'><strong>cit.)</strong></span> <span class='ocrx_word' id='word_1_297' title='bbox 205 4475 292 4532; x_wconf 73' lang='lat' dir='ltr'>Cotel.</span> <span class='ocrx_word' id='word_1_298' title='bbox 306 4505 316 4530; x_wconf 84' lang='grc' dir='ltr'>ι</span> <span class='ocrx_word' id='word_1_299' title='bbox 338 4492 430 4532; x_wconf 87' lang='lat' dir='ltr'><strong>onum.</strong></span> <span class='ocrx_word' id='word_1_300' title='bbox 446 4473 518 4530; x_wconf 72' lang='lat' dir='ltr'>Eecl.</span> <span class='ocrx_word' id='word_1_301' title='bbox 532 4472 578 4528; x_wconf 82' lang='lat' dir='ltr'>Gr.</span> <span class='ocrx_word' id='word_1_302' title='bbox 593 4472 620 4530; x_wconf 79' lang='lat' dir='ltr'>ii.</span> <span class='ocrx_word' id='word_1_303' title='bbox 634 4487 696 4544; x_wconf 85' lang='lat'><strong>520,</strong></span> <span class='ocrx_word' id='word_1_304' title='bbox 709 4469 756 4526; x_wconf 77' lang='lat' dir='ltr'>sed</span> <span class='ocrx_word' id='word_1_305' title='bbox 769 4475 873 4542; x_wconf 71' lang='lat' dir='ltr'>praeter</span> <span class='ocrx_word' id='word_1_306' title='bbox 885 4487 940 4525; x_wconf 84' lang='lat' dir='ltr'>rem</span> <span class='ocrx_word' id='word_1_307' title='bbox 954 4477 984 4524; x_wconf 77' lang='lat' dir='ltr'>ut</span> <span class='ocrx_word' id='word_1_308' title='bbox 995 4468 1099 4539; x_wconf 84' lang='lat' dir='ltr'>opinor.</span> 
     </span>
    </p>
   </div>
   <div class='ocr_carea' id='block_1_5' title="bbox 179 4667 745 4728">
    <p class='ocr_par' dir='ltr' id='par_1_9' title="bbox 179 4667 745 4728">
     <span class='ocr_line' id='line_1_35' title="bbox 179 4667 745 4728; baseline -0.011 -12"><span class='ocrx_word' id='word_1_309' title='bbox 179 4671 250 4716; x_wconf 75' lang='grc' dir='ltr'>τοι.</span> <span class='ocrx_word' id='word_1_310' title='bbox 268 4672 305 4716; x_wconf 91' lang='lat'>11.</span> <span class='ocrx_word' id='word_1_311' title='bbox 696 4667 745 4728; x_wconf 89' lang='lat'>41</span> 
     </span>
    </p>
   </div>
   <div class='ocr_carea' id='block_1_6' title="bbox 0 0 1651 5118">
    <p class='ocr_par' dir='ltr' id='par_1_10' title="bbox 0 0 1651 5118">
     <span class='ocr_line' id='line_1_36' title="bbox 0 0 1651 5118; baseline 0 0"><span class='ocrx_word' id='word_1_312' title='bbox 0 0 1651 5118; x_wconf 95' lang='lat' dir='ltr'> </span> 
     </span>
    </p>
   </div>
  </div>
 </body>
</html>
