3238 5114
314 250 378 312 704
616 249 656 313 Β.
681 247 892 314 CYRILLI
923 245 1214 314 ALEXANDR.
1380 237 1530 320 xvii.13·

313 411 404 516 πρὸς
439 411 579 514 ἡδονᾶς,
611 413 725 516 ἤγουν
757 420 806 499 εἰς
837 415 958 519 ἕτερον
987 414 1164 518 ἁμαρτίας
1196 411 1349 516 τρόπον·
1397 413 1430 486 εἰ
1460 405 1528 502 τὴν

313 538 443 618 οἰκείαν
461 537 559 636 ἡμεῖς
577 538 674 644 αι’πῷ
697 539 940 643 χαρισαίμεθα
958 538 1229 638 βούλησιν,καί
1251 542 1332 618 ταῖς
1352 537 1406 616 εἰς
1426 538 1525 637 φαν·

314 657 452 762 λότητα
475 663 603 764 ῥοπαῖς
627 660 772 746 ἑαυτοὺς
797 662 961 747 καθέντες
979 668 1029 748 εἰς
1047 661 1111 744 τὸν
1130 661 1262 743 ἐκείνου
1286 656 1435 764 βρόχον
1454 659 1526 734 διε·

313 785 542 890 λεγχοίμεθα,
563 791 641 869 πῶς
666 782 712 864 ἂν
728 785 848 888 ἕτερον
875 785 926 868 ε”τι
953 783 1162 939 πρεπόντως
1181 784 1447 882 αἰτιασαίμεθα
1464 781 1525 861 καί

314 912 393 1017 οὐχι
380 913 557 1010 μᾶλλον
575 919 652 999 ταῖς
669 913 805 994 εαυτῶν
818 911 1058 1008 ιίβουλίαις
1022 946 1065 994 το
1083 918 1210 994 παθεῖν
1226 906 1522 1015 έπιγράψωμεν;
1535 938 1550 996 5

147 1035 338 1164 Ῑῖιῗᾌη
318 1033 333 1066 ἰ
314 1036 442 1140 ἡγὰρ
478 1036 521 1116 οιί
549 1034 655 1118 τοῦτό
687 1037 799 1134 ἐστιν,
833 1033 919 1138 ὅπερ
950 1035 1064 1140 εἰρηκε
1096 1033 1296 1140 φθάσας’
1279 1068 1300 1112 ο
1333 1029 1523 1128 Σολομαίν

149 1173 264 1231 θ’ΠᾸν
286 1171 336 1228 ²“
354 1161 572 1266 Ἀφροσιίνη
599 1157 728 1264 ἀνδρὸς
760 1159 969 1258 λυμαίνεται
999 1159 1064 1311 τρίς
1091 1157 1195 1244 ὁδοιίς
1223 1159 1350 1254 αὐτοῦ,
1382 1154 1453 1235 τὸν
1482 1151 1521 1232 δε

313 1294 337 1334 “
355 1282 514 1366 θεόν’
478 1289 632 1364 αιτιᾶται
657 1317 704 1388 τῃ
686 1285 925 1390 καρδία’
883 1284 1015 1364 αυτοῦ·’
1017 1281 1196 1362 ’ἀλλ’
1171 1316 1273 1363 εστιν
1300 1281 1368 1359 οὐκ
1397 1279 1518 1384 ιίμφί-

314 1419 442 1510 λογον.
492 1413 521 1488 εἰ
548 1405 614 1506 μέν
643 1407 706 1488 οὖν
740 1407 781 1487 οιί
808 1411 919 1506 μετῆν
950 1413 1002 1515 τῷ
1031 1402 1190 1511 προδότῃ
1219 1407 1284 1504 τῆς
1314 1400 1423 1504 παρὰ
1455 1409 1523 1480 τοῦ

315 1535 484 1636 Σωτῆρος
502 1530 703 1633 ἐπικουρίας
722 1531 760 1609 έν
778 1529 849 1638 ἰσερ
867 1537 941 1615 τοῖς
959 1530 1088 1614 ἄλλοις
1111 1528 1307 1610 ἀπολαύειν
1324 1530 1521 1626 μαθηταῖς,
1535 1564 1565 1604 ιο

313 1655 541 1736 ἐπιδεικνύτω
568 1688 633 1752 τις,
652 1689 711 1735 και
697 1652 928 1753 ἡττήμεθα·
955 1688 985 1732 ει
975 1649 1042 1734 ’δε
1059 1659 1132 1738 τοῖς
1150 1652 1314 1736 ἅλλοις’
1294 1685 1334 1731 εν
1352 1649 1428 1757 ἰσῳ
1452 1649 1522 1746 τὴν

313 1781 353 1860 έκ
382 1813 445 1928 της
474 1779 569 1862 θείας
593 1773 737 1883 χάριτος
764 1811 856 1883 εχων
878 1774 1090 1880 περιβολὴν,
1107 1777 1151 1884 ἐξ
1178 1777 1275 1856 ἰδίων
1292 1770 1521 1924 θεληροίτων

313 1907 363 1988 εἰς
380 1899 423 1982 τό
440 1905 506 2001 τῆς
522 1899 704 1984 ἀπωλείας
725 1900 931 1982 κατόλισθε
952 1899 1148 2004 βάραθρον,
1166 1905 1245 1984 πῶς
1263 1899 1306 1978 οὐ
1322 1895 1520 2000 τετήρηκεν

313 2023 585 2130 όΧριοτος
543 2059 590 2104 τα
616 2027 655 2104 έκ
677 2028 741 2124 τὴς
765 2024 892 2109 οἰκείας
917 2022 1133 2128 ἡμερότητος
1160 2020 1310 2120 ἐπιδοὺς,
1334 2023 1395 2102 καί
1425 2021 1519 2102 ὅσον

312 2149 397 2250 ἡκεν
414 2153 464 2234 εἰς
484 2147 551 2249 τὴν
570 2152 634 2248 τῆς
661 2148 866 2252 ἀσφαλείαις
893 2149 1056 2229 ἐπίδοσιν
1075 2152 1255 2228 διασῶσαι
1281 2144 1346 2228 τὸν
1367 2145 1515 2249 ἅνθρω-
1531 2183 1562 2240 15

312 2307 394 2371 πον,
422 2277 452 2353 εἰ
480 2271 531 2372 μὴ
555 2269 598 2352 τὸ
625 2277 754 2353 παθεῖν
776 2271 955 2373 ἠθέλησεν
974 2271 1019 2380 ἐξ
1042 2269 1141 2352 ἰδίων
1159 2269 1372 2372 θελημοίτων
1390 2269 1512 2354 αὐτός.

280 2395 484 2504 δδιέπρεψε
507 2404 597 2498 γοῦν
614 2397 653 2476 έν
670 2403 744 2481 τοῖς
764 2394 893 2498 ἑτέροις
913 2395 935 2494 ἡ
954 2395 1068 2501 χάρις,
1087 2393 1191 2500 μέχρι
1213 2391 1349 2478 παντὸς
1371 2393 1511 2473 διασό-

315 2554 421 2600 σασα
441 2519 524 2604 τοὺς
542 2518 608 2618 τὴν
627 2517 718 2598 ἰδίαν
733 2520 944 2622 προαίρεσιν
961 2519 1187 2620 συνεργάτην
1205 2515 1330 2620 όίσπερ
1348 2551 1511 2618 ποιησα-

316 2641 441 2742 μένους
463 2643 566 2748 αι’πὴ.
607 2646 785 2723 διοικεῖται
813 2641 885 2747 γὰρ
904 2645 996 2724 οὕτω
1024 2646 1088 2742 τῆς
1111 2642 1266 2724 ἑκάστου
1288 2643 1514 2744 σωτηρίαςὸ

316 2769 459 2874 τρόπος.
521 2823 525 2831 -
1526 2811 1557 2850 ιο

319 2951 377 3021 Καί
402 2957 504 3022 ταῦτα
531 2953 625 3021 λαλῶ
651 2951 686 3021 ἓν
709 2956 757 3040 τῷ
783 2955 905 3039 κόσμῳ,
928 2953 981 3020 ἰνα
1004 2954 1103 3042 ἔχωσι
1129 2949 1188 3021 τιίν
1211 2955 1313 3047 χαρὰν
1340 2954 1402 3020 τιίν
1430 2953 1512 3032 ἐμιίν

676 3079 940 3170 πεπληρωμένον
966 3082 1002 3146 ἐν
1030 3075 1152 3152 αὐτοῖς.

373 3217 612 3318 Διαμέμνησο
635 3215 749 3299 πάλιν
772 3213 823 3298 ὧν
849 3217 1018 3320 ἐλέγομεν
1036 3218 1176 3320 οἰρτίως,
1194 3219 1253 3297 καί
1277 3215 1452 3316 συνὴσεις
1476 3219 1513 3296 εὖ
1595 3261 1596 3286 ι

316 3338 418 3440 μάλα
443 3349 507 3422 τοῦ
530 3341 761 3444 προκειμένου
783 3339 848 3422 τὸν
870 3350 963 3424 νοῦν.
1002 3341 1124 3442 διττὴν
1146 3339 1217 3444 γὰρ
1241 3340 1327 3441 ἡμῖν
1344 3345 1511 3446 πανταχῆ
1595 3337 1596 3344 ¹

317 3471 381 3544 τοῦ
400 3465 489 3544 ἰδίου
506 3463 707 3568 προσώπου
725 3463 928 3544 διεσοίσατα
944 3462 1011 3564 τὴν
1027 3464 1345 3568 παράστασιν,καί
1362 3463 1405 3544 τὸ
1420 3471 1511 3544 θεῖον
1523 3499 1550 3556 ²5

288 3589 356 3666 οέν
374 3588 487 3694 ἑαυτῷ
513 3587 709 3689 διαπρέπον
730 3587 871 3694 ἀξίωμα
899 3587 1043 3685 δεικνὺς,
1066 3591 1124 3668 καί
1150 3586 1193 3667 τὸ
1219 3587 1424 3691 πρότοντῇ
1450 3591 1509 3667 τίν-

318 3709 521 3815 θρωπότητι
558 3709 687 3813 μέτρον
720 3713 784 3791 οὐκ
821 3711 1034 3811 ἀπόβλητον
1071 3708 1314 3811 ποιησάμενος
1351 3705 1413 3791 διοί
1449 3709 1510 3810 τὴν

317 3834 531 3935 οἰκονομίαν.
581 3837 639 3913 καί
676 3831 747 3936 γὰρ
777 3832 821 3934 ἦν
850 3869 927 3920 πως
963 3837 1099 3916 ἄτοπον
1131 3834 1360 3942 ε’ξαρνεῖσθαι
1397 3837 1510 3914 θέλειν

317 3955 426 4039 αἰπόν
451 3955 493 4038 τό
520 3959 563 4036 δι’
587 3957 680 4057 ἡμᾶς
703 3958 873 4041 ἑκουσίως
899 3957 1154 4065 προσληφθέν.
1195 3957 1337 4043 οὐδενός
1364 3956 1436 4062 γὰρ
1463 3959 1509 4038 ὧν

314 4077 464 4180 ἐπιδεὴς,
483 4079 615 4165 τέλειος
634 4079 671 4162 δέ
691 4079 782 4162 κατὰ
799 4080 918 4162 πάντα
937 4083 976 4161 ε’κ
994 4083 1132 4162 τελείου
1150 4079 1306 4185 Πατρός,
1326 4081 1508 4162 κεκένωκεν
1519 4121 1546 4176 ³0

316 4201 453 4303 ἑαυτὸν,
471 4205 539 4310 οὐχ
562 4207 675 4311 ἑαυτῷ
697 4239 732 4284 τι
757 4211 829 4284 τῶν
850 4204 1041 4309 χρησίμων
1058 4203 1407 4310 πραγματευόμενος,
1426 4209 1505 4287 ἀλλ’

316 4327 400 4425 ἡμῖν
430 4327 547 4411 αὐτοῖς
579 4324 621 4405 τὸ
648 4328 688 4404 ἐκ
712 4329 776 4424 τῆς
803 4327 984 4412 κενώσεως
1011 4329 1197 4435 προξενῶν
1224 4325 1374 4430 ἀγαθόν.
1417 4329 1507 4411 Θεὸν

706 4490 748 4550 15.
768 4477 959 4548 Legendumne
971 4479 1122 4538 διυσιίνσυς.ἰ
