3274 5118
124 375 240 438 τινοιν.
311 359 367 422 ΙΝ
397 359 431 425 S.
456 358 711 424 JOANNEM.
757 360 851 425 LIB.
877 361 917 425 X.
964 361 1065 427 CAP.
1090 361 1136 424 11.
1254 357 1317 420 603

124 524 278 607 καὶτοῖς
300 521 358 603 διά
383 525 570 609 Μωυσέως
599 525 894 624 τεθεσπισμένοις
920 524 963 605 τὸ
991 529 1119 631 χρῆναι
1147 530 1247 605 νικᾶν
1266 522 1319 600 ἀεὶ

124 643 356 749 χαριζόμενοι,
376 646 523 748 γνήσωί
542 682 634 732 τινες
658 653 722 748 τῆς
747 655 795 732 είς
815 649 910 730 Θεὸν
927 649 1072 752 ἀγάπης
1095 651 1319 750 εὑρίσκονται

125 767 297 874 φύλακες.
336 771 403 851 ἔδει
431 779 620 873 τοιγαροῦν
641 769 683 851 τί)
706 771 771 869 μίν
789 774 826 851 ἐν
844 775 984 856 ἐκείνοις
1013 777 1143 852 εἰκαῖον
1162 769 1320 876 ἀποφαί-

125 899 252 972 νεσθαι
287 893 451 1000 φύσημα,
486 901 613 994 μαθεῖν
645 893 683 974 δέ
717 891 783 992 τὴν
816 893 1030 994 οἰκουμένην,
1063 899 1117 974 ὅτι
1150 902 1225 979 τοῖς
1256 901 1320 973 τοῦ

91 1021 293 1121 ὅΣωτῆρος
321 1017 577 1126 ἀντεξάγοντες
605 1017 736 1116 νόμοις,
754 1016 846 1121 πρὸς
873 1019 1077 1120 ὁλόκληρον
1105 1016 1230 1120 ὥσπερ
1255 1016 1349 1116 τὴνα
1368 1032 1487 1090 907Α.

125 1144 224 1222 θείαν
248 1143 371 1248 έχουσι
400 1142 515 1246 φύσιν
539 1141 758 1244 ύβρισμένην
786 1143 824 1220 ε’ν
845 1147 933 1248 Υίῷ,
962 1141 1021 1223 διά
1045 1146 1109 1242 τῆς
1136 1145 1320 1243 παρακοῆς

125 1270 184 1346 καί
211 1271 275 1366 τῆς
296 1268 389 1346 οὕτω
414 1273 552 1369 μακροῖς
579 1269 638 1345 καὶ
666 1265 949 1371 ἀπροφασίστου
977 1267 1105 1347 λοιπὸν
1131 1266 1320 1361 ἀπειθείας,

124 1389 170 1489 ἣν
188 1391 231 1470 ού
255 1388 366 1487 μόνον
384 1393 501 1474 ίδικῶς
518 1396 567 1472 είς
591 1386 633 1469 τό
659 1395 786 1468 οίκεῖον
803 1393 1043 1469 ἐπιτελεῖσθαι
1065 1387 1265 1492 πρόσωπον
1283 1389 1322 1467 εὖ

124 1511 228 1611 μάλα
255 1513 516 1618 διισχυρίζεται,
541 1511 641 1592 ἀλλὰ
668 1515 727 1592 καί
755 1515 794 1592 ἐν
817 1521 891 1597 τοῖς
921 1511 985 1593 τὸν
1014 1513 1102 1617 ὑπὲρ
1125 1515 1234 1592 αι’ττοῦ
1262 1514 1321 1591 καί

71 1665 111 1706 10
125 1637 168 1715 δι’
189 1635 297 1717 αὐτὸν
319 1636 565 1740 πρεσβεύουσι
592 1633 718 1738 λόγον.
760 1634 937 1740 θεομάχος
963 1638 1026 1717 οὖν
1044 1638 1114 1739 ἀρα
1138 1640 1196 1715 καί
1214 1637 1317 1738 ὑβρι-
1420 1715 1425 1728 ,

124 1759 228 1860 στὴς,
257 1759 433 1863 καὶπρὸς
462 1758 552 1858 ὅλην
579 1759 672 1864 έχων
701 1759 767 1860 τὴν
794 1756 949 1864 ἀῤῥητόν
976 1793 1016 1839 τε
1045 1763 1102 1840 καί
1128 1759 1321 1867 ἄφραστον

125 1885 250 1991 φύσιν,
279 1885 300 1963 ὁ
328 1885 386 1964 καὶ
418 1884 537 1967 αὐτοῖς
568 1890 642 1966 τοῖς
675 1883 788 1984 ἁγίοις
818 1879 1040 1967 ἀποστόλοις
1072 1882 1321 1986 ἀντιπράττειν

125 2009 321 2112 ἐπιχειρῶν.
355 2005 570 2110 κηρύττουσι
588 2006 660 2109 γάρ
678 2008 746 2112 ούχ
761 2005 916 2103 ἑαυτοὺς,
936 2005 1036 2086 ἀλλὰ
1053 2007 1116 2088 τὸν
1132 2011 1205 2086 τῶν
1224 2005 1321 2086 ὅλων
1333 2021 1353 2083 b
1366 1999 1445 2127 ᾖξ’·

127 2129 222 2211 Θεὸν
240 2134 299 2212 καὶ
319 2132 465 2235 Κύριον,
484 2129 649 2211 τουτέστι
667 2127 843 2234 Χριστόν.

74 2419 111 2479 15
130 2397 165 2464 Εί
196 2402 235 2465 τὰ
267 2400 344 2490 ἔρτα
377 2403 419 2478 μιλ
451 2401 591 2468 ὲποίιισο
623 2404 657 2467 ἐν
689 2401 797 2469 αὐτοῖς
829 2405 850 2468 ἀ
884 2401 996 2478 μιιδείο
1027 2401 1128 2466 ἄλλοι
1158 2395 1372 2476 &minoem

177 2525 338 2615 ἁμαρτίαν
365 2527 422 2591 οὐκ
450 2521 590 2613 εἴχοσαν·
629 2527 696 2592 νυνί
723 2527 760 2594 δὲ
787 2529 839 2592 καί
861 2529 1027 2616 ἑωράκασι
1051 2525 1104 2590 καί
1127 2525 1321 2602 μεμιοιίκαοι

178 2652 231 2716 καί
257 2650 313 2726 ἐμὲ
342 2649 395 2714 καί
422 2652 477 2717 τὸν
505 2653 634 2740 Πατέρα
662 2675 734 2728 μου.

184 2822 326 2902 Οὐδένα
355 2831 429 2908 τοῖς
456 2821 641 2907 Ἰουδαίοις
670 2831 945 2932 περιλελεῖφθαι
975 2822 1089 2928 λόγον
1122 2829 1169 2906 είς
1198 2820 1240 2901 τὸ
1270 2818 1320 2919 μὴ

127 2949 254 3049 χρῆναι
281 2943 498 3048 κολάζεσθαι
525 2949 680 3030 καὶτοῖς
707 2947 915 3046 ἀνηκέστοις
939 2953 1157 3050 περιπεσεῖν,
1180 2948 1238 3025 καὶ
1263 2941 1321 3023 διὰ

73 3111 113 3151 20
127 3071 262 3150 τούτων
282 3069 382 3150 οὐδέν
399 3070 507 3171 ἧττον
526 3069 707 3174 ἀπέφηνεν
727 3071 746 3146 ὁ
766 3069 943 3172 Χριστός.
979 3071 1141 3176 φαίνεται
1159 3068 1230 3171 γὰρ
1248 3073 1351 3146 τῶνῠ

127 3199 176 3278 είς
201 3193 378 3302 ὠφέλειαν
395 3191 596 3273 τελούντων
613 3191 835 3276 ἐλλελοιπὼς
855 3191 966 3288 οὐδὲν,
986 3190 1099 3293 λόγου
1120 3191 1184 3290 μὲν
1203 3193 1321 3272 αὐτοῖς

127 3318 387 3419 παρατεθέντος
414 3323 563 3419 μακροῦ,
590 3317 632 3394 δι’
656 3315 766 3418 οὗπερ
794 3313 838 3414 ἦν
867 3319 924 3394 καί
952 3315 1053 3413 μάλα
1080 3315 1209 3424 ῥᾳδίως
1237 3313 1322 3393 ίέναι

127 3437 218 3542 πρὸς
246 3441 438 3544 σωτηρίαν,
457 3435 765 3542 παραδειχθέντων
794 3437 831 3517 δὲ
855 3442 913 3517 καὶ
933 3437 1134 3537 θαυμάτων,
1154 3436 1178 3516 ἃ
1195 3434 1322 3538 μήπως

135 3599 188 3648 τις
215 3570 288 3644 τῶν
317 3565 355 3643 ἐν
383 3560 511 3670 κόσμιρ
539 3561 711 3640 τεθέασαι.
753 3563 805 3646 τίς
832 3561 904 3664 γὰρ
926 3568 999 3642 τῶν
1020 3563 1131 3662 ἁγίων
1159 3567 1232 3644 τοῖς
1259 3567 1323 3639 τοῦ

74 3729 113 3787 25
131 3691 298 3790 Σωτῆρος
320 3683 506 3786 ἡμιλλήθη
529 3683 737 3783 θαύμασιν,
769 3682 845 3764 εἶτα
869 3694 1045 3766 τοσοῦτον
1064 3681 1323 3792 ἀφεστηκότων

128 3819 192 3890 τοῦ
220 3809 410 3914 θαυμάζειν
428 3809 535 3888 αὐτὸν
554 3809 727 3907 ἐθελῆσαι
754 3815 825 3888 τῶν
844 3810 1026 3890 Ἰουδαίων
1045 3813 1093 3892 ὡς
1118 3813 1176 3888 καὶ
1204 3813 1323 3906 μισεῖν

128 3933 277 4014 ἑλέσθαι
304 3940 450 4032 μᾶλλον
477 3932 521 4040 ἐξ
545 3933 693 4012 ἀνοσίου
722 3932 877 4033 γνώμης,
906 3941 983 4017 πῶς
1008 3935 1050 4012 ού
1075 3931 1253 4035 δυσαχθές
1281 3927 1322 4008 τὸ

129 4063 201 4136 τῶν
219 4053 456 4159 ἐγκλημάτων
474 4055 623 4161 φορτίον
642 4056 760 4140 αὐτοῖς
786 4058 1021 4154 ἐπικείσεται;
1053 4052 1097 4153 ἦν
1116 4053 1187 4157 γὰρ
1208 4052 1356 4151 δήπουδ

128 4176 170 4259 τό
189 4177 286 4259 πολύ
312 4213 347 4258 τι
376 4185 533 4280 κρεῖττον
552 4183 610 4258 καί
632 4180 785 4277 ἄμεινον,
803 4179 891 4277 μήτε
921 4177 1043 4279 λόγων
1061 4175 1188 4258 αύτούς
1215 4176 1321 4254 ε’πακ·

77 4351 115 4410 30
128 4308 284 4406 ροᾶσθαι
302 4307 447 4408 σοφῶν,
469 4299 558 4398 μήτε
577 4300 648 4400 μὴν
667 4305 729 4400 τῆς
756 4303 865 4384 οὕτως
892 4301 1046 4403 ἀῤῥήτου
1071 4297 1323 4402 τερατουργίας

165 4525 191 4578 8.
212 4525 297 4580 ίδικῶς
311 4523 342 4578 Ε.
357 4525 455 4578 είδικιῖιτ
469 4523 519 4576 Ed.
596 4537 636 4592 15.
656 4523 776 4590 ε’ποίησεν
790 4521 821 4574 Ε.
833 4521 971 4588 πεποίηκεν
985 4520 1035 4575 Ed.
1111 4518 1150 4572 16.
1170 4519 1278 4590 είχοσιιν
1292 4518 1322 4574 E.

131 4593 202 4666 κίχον
215 4595 266 4650 Ed.
305 4594 400 4648 Statim
413 4595 466 4648 νυνί
481 4593 512 4648 E.
526 4596 570 4648 νῦν
584 4593 633 4648 Ed.
747 4607 788 4662 25.
807 4595 933 4646 τοσοῦτον
948 4591 978 4645 E.
994 4591 1095 4662 Migne.
1109 4589 1240 4644 τοσούτων
1252 4588 1323 4642 Aub.

683 4693 778 4752 4fl2
