3238 5114
759 1093 1001 1170 ΚΕΦΑΛΗ
1042 1093 1093 1169 H.

323 1365 394 1431 ’Ότι
417 1367 469 1433 σῦκ
494 1369 550 1448 ἔξω
575 1371 704 1435 κείσεται
730 1373 781 1450 τῆς
801 1374 931 1451 Χριστοῦ
956 1369 1126 1450 βασιλείας,
1150 1367 1206 1432 ιδν
1230 1369 1261 1432 εί
1280 1393 1311 1429 τι
1337 1365 1473 1448 λέγοιτο
1498 1368 1544 1426 τοῦ

526 1491 654 1570 Πατρός·
684 1488 746 1570 δρα
768 1491 824 1572 γδρ
846 1489 943 1554 αὐτῶν
963 1489 982 1570 ἡ
1004 1490 1077 1552 κατὰ
1099 1487 1219 1552 πάντων
1241 1486 1332 1570 ἀρχή.

295 1753 414 1830 9Ἐτὼ
444 1755 519 1846 περὶ
553 1755 661 1824 αὐτῶν
692 1759 819 1858 ἐρωτῶ·
860 1759 898 1824 οὐ
930 1759 1005 1848 περὶ
1039 1762 1096 1824 τοῦ
1131 1758 1252 1834 κόσμου
1283 1755 1422 1844 ἐρωτῶ,
1458 1746 1542 1817 ἀλλὰ

279 1897 315 1936 10
380 1881 454 1970 περὶ
485 1879 532 1948 ὧν
560 1883 709 1950 δέδωκάς
739 1907 803 1966 μοι,
830 1885 881 1952 ὅτι
913 1882 965 1950 σοί
995 1880 1067 1966 εἰσι,
1098 1883 1151 1948 καί
1182 1884 1221 1948 τὰ
1252 1881 1315 1959 ἐμὰ
1350 1881 1469 1947 πάντα
1503 1873 1566 1945 σάό

293 1959 314 2022 b

278 2065 311 2105 n
378 2007 457 2088 ἐστι,
485 2009 539 2073 καί
565 2010 605 2075 τὰ
632 2009 672 2077 σὰ
699 2011 772 2092 ἐμὰ,
798 2011 851 2076 καὶ
877 2009 1076 2088 δεδόξασμαι
1102 2009 1138 2076 ἐν
1165 2003 1287 2088 αὐτοῖς,
1315 2011 1372 2073 καὶ
1401 2008 1465 2072 οὐκ
1493 2007 1538 2072 ἔτι

380 2131 444 2212 εἰμί
475 2134 510 2200 ὲν
537 2139 585 2220 τῷ
610 2137 727 2223 κόσμῳ,
755 2135 808 2203 καὶ
836 2133 928 2204 οὗτοι
953 2137 987 2204 ἐν
1014 2141 1063 2223 τῷ
1087 2137 1200 2221 κόσμῳ
1225 2130 1297 2214 εἰσί,
1326 2133 1423 2208 κάτὼ
1455 2135 1535 2220 πρὸς

382 2283 418 2325 σε
444 2259 590 2350 ἔρχομαι.

163 2484 275 2613 {Qu-fl·
390 2480 676 2557 ΜΕΣΙΤΕΥΕΙ
704 2479 818 2559 πάλιν
840 2480 888 2563 ὡς
916 2478 1113 2580 ἅνθρωπος,
1141 2478 1161 2556 ὁ
1188 2481 1283 2555 θεοῦ
1309 2508 1351 2553 τε
1379 2475 1440 2551 καὶ
1468 2473 1529 2548 οἱν-

331 2598 486 2702 θρῶπων
513 2602 734 2702 διαλλακτὴς
768 2605 825 2682 καὶ
858 2602 1016 2702 μεσίτης,
1045 2603 1103 2680 καὶ
1134 2601 1154 2680 ὁ
1187 2599 1298 2701 με’γας
1328 2595 1444 2681 ὄντως
1476 2597 1528 2674 καὶ
1544 2630 1571 2668 10

330 2721 506 2824 σανάγιος
533 2725 635 2823 ἡμῶν
659 2724 849 2830 ἀρχιερεὺς,
870 2733 947 2808 ταῖς
973 2725 1057 2828 παρ’
1079 2724 1206 2804 ἑαυτοῦ
1232 2729 1351 2807 λιταῖς
1378 2719 1448 2820 τὴν
1468 2727 1528 2799 τοῦ

332 2847 422 2927 ίδίσυ
449 2845 660 2952 γεννήτορας
687 2850 952 2950 ἐκμειλίσσεται
979 2847 1136 2951 γνώμην,
1162 2843 1287 2927 ἑαυτὸν
1312 2844 1403 2948 ὑπὲρ
1429 2845 1527 2944 ἡμῶν

332 2975 536 3076 ἱερουργῶν.
582 2971 688 3057 αῦτὸς
716 2970 858 3076 γὰρτὸ
886 2979 982 3072 θῦμα
1010 2975 1068 3052 καὶ
1094 2968 1200 3056 αὐτὸς
1228 2968 1347 3073 ἱερεῦς,
1375 2968 1525 3052 αῦτὸςό

303 3096 491 3196 αμεσίτης,
514 3095 621 3182 αὐτὸς
647 3097 690 3178 τὸ
716 3095 939 3197 πανάμωμσν
967 3101 1100 3200 ἱερεῖον,
1123 3098 1144 3176 ὁ
1172 3093 1283 3193 ἀμνὸς
1312 3095 1332 3173 ὁ
1360 3093 1526 3194 ἀληθινὸς

166 3225 275 3356 {³ng
331 3221 393 3299 “5
421 3221 530 3325 αἴρων
557 3221 623 3322 τὴν
650 3222 827 3326 ἁμαρτίαν
853 3229 917 3300 τοῦ
945 3218 1116 3321 κόσμου.”
1159 3217 1204 3320 ἦν
1231 3219 1294 3299 οὖν
1321 3219 1393 3320 σῖρα
1420 3217 1525 3300 τύπος
1540 3249 1564 3309 ¹5

254 3365 257 3371 “
332 3341 457 3449 ὥσπερ
493 3379 547 3429 τις
583 3348 642 3425 καὶ
678 3346 766 3426 σκιὰ
803 3341 979 3452 διαφανὴς
1015 3347 1080 3444 τῆς
1117 3346 1154 3424 ἐν
1190 3341 1358 3448 ἐσχάτοις
1396 3349 1525 3444 καιροῖς

332 3468 622 3569 ἀναδεδειγμένης
645 3477 710 3548 τοῦ
735 3474 901 3572 Χριστοῦ
926 3467 1116 3567 μεσιτείας,
1140 3467 1163 3566 ἡ
1190 3466 1307 3546 πάλαι
1334 3463 1393 3546 διὰ
1417 3469 1524 3544 Μωυ-

330 3589 435 3690 σέως,
453 3594 511 3671 καὶ
536 3593 557 3670 ὁ
582 3591 672 3672 κατὰ
697 3590 807 3692 νόμον
824 3589 1006 3698 ἀρχιερεὺς
1026 3588 1091 3671 τὸν
1109 3587 1198 3694 ὑπὲρ
1216 3588 1327 3688 νόμον
1345 3589 1523 3692 ἳερουργὸν

330 3716 369 3796 ἐν
387 3714 463 3823 ίδίιρ
488 3715 647 3823 γέγραφε
672 3715 843 3820 σχήματι·
879 3718 979 3796 σκιαὶ
1004 3713 1076 3818 γὰρ
1102 3719 1167 3815 τῆς
1191 3713 1360 3813 ἀληθείας
1384 3717 1455 3793 εἰσὶ
1480 3714 1521 3794 τὰ

332 3839 472 3939 νσμικοί.
515 3844 680 3940 Μωυσῆς
697 3839 770 3944 γὰρ
789 3841 809 3919 ὁ
827 3838 1022 3924 θεσπέσιος
1039 3843 1097 3920 καὶ
1115 3837 1188 3940 μὴν
1205 3837 1276 3919 σῦν
1293 3838 1412 3946 ἐκείνῳ
1430 3842 1486 3918 καὶ
1503 3841 1560 3918 ὁισ

330 3966 572 4072 περίβλεπτος
589 3964 734 4071 Ἀαρὼν
751 3965 864 4066 μέσον
883 3962 942 4046 διὰ
959 3961 1096 4048 παντὸς
1117 3964 1274 4071 ἐχώρουν
1293 3967 1388 4042 Θεοῦ
1409 3995 1448 4043 τε
1469 3966 1520 4042 καὶ

297 4094 395 4190 ᾱτῆς
420 4093 646 4193 συναγωγῆς,
669 4088 749 4192 ἄρτι
774 4085 840 4188 μὲν
864 4085 930 4187 τὴν
952 4089 1011 4168 ε’πὶ
1037 4093 1112 4170 τοῖς
1140 4084 1430 4186 πλημμελήμασι
1455 4093 1521 4167 τῶν

330 4213 375 4320 ἐξ
394 4213 549 4318 Ἰσραὴλ
577 4217 826 4296 δυσωποῦντες
853 4209 976 4314 ὀργὴν,
1000 4213 1060 4290 καὶ
1087 4207 1155 4309 τὴν
1179 4207 1314 4288 ἄνωθεν
1338 4215 1519 4290 καλοῦντες

331 4339 389 4418 ἐπὶ
413 4344 487 4422 τοῖς
512 4337 705 4417 ἀτονοῦσιν
724 4333 911 4437 εὐμένειαν·
941 4333 1022 4439 ἄρτι
1048 4332 1086 4414 δὲ
1110 4330 1225 4415 πάλιν
1242 4331 1467 4437 ἐπευχόμενοί
1485 4366 1517 4410 τε

862 4581 912 4636 1-3
923 4581 977 4620 om.
990 4561 1023 4619 Ε.
