3238 5114
6 4686 15 4723 δ

544 1235 784 1354 κυοκκιι
824 1297 867 1366 ς.

99 1533 173 1600 Ὀτι
195 1535 282 1618 δόξης
303 1539 355 1616 τῆς
376 1541 557 1619 θεοπρεποῦς
576 1538 612 1603 οὐ
630 1537 740 1621 γυμνὸς
759 1538 798 1618 ἦν
818 1541 835 1603 ό
854 1539 928 1607 ‘riae
947 1537 1004 1603 κᾶν
1022 1539 1191 1622 εὑρίσκηται
1209 1538 1308 1622 λέγων

191 1657 265 1740 πρδς
293 1657 348 1722 τδν
372 1657 495 1740 Πατέρα
524 1658 584 1724 Καὶ
610 1663 664 1724 νῦν
693 1657 823 1738 δόξασόν
848 1684 887 1740 με
915 1661 951 1748 τῇ
979 1657 1051 1746 δόξῃ
1079 1656 1099 1746 ᾗ
1124 1657 1220 1743 εἶχον,
1318 1662 1340 1725 d

606 1780 655 1845 καὶ
676 1783 713 1845 τδ
735 1779 813 1860 ἑξῆς.

71 1997 191 2074 5Ἐτὼ
218 2021 254 2065 σε
280 1998 423 2069 ἐδόξασα
449 1998 503 2066 ἐπὶ
529 2007 588 2066 τίία
615 2003 682 2076 τιδο·
719 1999 756 2066 τὸ
785 2000 880 2090 ἔρτον
907 1999 1084 2066 ὲτελείωσα
1111 2000 1129 2070 δ
1158 1999 1337 2074 δὲδωκάαι

155 2147 211 2202 μοι
237 2125 290 2191 ἵνα
318 2127 447 2192 ποιιίοω
474 2127 564 2192 αὐτό.
609 2126 664 2191 καὶ
693 2129 748 2192 νῦν
775 2125 917 2195 δόξασόν
944 2149 984 2204 με
1012 2126 1049 2192 σὺ
1076 2127 1184 2216 Πάτερ
1215 2127 1337 2216 παρὰ5

156 2257 285 2336 σεαυτῷ
324 2257 364 2343 τῇ
410 2251 489 2344 δόξιρ
539 2248 558 2343 ᾖ
605 2245 692 2340 εἶχον
736 2251 800 2341 πρὸ
849 2257 906 2318 τοῦ
954 2253 1011 2322 τόν
1056 2251 1178 2330 κόσμον
1222 2245 1307 2318 εἶναι

157 2376 246 2466 παρὰ
274 2377 337 2446 σοί.

160 2578 483 2656 ἈΝΑΠΛΕΚΕΙ
505 2575 620 2658 πόλιν
637 2581 689 2684 τῷ
714 2581 904 2680 θεοπρεπεῖ
924 2573 966 2657 τὸ
991 2574 1225 2679 ἀνθρώπινον,
1244 2577 1303 2655 καὶ

51 2700 272 2799 10με’μικταί
285 2735 362 2785 ττως
381 2701 401 2779 ὃ
420 2699 548 2804 λόγος,
560 2701 614 2781 ἐπ’
635 2701 747 2808 ἄμφω
772 2701 931 2798 βλέπων,
950 2701 1030 2780 οὔτε
1048 2701 1133 2780 λίαν
1151 2701 1333 2806 ἐξαίρωνο

104 2832 151 2909 είς
182 2823 384 2928 ὁλόκληρον
404 2825 573 2932 ἐξουσίαν
596 2859 636 2905 τε
661 2827 720 2905 καὶ
745 2822 856 2932 δόξαν
877 2824 944 2925 τὴν
967 2828 1145 2928 θεοπρεπῆ
1170 2823 1212 2904 τὸ
1240 2832 1305 2904 τοῦ

105 2951 276 3052 λέγοντος
303 2949 513 3052 πρόσωπον,
536 2951 615 3029 οὔτε
643 2947 715 3048 μὴν
740 2949 894 3029 εἶσόπαν
918 2956 991 3032 τοῖς
1020 2953 1084 3048 τῆς
1111 2945 1302 3050 ἀνθρωπό-

105 3108 211 3172 τητος
227 3073 367 3176 με’τροις
389 3073 553 3177 ε’νιζάνειν
572 3076 649 3170 ἑῶν,
669 3071 755 3152 ἀλλ’
774 3073 865 3153 ἕντι
888 3071 931 3153 τὸ
956 3073 1000 3181 ἐξ
1022 3077 1158 3180 ἀμφοῖν
1176 3075 1302 3152 ἀνακε-

104 3195 244 3301 ραννὺς,
275 3195 415 3283 οὐδενὸς
446 3205 519 3277 τῶν
548 3198 740 3300 εἰρημένων
769 3198 1064 3300 ἀπηλλαγμένον.
1115 3193 1204 3305 ᾤετο
1234 3194 1305 3299 γὰρ

53 3333 91 3392 ¹5
106 3327 178 3402 δεῖν
202 3325 221 3402 ὁ
249 3321 380 3425 Κύριος
405 3323 506 3422 ἡμῶν
523 3324 665 3415 Ἰησοῦς
692 3323 712 3401 ὁ
734 3321 908 3424 Χριστὸς,
927 3324 994 3428 οὐχ
1020 3320 1074 3402 ὅτι
1098 3319 1208 3420 μόνον
1226 3321 1307 3400 ἐστὶ
1391 3325 1401 3332 ’

107 3445 200 3531 Θεὸς
229 3445 439 3548 Μονογενὴς
467 3446 683 3527 ε’κτταιδεύειν
711 3444 793 3531 τοὺς
820 3447 1112 3544 πεπιστευκότας,
1139 3447 1224 3525 ἀλλ’
1251 3445 1305 3526 ότι

106 3573 164 3650 καὶ
184 3569 227 3650 δι’
247 3571 339 3672 ἡμᾶς
357 3569 505 3673 γέγονεν
523 3571 721 3673 ἅνθρωπος,
739 3571 797 3650 ἵνα
814 3569 951 3654 πάντας
970 3569 1236 3671 κατακτήσηται
1253 3573 1335 3678 τῷα
1357 3597 1423 3653 955
1434 3595 1475 3654 Δ.

107 3701 190 3804 Θεῷ
225 3697 285 3775 καὶ
323 3699 453 3798 Πατρὶ,
483 3697 540 3774 καὶ
578 3693 829 3801 ἀναμορφιόσῃ
865 3691 956 3797 πρὸς
994 3693 1183 3795 καινότητα
1215 3693 1304 3799 ζωῆς

105 3817 333 3923 ἐκπριάμενος
368 3819 491 3918 αἵματι
529 3825 581 3927 τῷ
624 3819 699 3926 ἰδίῳ
741 3817 806 3918 τὴν
843 3817 1112 3921 ἀνθρωπότητα,
1147 3821 1205 3897 καὶ
1240 3823 1304 3918 τῆς

52 3963 93 4004 ²0
106 3941 276 4024 ἁπάντων
312 3942 615 4048 προκινδυνεύσας
650 3941 751 4046 ζωῆς,
782 3941 831 4028 εἷς
869 3945 889 4023 ὃ
922 3943 1068 4023 πάντων
1099 3941 1302 4048 ἀξιώτερος·

106 4066 260 4176 δοξάσαι
285 4068 404 4148 τοίνυν
423 4073 538 4175 φησὶν
557 4070 612 4150 ἐπὶ
637 4066 694 4161 τδτ
717 4066 781 4171 γῆς
806 4065 869 4148 τὸν
890 4065 1047 4169 Πατέρα,
1065 4065 1249 4152 τελειώσας
1268 4067 1303 4148 τδ

107 4193 196 4302 ἔργον
213 4195 230 4275 δ
249 4187 394 4274 όέόωκεν
412 4191 521 4300 αὐτῷ.

165 4320 237 4397 Καὶ
263 4316 348 4424 φέρε
374 4315 417 4418 δὴ
443 4313 565 4412 πόλιν,
585 4319 717 4416 διπλῆν
736 4311 861 4418 ὥσπερ
885 4312 964 4394 τινὰ
979 4321 1053 4398 τοῖς
1071 4317 1150 4418 περὶ
1169 4312 1304 4394 τούτων

147 4570 194 4620 1-4
209 4571 263 4608 om.
278 4553 309 4609 E.
444 4565 468 4624 η.
487 4555 518 4622 τῇ
532 4553 595 4622 δόξῃ
609 4569 662 4607 om.
676 4551 708 4606 E.
842 4567 884 4606 11.
903 4550 1025 4620 ἐξουσίαν
1036 4548 1078 4622 τε]
1092 4549 1213 4620 ἐξουσίας
1225 4571 1252 4605 τε
1265 4551 1306 4605 καὶ

108 4629 228 4696 γνώσεως
241 4624 273 4680 Ε.
