3118 5132
66 315 165 400 xiv-7.
363 322 424 388 IN
454 324 490 389 S.
513 323 771 390 JOANNEM.
817 323 918 390 1213.
938 321 999 388 lx.
1217 319 1280 380 415

63 480 124 580 τήν
141 485 363 590 ὁμολογίαν
381 486 600 588 εἰσκεκόμικε
619 487 737 592 λέγων
756 499 778 538 “
790 489 934 584 Ῥαββί,
953 483 1004 566 σὺ
1028 480 1061 565 εἰ
1083 484 1103 564 ό
1129 479 1201 566 υἱὸς
1217 488 1281 562 τοῦ
1326 484 1409 615 ξῑὲῐὲη

64 617 83 652 “
100 612 214 705 θεοῦ,
248 609 307 690 σῦ
347 609 383 691 εἰ
417 614 437 692 ὁ
473 611 650 708 βασιλεὺς
686 622 750 694 τοῦ
785 610 976 714 Ἰσραήλ·”
1024 610 1083 689 καὶ
1119 604 1191 707 μὴν
1223 604 1282 684 καί

67 732 271 834 θαλάσσης
291 770 335 815 τε
353 736 571 844 παραδόξως
589 741 647 818 καὶ
671 737 861 838 ἀσυνήθως
885 731 1187 834 κατηυνασμένης,
1205 765 1283 814 πως
1473 833 1477 841 ¹

3 879 5 992 φ
67 856 171 936 αὐτὸν
203 861 469 961 προσεκύνουν
496 867 529 941 οἰ
560 864 598 941 ἐν
626 869 678 970 τῷ
713 861 849 968 σκάφει
880 869 902 908 “
921 857 1089 960 λέγοντες
1115 859 1283 948 Ἀληθῶς
1328 847 1451 977 {w

3 1049 4 1056 ,
45 989 86 1048 5“
102 985 205 1062 Θεοῦ
227 983 312 1066 υίὸς
330 981 368 1063 εἰ
377 986 411 1082 ;”
441 981 497 1089 ἆρ’
518 987 580 1066 οὖν
598 989 661 1066 οὐκ
687 984 831 1067 εἰδότων
850 984 903 1064 ὅτι
922 1017 991 1086 περ
1016 978 1171 1085 ῦπιίρχοι
1190 977 1283 1063 Θεὸς

68 1109 121 1183 καί
145 1109 189 1185 ἐκ
211 1113 322 1187 Θεοῦ
340 1109 550 1211 γεγέννηται
569 1108 714 1214 Πατρός
733 1112 807 1214 ἐρεῖ
821 1143 873 1193 τις
891 1104 934 1186 τό
951 1110 1071 1211 ῥῆμα;
1104 1101 1180 1185 εἶτα
1206 1109 1284 1186 πῶς

70 1231 128 1308 οῦκ
162 1231 391 1330 ἀμαθαίνων
420 1235 440 1312 ό
471 1241 629 1320 τοιοῦτος
662 1235 872 1330 ἁλώσεται;
914 1233 994 1334 περὶ
1023 1229 1069 1310 τὰ
1100 1227 1189 1332 μέρη
1220 1230 1314 1326 τῆςο

72 1357 267 1435 Φιλίππου
290 1356 518 1460 Καισαρείας
534 1360 618 1458 παρ’
637 1359 746 1439 αὑτοῦ
765 1356 1017 1461 διερωτώμενοι
1038 1360 1102 1433 τοῦ
1120 1357 1284 1454 Χριστοῦ

73 1488 94 1522 “
108 1481 206 1558 Τίνα
234 1512 286 1576 με
312 1479 489 1582 λέγουσιν
512 1484 547 1560 οῖ
570 1482 754 1585 ἅνθρωποι
778 1479 843 1562 τόν
865 1477 941 1560 υἰὸν
965 1466 1029 1558 τοῦ
1054 1475 1282 1580 ἀνθρώπου,”
1330 1464 1432 1593 ἔξιθ’

40 1603 147 1706 1οαίχί
166 1608 328 1706 πρῶτον
345 1603 412 1702 μέν
430 1605 595 1710 ἔφασκον
612 1604 678 1690 τὰς
695 1605 824 1706 ἐτέρων
844 1603 1033 1700 ῦπονοίαςς
1065 1605 1098 1681 οἰ
1116 1600 1181 1699 μέν
1200 1597 1282 1702 γὰρ,

76 1731 198 1828 φησὶν,
217 1727 366 1808 Ἠλίαν
391 1725 480 1808 εἶναι
507 1728 721 1834 νομίζουσιν,
744 1735 777 1808 οἱ
805 1726 843 1808 δέ
866 1728 1049 1831 Ἱερεμίαν,
1071 1723 1094 1827 ἢ
1114 1725 1184 1806 ’ἕνα
1211 1730 1284 1804 τῶν
1329 1746 1420 1806 Ib.1⁴·

76 1857 291 1957 προφητῶν.
347 1852 428 1933 τίνα
464 1851 503 1932 δέ
534 1853 706 1956 λέγουσιν
736 1854 847 1950 αὐτοὶ,
879 1849 1072 1957 διαρρήδην
1102 1855 1210 1929 εἰπεῖν
1241 1849 1283 1929 οῦ

76 1973 358 2074 παραιτούμενοι
385 1973 429 2056 δι’
456 1973 532 2061 ἐνὸς
561 1981 594 2056 οἱ
624 1976 754 2061 πάντες
783 1984 847 2056 τοῦ
879 1976 1113 2080 προῦχοντος,
1146 1970 1284 2074 Πέτρος

76 2099 107 2177 δὲ
133 2096 252 2183 αὐτὸς
279 2095 338 2197 ἦν,
358 2100 422 2179 οῦκ
449 2103 664 2186 ἐνδοιαστῶς
692 2101 838 2206 ἔφασαν
856 2111 877 2148 “
893 2098 947 2180 Σὺ
971 2095 1004 2179 εἰ
1026 2099 1046 2177 ὁ
1071 2093 1233 2198 Χριστὸς
1262 2095 1282 2173 ό
1328 2110 1422 2162 1b·1⁶·

42 2233 94 2300 ¹5“
109 2222 183 2307 υἱὸς
214 2231 287 2302 τοῦ
317 2228 415 2302 Θεοῦ
442 2233 507 2304 τοῦ
536 2224 700 2327 scamas?
736 2226 873 2320 οὐκοῦν,
896 2222 982 2304 ὅταν
1005 2219 1096 2325 λέγῃ
1121 2215 1283 2321 Χριστός
1344 2267 1346 2270 ·
1376 2222 1382 2236 “

75 2357 94 2392 “
110 2353 157 2426 Εἰ
191 2346 389 2448 ἐγνῶκατέ
420 2383 476 2446 με,
506 2350 564 2428 καί
601 2347 665 2430 τὸν
696 2349 843 2451 Πατέρα
876 2382 946 2446 μου
979 2342 1024 2426 ἂν
1054 2340 1198 2450 ᾔδειτε,”
1231 2338 1282 2442 μὴ

73 2469 219 2556 πάντως
245 2471 371 2554 αὐτοῖς
395 2479 470 2556 τοῖς
493 2479 670 2572 μαθηταῖς
695 2469 885 2578 ὑπολάβῃς
910 2459 1075 2573 εἰρῆσθαι
1098 2466 1141 2548 τὸ
1165 2469 1315 2573 ρἣα,δ

74 2595 154 2672 ἀλλ’
176 2595 273 2694 ὅρον
291 2591 418 2697 ῶσπερ
436 2594 516 2675 τινὰ
538 2595 679 2694 γενικδν
696 2602 770 2680 τοῖς
795 2590 1028 2699 ἁπανταχόσε
1052 2598 1217 2692 ποιεῖται,
1239 2591 1282 2673 τὸ

73 2725 141 2798 τῶν
159 2719 287 2822 ἁγίων
305 2718 527 2800 ἀποστόλων
543 2719 745 2825 πρόσωπον
762 2717 945 2824 παραθείς.

42 2870 65 2908 ²0
122 2839 324 2943 Ἐπιτήρει
351 2841 424 2946 γὰρ
452 2843 548 2928 ὅπως
579 2843 777 2948 εὑρήσομεν
804 2843 868 2923 οῦκ
895 2839 1114 2944 ἠγνοηκότας
1143 2840 1281 2940 αὐτοὺς,

74 2967 123 3047 ότι
141 2963 247 3050 Θεός
266 2999 307 3045 τε
325 2967 404 3046 ἐστὶ
425 2970 485 3047 καὶ
502 2965 592 3052 Υἱὸς
616 2976 680 3048 τοῦ
699 2973 805 3048 Θεοῦ·
843 2966 928 3046 ἀλλ’
948 2963 1032 3045 ὁδὸν
1048 2964 1174 3045 ἑαυτὸν
1193 2961 1280 3044 εἶναι
1325 2965 1413 3082 225⁶·

73 3091 272 3195 φήσαντος
302 3097 368 3168 τοῦ
395 3095 501 3188 Θεοῦ,
528 3089 571 3172 τὸ
598 3095 866 3193 αἰνιγματωδῶς
894 3093 1058 3192 εἰρῆσθαι
1085 3091 1213 3168 δοκοῦν
1238 3089 1279 3168 οὐ

73 3215 228 3322 σφόδρα
274 3217 447 3312 συνῆκαν,
484 3219 542 3296 καί
578 3219 661 3318 περὶ
697 3223 804 3296 τοῦτο
839 3213 950 3314 μόνον
985 3214 1103 3295 αὐτοῖς
1136 3208 1178 3290 τὸ
1215 3214 1280 3310 τῆς

73 3341 226 3442 όγνοῖας
261 3337 407 3437 αἰτίαμα
434 3338 623 3440 στήσεται.
676 3338 734 3420 διιί
765 3336 837 3443 γιίρ
869 3371 925 3418 τοι
953 3344 1061 3416 τοῦτο
1093 3334 1280 3444 διελέγξας

39 3465 109 3546 2ὅέυ
126 3465 286 3564 ὀλίγοις,
305 3465 354 3547 ὡς
372 3463 415 3543 οῦ
433 3462 650 3564 δυνήσονται
669 3461 826 3544 συνιέναι
844 3459 886 3542 τὸ
910 3462 1076 3563 πλαγίως
1098 3462 1310 3566 εἰρημένυνο

75 3589 207 3682 αὐτοῖς,
231 3582 310 3664 εἶτα
336 3586 454 3667 κοινὸν
480 3585 598 3668 ἅπασι
625 3590 770 3690 προθεὶς
797 3589 956 3667 ἐντεῦθεν
982 3585 1106 3690 λόγου,
1132 3586 1279 3695 διδάξας

75 3745 109 3790 τε
134 3714 288 3816 σαφῶς,
309 3712 358 3794 ῶς
386 3712 445 3790 καὶ
471 3710 582 3811 αῦτήν
600 3709 863 3815 ζημιωθήσεται
887 3707 954 3811 τὴν
977 3715 1025 3796 εἰς
1049 3711 1113 3792 τὸν
1133 3712 1279 3813 Πατέρα

76 3843 231 3934 γνῶσιν,
258 3830 299 3918 δς
325 3830 371 3914 ἂν
397 3833 563 3939 ἅγνυήση
590 3833 654 3915 τὸν
682 3835 782 3934 Υἰὸν,
810 3838 859 3920 ῶς
888 3836 956 3936 ήδη
988 3832 1279 3936 διωμολογηκόσι

76 3957 140 4058 τὴν
165 3957 297 4039 πίστιν
321 3965 395 4042 τοῖς
421 3963 606 4059 μαθηταῖς,
629 3956 772 4044 εἰκότως
799 3958 866 4058 τὴν
889 3965 1028 4060 γνῶσιν
1052 3961 1283 4060 ἐπιμαρτυρεῖ

42 4084 197 4186 φλέγων
214 4080 364 4188 Ἀπόρτι
392 4082 574 4184 γιιότιιετε
601 4083 698 4164 αὐτόν
728 4088 788 4163 ιιαί
818 4081 987 4187 ἰωρόιιατι
1014 4081 1121 4160 αὑτόν.
1168 4077 1211 4158 τὸ
1239 4078 1282 4158 δέ

78 4207 226 4314 Ἀπόρτι
255 4208 385 4312 φησὶν,
414 4203 492 4310 οὐχὶ
523 4202 639 4306 δήπου
669 4203 812 4289 πάντως
844 4203 889 4310 ἐξ
915 4203 1047 4304 ἐκείνης
1075 4206 1139 4302 τῆς
1165 4201 1275 4305 ῶρας,

114 4507 155 4558 14.
172 4487 216 4543 :ul
228 4503 279 4559 pro
292 4485 322 4541 δέ
336 4483 369 4540 Ε.
621 4482 663 4540 16.
688 4483 695 4504 ⁸
734 4485 741 4508 '
762 4481 982 4554 ειτι-ίγνίιιιειτε
995 4480 1067 4539 Cau.
1157 4482 1231 4553 ᾔδετε
1245 4481 1278 4540 Ε.

448 4567 490 4626 27.
508 4557 587 4627 αἰπήν
602 4555 631 4612 Ε.
644 4505 776 4611 «md
1384 4569 1396 4586 ·

84 4575 121 4630 19.
137 4559 289 4629 παρατιθείς
302 4557 330 4611 b.
780 4551 838 4610 .ία.
850 4553 927 4612 αὐτὸς
940 4550 990 4610 Ed.
1003 4571 1059 4625 mg.
