3248 5112
83 353 222 416 ximt.
287 349 688 417 1N8.JOANNEM.
734 351 830 417 LIB.
853 351 915 417 IX.
961 350 1117 418 CARI.
1238 348 1302 412 445

84 515 222 601 αύτοῦς
262 519 325 596 καὶ
355 515 419 597 τόν
449 522 523 597 τιῦν
552 515 664 619 ἁγίων
695 515 916 597 ἀποστόλων
946 520 1190 623 συκοφαντεῖν
1221 511 1300 594 ε’θέ·

87 651 229 726 λοντας
262 647 361 738 νοῦν,
390 642 448 720 καὶ
476 645 525 725 εἷς
552 639 593 722 τὸ
614 645 750 750 δοκοῦν
777 643 896 726 αὐτοῖς
923 640 1155 734 ἀβουλότατα
1184 671 1304 740 παρα·

88 765 300 868 τρέποντας
337 765 385 844 τὰ
422 765 507 844 λίαν
541 765 657 866 ὀρθῶς
692 766 867 866 εἰρημένα·
915 764 1095 871 Ἀθήνῃσι
1131 762 1196 864 μὲν
1232 759 1306 865 γὰρ

89 886 260 990 γεγονὼς
289 888 312 966 ὁ
339 887 513 990 μακάριος
539 894 699 986 Παῦλος,
719 885 797 968 ἐἶτα
824 887 921 970 πολῦ
948 888 1033 968 λίαν
1054 895 1103 974 εἰς
1127 886 1307 968 πολύθεον

61 1012 247 1112 οπλᾶνην
263 1011 549 1112 ἀνεπτοημένονς
567 1013 671 1115 ὁρῶν,
692 1013 806 1092 καίτοι
831 1009 972 1120 σοφούς
996 1009 1083 1092 εἶναι
1107 1045 1305 1092 πεπιστευ-

89 1137 223 1236 μένους
247 1132 335 1219 τοῦς
357 1137 472 1215 ἐκεῖσε
496 1135 615 1234 λοοῦς,
634 1136 885 1240 παρακομίζειν
903 1133 1031 1221 αύτούς
1056 1138 1219 1239 ἐπειρᾶτο
1244 1139 1309 1234 τῆς

91 1262 252 1366 ἀρχαίας
283 1257 426 1359 ἀπάτης
452 1266 527 1345 τοῖς
553 1266 601 1344 εἰς
629 1260 814 1356 εὐσέβειαν
841 1267 1033 1364 λογισμοῖς
1063 1261 1225 1360 μεταθεῖς
1252 1260 1308 1338 εύ-

92 1393 196 1492 φυιῦς
229 1391 282 1468 εἰς
310 1381 354 1463 τῦ
381 1387 510 1488 χρῆναι
538 1383 669 1465 λοιπὸν
691 1385 753 1465 ἕνα
778 1419 816 1465 τε
840 1388 898 1466 καὶ
919 1383 1030 1484 μόνον
1049 1384 1175 1464 εἰδέναι
1194 1381 1343 1481 Θεὸν,ι1

93 1519 166 1594 τοῖς
184 1509 280 1610 παρ’
302 1507 412 1587 αὐτοῦ
438 1506 610 1610 γεγονόσι
634 1510 692 1588 καὶ
717 1506 760 1588 τὸ
786 1514 960 1589 κινεῖσθαι
979 1507 1124 1612 καὶζῆν
1143 1503 1309 1587 καὶεῖναι

54 1655 83 1694 ¹0
94 1633 346 1736 δωρούμενον.
398 1629 568 1733 ζωογονεῖ
600 1629 672 1736 γὰρ
708 1629 755 1712 τὰ
791 1629 922 1731 πάντα,
957 1630 1027 1734 ζωὴ
1065 1629 1157 1712 κατὰ
1194 1629 1309 1738 φύσιν

95 1756 317 1861 ι’πάρχωνό
343 1752 489 1836 πάντων
506 1753 746 1859 Δημιουργῦς,
764 1761 829 1855 τῆς
854 1757 944 1842 ἰδίας
970 1754 1144 1856 ἰδιότητος
1165 1757 1310 1838 ἐντιθεὶς

95 1881 270 1986 ἆρῤἠτως
288 1881 407 1963 αῦτοῖς
424 1877 490 1978 τὴν
508 1879 670 1978 δύναμιν.
711 1881 753 1959 ού
769 1879 841 1983 γὰρ
859 1878 905 1980 ἦν
923 1879 1048 1984 ἑτέρως
1068 1878 1309 1982 διασώζεσθαι

95 2004 191 2108 πρὸς
220 2001 381 2084 τὸεῖναι
408 2002 688 2105 διακροτούμενα
713 2001 759 2084 τὰ
783 2007 822 2084 ἐκ
847 2011 911 2084 τοῦ
938 2004 989 2104 μὴ
1017 2003 1119 2090 ὄντος
1146 2005 1310 2110 λαχόντα

95 2129 162 2228 την
188 2129 352 2230 γε’νεσιν·
394 2125 418 2227 ἢ
447 2126 519 2230 γὰρ
549 2126 594 2208 ἂν
621 2124 724 2213 εὐθὺς
756 2135 803 2212 είς
831 2127 898 2229 τὴν
925 2129 1056 2208 αἰκείαν
1083 2127 1310 2226 ύττενόστησε

58 2253 234 2360 Ι5φύσιν·
279 2255 373 2358 φημὶ
401 2252 439 2331 δὲ
465 2251 555 2354 πρὸς
582 2250 625 2332 τὸ
652 2251 702 2352 μὴ
730 2249 816 2332 εἶναι
843 2251 968 2334 πόλιν·
1011 2259 1040 2333 εί
1067 2249 1117 2352 μὴ
1145 2257 1190 2358 τῇ
1217 2249 1309 2356 πρὸς

98 2376 164 2455 τὸν
185 2375 280 2456 ὅντα
296 2373 425 2480 σχέσει
442 2379 506 2475 τῆς
523 2377 651 2461 οἰκείας
669 2375 844 2478 γενέσεως
861 2378 1002 2477 ε’νίκησε
1020 2375 1086 2477 τὴν
1103 2375 1305 2456 ἀσθένειαν.
1321 2403 1339 2447 θ

98 2503 173 2607 ἔφη
209 2508 406 2603 τοιγαροῦν
439 2500 459 2578 ὃ
492 2500 684 2584 θεσπέσιος
717 2505 867 2585 Παῦλος
900 2503 1015 2604 ὀρθῶς
1045 2537 1084 2582 τε
1118 2503 1177 2581 καὶ
1208 2497 1321 2601 μάλα

99 2630 243 2721 καλῶς,
272 2622 366 2726 ζωὴν
392 2629 465 2704 τῶν
494 2623 592 2704 ὅλων
618 2623 811 2708 ἐπιδεικνύς
844 2623 909 2704 τὸν
934 2623 1039 2723 Θεὸν,
1068 2629 1116 2710 ὡς
1147 2627 1186 2705 ἐν
1212 2627 1309 2733 αύτῷ
1354 2623 1478 2756 ffiffi:

99 2751 222 2852 ζῶμεν
249 2750 309 2827 καὶ
334 2748 524 2847 κινούμεθα
551 2750 610 2827 καὶ
638 2749 759 2846 ἐσμέν·
796 2749 861 2828 οῦκ
884 2750 994 2831 ε’κεῖνο
1020 2750 1164 2834 πάντως
1188 2755 1311 2849 δηλῶν
1357 2755 1396 2805 ²⁸·

57 2897 88 2939 ²0
100 2875 195 2977 ὅπερ
223 2873 338 2970 αὐτοὶ,
355 2871 422 2971 τὴν
445 2878 517 2952 τιῦν
540 2877 643 2975 ίερῶν
663 2871 885 2977 γραμμάτων
906 2871 1083 2977 ὀρθότητα
1106 2874 1308 2980 παραφθεί-

98 3030 245 3102 ροντες,
279 2995 524 3076 διεπλόσαντο
561 2997 636 3076 κατ’
671 3003 797 3077 οἰκεῖον
832 2997 983 3095 σκοπὸν,
1021 2999 1107 3077 ἀλλ’
1141 2996 1229 3101 ὅπερ
1266 2995 1311 3098 ἦν

99 3121 254 3220 ἀληθὲς,
292 3121 350 3199 καὶ
387 3126 461 3204 τοῖς
496 3121 577 3224 ἄρτι
612 3121 964 3222 παιδαγωγουμένοις
1000 3127 1049 3205 εἰς
1088 3122 1311 3222 θεογνωσίαν

99 3243 407 3353 ὠφελιμώτατον·
437 3246 495 3324 καὶ
513 3250 543 3324 εἰ
562 3249 617 3324 δεῖ
631 3243 862 3349 σαφέστερον
880 3250 999 3342 εἰπεῖν,
1018 3244 1131 3325 ούκέτι
1151 3247 1310 3346 σημῆναι

99 3369 345 3466 βεβούληται,
374 3367 429 3448 ότι
462 3366 644 3470 ἅνθρωποι
675 3365 741 3467 τὴν
770 3369 884 3474 φύσιν
916 3368 1162 3476 τυγχάνοντες,
1193 3371 1232 3450 ἐν
1263 3373 1340 3475 τῇο
1360 3389 1477 3448 ⁷94A.

59 3511 88 3570 ²5
101 3495 219 3600 ούσίᾳ
237 3499 303 3570 τοῦ
322 3489 467 3594 Πατρός
492 3489 636 3590 κείμεθά
661 3525 699 3571 τε
725 3494 783 3571 καὶ
809 3495 858 3578 ὡς
883 3491 982 3579 ὅντες
1006 3496 1044 3573 ἐν
1062 3496 1159 3603 αύτῷ
1177 3492 1305 3600 φαινό-

100 3623 211 3714 μεθα,
232 3615 319 3694 ἀλλ’
340 3613 395 3694 ὅτι
419 3619 478 3696 καὶ
503 3615 617 3721 ζῶμεν
639 3619 697 3696 καὶ
723 3615 914 3717 κινούμεθα
940 3621 998 3698 καὶ
1022 3616 1132 3719 ε’σμὲν
1153 3621 1192 3699 ἐν
1210 3623 1308 3727 Θεῷ,

102 3743 186 3842 ἤτοι
208 3737 493 3839 συνεστήκαμεν.

160 3861 281 3946 Σύνες
307 3861 378 3967 γὰρ
407 3865 455 3947 ὡς
483 3865 550 3970 ούχ
572 3865 699 3949 ἁπλοῖς
724 3899 763 3946 τε
788 3869 847 3946 καὶ
871 3867 1058 3966 ἀνειμένως
1083 3867 1153 3974 ἔφη
1178 3865 1231 3966 τὸ,
1255 3864 1311 3945 ότι

102 3989 223 4088 μόνον
241 3986 351 4086 ε’σμῖν
373 3989 410 4068 ἐν
427 3992 520 4095 Θεῷ,
539 3986 597 4068 διὰ
623 3987 688 4088 τὴν
705 3987 778 4089 σὴν
800 3993 848 4075 ὡς
874 3989 964 4075 εἰκὸς
989 3993 1156 4087 ἀμαθίαν,
1174 3985 1203 4067 ὦ
1228 3995 1307 4082 τᾶν,

63 4109 212 4194 ᾶῠάλλὰ
246 4109 437 4218 διαφόρως,
467 4111 555 4215 ὅπερ
586 4111 767 4212 ἠθέλησεν
798 4119 907 4195 εἰπεῖν
939 4111 1148 4216 ἑρμηνεύων,
1176 4114 1236 4191 καὶ
1267 4110 1310 4192 τό

105 4243 242 4338 Ζιῦμεν
270 4235 466 4344 προτάξας,
497 4235 690 4338 ἐπαγαγὼν
719 4235 758 4317 δὲ
785 4238 900 4345 τούτῳ
929 4235 1058 4316 καὶτὸ
1088 4234 1307 4335 Κινούμεθα,

144 4533 172 4572 ι.
190 4513 332 4573 eoam
344 4515 408 4572 M.
421 4515 472 4571 Ed.
486 4533 542 4642 mg.
555 4515 677 4572 ι’θᾶλοντο
690 4515 741 4572 Ed.
758 4559 761 4564 .
809 4531 850 4587 13.
869 4515 943 4574 ὄντος
955 4515 1019 4571 m.
1033 4513 1084 4572 Ed.
1097 4533 1153 4590 mg.
1166 4514 1246 4574 ὄντος
1258 4513 1310 4572 Ed.

108 4603 152 4643 20.
172 4585 297 4658 ὀρθότητι
309 4586 341 4642 E.
448 4603 491 4642 21.
527 4587 671 4682 ιεπλιίσοτο
685 4587 717 4642 Ε.
825 4603 868 4660 23.
887 4587 1022 4644 dom-E.
