3274 5118
127 343 182 386 xv.
195 324 266 407 5,6.
321 325 381 391 IN
412 327 444 392 S.
469 328 725 394 JOANNEM.
772 327 868 392 LIB.
892 327 933 394 X.
979 326 1154 392 CARII.
1263 325 1325 390 561

128 487 265 587 τρόπον
303 489 604 594 ὀλιγωρήσαντες,
642 492 933 592 διαμεμενηκότες
974 491 1012 572 δέ
1052 494 1090 571 έν
1126 491 1231 597 αὐτῷ,
1269 489 1328 568 καὶ

128 608 242 709 μηδὲν
264 612 358 697 ὅλως
384 615 650 717 προτάττεσθαι
676 621 741 716 τῆς
766 622 814 700 είς
840 614 948 696 αὑτὸν
969 616 1151 710 εὐσεβείας
1176 612 1328 711 οἰόμενοι

129 738 217 831 δεῖν,
242 735 413 838 γεγόνασι
440 741 680 839 παναοίδιμοι·
720 738 859 843 καρπὸν
887 738 925 820 δὲ
952 743 1016 838 τῆς
1044 741 1178 818 ἑαυτῶν
1203 739 1358 840 ἀρετῆςο

129 857 269 964 ἔδειξαν
287 859 352 959 τῆν
370 863 587 962 οἰκουμένην,
606 865 664 943 καὶ
689 863 862 969 φιλοθέου
886 864 1069 946 πολιτείας
1093 857 1330 964 ὑπογραμμὸν

93 979 177 1065 5τά
203 985 284 1062 καθ’
305 983 450 1071 ἑαυτούς
469 986 667 1084 ἀναθέντες,
686 985 848 1090 καθάπερ
868 987 986 1067 εἰκόνα
1003 993 1048 1092 τῆ
1068 987 1213 1092 ὑφηλίιρ
1231 996 1328 1082 λαμ·

128 1103 237 1210 πράν,
268 1105 332 1187 τὸν
366 1110 572 1212 ἀμάραντον
604 1115 667 1211 τῆς
704 1109 804 1213 παρά
842 1115 926 1217 Θεῶ
964 1109 1090 1216 δόξης
1110 1106 1330 1207 ἀνεδήσαντο

129 1229 328 1337 στέφανον·
360 1235 380 1312 5
400 1233 437 1313 δέ
455 1241 593 1338 μικροῖς
611 1234 792 1338 ἀργυρίοις
814 1237 1047 1348 σαγηνευθεὶς
1064 1238 1113 1318 εἱς
1130 1232 1327 1327 ἀπώλειαν,

129 1356 226 1459 φημὶ
254 1353 291 1434 δέ
318 1355 382 1435 τὸν
403 1359 527 1463 εὐχερῆ
555 1393 593 1438 τε
621 1361 679 1437 καὶ
707 1355 926 1438 εὐωνότατον
943 1355 1095 1455 Ἰούδαν,
1114 1358 1332 1454 ἀποτμηθεὶς

129 1481 195 1575 τῆς
232 1479 397 1576 ἀμπέλου
433 1485 495 1581 τῆς
534 1485 672 1582 νοητῆς,
708 1481 874 1562 τουτέστι
907 1485 1084 1584 Χριστοῦ,
1115 1477 1331 1587 κατεξηράνθη

75 1635 116 1674 10
130 1599 267 1702 τρόπον
288 1603 378 1702 τινά,
400 1611 450 1712 τῷ
476 1609 540 1706 τῆς
565 1607 757 1705 μαθητείας
783 1605 961 1713 ἀξιώματι
985 1608 1043 1684 καί
1068 1601 1135 1703 τῆν
1159 1601 1330 1707 ζωοποιὸν

129 1733 196 1805 τοῦ
215 1727 426 1827 Πνεύματος
448 1727 622 1830 ποιότητα
647 1729 932 1826 συναποβαλῶν.
970 1728 1142 1824 βέβληται
1161 1725 1232 1829 γὰρ
1251 1726 1364 1833 ἕξω,δ

117 1848 225 1928 -κατά
243 1847 309 1948 τῆν
326 1859 390 1931 τοῦ
411 1857 578 1956 Σωτῆρος
597 1851 736 1960 φωνήν·
768 1853 1062 1956 ἀπηλλοτρίωται
1080 1851 1152 1954 γὰρ
1170 1853 1227 1930 καὶ
1245 1852 1331 1952 πυρὶ

130 1977 183 2080 τῷ
203 1971 390 2078 κολάζοντι
409 1985 594 2082 συρφετοῦ
612 1977 793 2080 παρεδόθη
813 1977 925 2077 δίκην.
966 1977 1155 2081 χρησίμως
1180 1975 1243 2053 οῦν
1262 1972 1332 2076 ἀρα

130 2103 206 2180 τοῖς
231 2099 466 2200 ἀκροωμένοις
488 2103 507 2181 5
530 2101 662 2204 Κύριος
686 2101 788 2201 ήμῶν
805 2099 949 2200 Ἰησοῦς
974 2101 994 2178 5
1017 2097 1190 2201 Χριστὸς,
1209 2095 1275 2197 τήν
1293 2131 1333 2175 τε

76 2250 117 2310 ¹5
132 2221 172 2298 έκ
195 2229 260 2299 τοῦ
282 2231 550 2325 προσηλῶσθαι
575 2223 789 2328 σπουδάζειν
811 2225 906 2332 αὐτῷ
933 2221 1140 2329 παρέδειξεν
1164 2219 1333 2321 εὐθυμίαν

131 2347 190 2422 καὶ
216 2343 282 2443 τῆν
300 2348 339 2426 έκ
364 2356 428 2427 τοῦ
449 2353 701 2462 παρακοπῆναι
727 2347 853 2452 ζημίαν
871 2348 1163 2449 ἀντιπαρίσιησι,
1182 2351 1334 2426 διπλοῦν

130 2467 325 2568 ἐπινοήσας
344 2475 407 2570 τῆς
424 2473 605 2575 σωτηρίας
620 2471 685 2553 τόν
703 2470 847 2575 τρόπον·
877 2470 900 2572 ἢ
927 2469 999 2575 γάρ
1024 2472 1148 2577 ἐφέσει
1172 2475 1217 2574 τῆ
1242 2467 1334 2572 πρὸς

131 2591 245 2697 δόξαν
264 2593 387 2700 όρῶση
405 2598 464 2675 καὶ
483 2593 584 2698 ζωῆν,
603 2596 716 2698 ἤγουν
734 2594 775 2675 τό
794 2597 880 2698 πυρὶ
900 2594 1116 2699 κολάζεσθαι
1132 2593 1331 2698 παραιτοῦ-

131 2749 244 2814 μενοι,
262 2722 326 2816 τῆς
344 2715 435 2821 πρὸς
453 2719 562 2799 αὐτὸν
581 2723 779 2827 συναφείας
804 2719 997 2826 ὁλοκλήρῳ
1014 2725 1066 2827 τῷ
1091 2723 1154 2818 τῆς
1178 2719 1363 2832 διανοίαςο

79 2877 119 2918 20
131 2836 226 2946 τόνῳ
243 2841 523 2945 σπουδαιότερον
541 2843 750 2952 ἀνεξόμεθα.

192 2964 360 3066 Γεωργῦν
379 2965 422 3046 δέ
443 2973 537 3072 φησι
556 2966 619 3048 τδν
639 2967 797 3070 Πατέρα,
817 2971 862 3074 τῆ
886 2968 965 3074 θείᾳ
987 2967 1097 3074 φύσει
1121 2964 1238 3050 διδούς
1261 2973 1336 3044 τῶν
1386 3068 1389 3084 Ι

133 3088 217 3166 καθ’
247 3089 339 3188 ἡμᾶς
370 3089 437 3190 τὴν
463 3093 669 3198 ἐπίσκεψιν,
698 3091 792 3173 καθά
810 3094 880 3171 καὶ
910 3094 947 3171 έν
974 3097 1047 3173 τοῖς
1080 3090 1244 3191 ἀνωτέρω
1277 3089 1336 3168 διὰ

133 3218 288 3291 πολλῶν
311 3215 394 3313 ἡμῖν
418 3215 609 3320 ἀπεδείχθη
634 3215 768 3318 λόγων.
809 3213 1037 3318 εὑρεθήσεται
1064 3211 1136 3316 γάρ
1165 3210 1337 3317 ὑπάρχων

134 3331 242 3418 αὐτὸς
266 3345 330 3416 τοῦ
335 3349 599 3490 γεωρχοῦντος
624 3341 647 3440 ῆ
671 3344 748 3446 χεὶρ
774 3341 841 3445 οὐχ
867 3339 969 3487 ἑτέρα
995 3335 1080 3441 παρ’
1100 3335 1208 3417 αὐτὸν
1229 3370 1332 3416 νοου-

77 3493 120 3554 ²5
133 3456 234 3558 μένη,
254 3460 345 3540 κατά
372 3495 414 3564 γε
443 3464 485 3542 τὸ
514 3463 708 3560 ὁμοούσιον
731 3499 789 3544 και
776 3463 929 3570 ἐξ
886 3469 996 3541 αυτοῦ
1020 3495 1058 3540 τε
1085 3495 1143 3570 και
1168 3463 1206 3539 ἐν
1225 3461 1333 3566 αὐτῷ,

134 3711 227 3786 Υίοῦ
259 3707 305 3788 τά
337 3709 466 3808 πάντα,
499 3711 660 3814 καθάπερ
695 3710 753 3790 διά
786 3709 903 3815 χειρὸς
937 3717 1002 3789 τοῦ
1037 3647 1194 3811 Πότρδς,
1227 3709 1365 3790 αὐτοῦι
1390 3733 1504 3791 em.

135 3831 352 3932 λέγοντος”
326 3867 484 3914 ακουσον
497 3837 577 3936 περὶ
594 3841 667 3913 τῶν
682 3833 925 3982 κτισμάτωνιί
937 3833 987 3912 H
1006 3833 1084 3938 χείρ
1102 3865 1172 3930 μου
1190 3831 1337 3928 ε’ποίησε
1379 3833 1502 3964 mif-

135 3963 292 4036 “ταῦτα
318 3957 472 4056 πάντα,”
503 3959 616 4038 καίτοι
648 3965 721 4038 τῶν
748 3956 895 4039 πάντων
922 3953 1127 4059 γεγονότων
1155 3956 1198 4034 δι’
1228 3961 1333 4052 Υίοῦ,
1381 3979 1420 4030 50·

79 4119 122 4176 30
135 4077 228 4160 κατὰ
246 4079 309 4164 τάς
328 4081 433 4182 ἀγίας
454 4079 610 4186 γραφάς.

193 4205 414 4302 Σημειωτέον
440 4203 488 4302 δὲ,
508 4203 562 4282 ὅτι
591 4207 649 4284 καὶ
677 4205 697 4282 ό
726 4205 920 4287 θεσπέσιος
945 4207 1095 4286 Παῦλος
1122 4200 1188 4300 τὴν
1211 4197 1335 4280 ε’νθάδε

174 4490 352 4557 φπολιτείον
365 4489 397 4546 Ε.
645 4485 762 4578 αρτ]
779 4493 808 4552 ÷
824 4486 964 4554 ἔδειξαν
937 4508 983 4556 την
996 4483 1162 4609 οἰκουμένηνδ
1158 4483 1184 4551 (e
1196 4483 1289 4555 supra)
1303 4483 1336 4540 E.

138 4560 164 4614 6.
174 4509 385 4628 ἀνεδήσαντοΕ.
398 4559 555 4615 ἀνεδύσαντο
568 4491 680 4616 Αὸιὼῆωμ
654 4581 694 4614 ενι
711 4557 793 4614 ὐσαντ
736 4557 924 4704 canoMigne.
1032 4571 1075 4626 23.
1093 4555 1162 4610 ἀποδ
1162 4555 1236 4626 είχθη
1204 4554 1282 4624 θηΕ.

182 4661 254 4706 vot.
272 4661 309 4706 11.
