3184 5104
403 339 467 402 174
707 334 746 399 Β.
770 334 979 400 CYRILLI
1009 333 1298 399 ALEXANDR.
1422 333 1494 397 im

352 571 638 661 2οἈττεκρίθιισον
657 568 688 636 οἰ
712 566 816 647 τονεῖι
841 571 940 636 αὐτοῦ
967 571 1021 636 καί
1046 564 1139 637 εἶπον
1158 567 1303 646 Οἴδαμεν
1320 571 1371 638 ὅτι
1395 563 1486 634 οὗτόο

351 713 387 754 21
452 694 559 764 ὀυίδι
578 697 671 775 ἡμῶν
690 696 743 762 καὶ
767 697 818 763 ὅτι
842 695 967 785 τυφλὸς
990 697 1156 772 ὲτεννιίθιι·
1185 697 1257 761 πῶς
1275 693 1312 761 δὲ
1331 699 1386 760 νῦν
1406 693 1494 771 βλέπε

452 817 600 904 οἴδαμεν,
632 823 651 888 ιλ
686 821 735 888 τίο
766 821 913 907 ἀνέῳξεν
945 822 1044 888 αὐτοῦ
1081 821 1156 888 τοὺς
1191 818 1384 909 ὀφθαλμοὺο
1414 814 1494 894 ιἰμεῖι

372 958 390 1003 θ
452 941 598 1024 οἴδαμεν·
638 946 736 1018 αὑτὸν
767 947 969 1037 ἐρωτήσατε,
1000 944 1129 1010 ιἰλικίον
1159 944 1226 1031 ἔχει
1261 943 1360 1009 αὐτὸς
1390 941 1462 1031 περὶ

453 1078 608 1142 λαλῆσαι.

407 1283 410 1292 ν
456 1236 733 1336 Ὁμολογοῦσιν
758 1239 807 1320 ὡς
835 1233 978 1336 ἀληθές,
998 1231 1042 1315 τὸ
1068 1232 1275 1333 μηδαμόθεν
1300 1231 1494 1339 ἀμφίβολοι

401 1360 457 1465 ἀφ’
478 1354 576 1467 ᾧπερ
601 1357 694 1446 εἰκὸς
717 1357 762 1460 ἦν
787 1361 972 1458 ὑπομεῖναι
995 1364 1069 1438 τῶν
1088 1357 1304 1458 ἀβουλήτων
1329 1357 1440 1436 οὐδέν·
1474 1361 1494 1432 ετ

401 1481 468 1582 μέν
499 1482 573 1586 γάρ
604 1483 672 1582 τὴν
700 1485 795 1566 ἰδίαν
822 1482 1014 1590 φάσκουσι
1043 1481 1164 1586 γονὴν,
1195 1487 1254 1562 καὶ
1285 1485 1349 1578 τῆς
1381 1484 1494 1560 ὠδῖνος

402 1611 592 1712 ἀρνοῦνται
616 1605 658 1688 τδ
684 1607 847 1710 γνήσιον,
872 1605 1070 1712 συνετέχθη
1097 1605 1136 1688 δὲ
1164 1606 1219 1687 ὅτι
1245 1610 1300 1713 τῷ
1320 1601 1427 1686 πάθει
1451 1601 1494 1682 λέ

402 1738 547 1839 σαφῶς·
579 1729 791 1812 ἀναδύουσα
819 1729 934 1834 γεμὴν
958 1737 1023 1812 τοῦ
1047 1729 1228 1831 θαύματος
1252 1727 1319 1830 τὴν
1345 1727 1494 1836 ε’ξήγησι

402 1865 467 1938 τοῦ
495 1853 710 1959 πράγματος
738 1854 850 1964 Φύσει
879 1863 987 1938 τοῦτο
1017 1861 1111 1952 βοᾶν
1140 1851 1395 1958 ἐπιτρέποντες,
1425 1857 1483 1932 καὶ

236 1997 346 2056 em.
374 1987 550 2081 ομάλλον
572 1978 869 2084 πρατωδείττερόν
892 2015 970 2066 πιος
997 1976 1084 2062 εἶναι
1109 1976 1417 2076 διαβεβαιούμενοι
1443 1975 1485 2056 τό

403 2102 540 2206 τρόπον
567 2101 831 2206 τεθεράπευται,
856 2103 975 2205 λέγειν
1001 2109 1054 2211 τῷ
1082 2104 1157 2212 ίδίερ
1185 2101 1392 2205 γεννήματι·
1426 2105 1494 2180 δειν

403 2263 480 2312 πως
506 2230 607 2308 ἔστιν
629 2233 679 2312 εἰς
705 2224 749 2308 τὸ
777 2228 987 2326 ἀποστῆσαι
1014 2235 1079 2308 τοῦ
1101 2225 1301 2331 πρέποντος
1326 2227 1347 2306 ὁ
1371 2226 1430 2306 ἐπὶ
1453 2259 1494 2304 κο

404 2349 535 2458 φόβος.
574 2350 629 2432 διὸ
647 2349 690 2452 δὴ
708 2350 775 2450 τὴν
791 2355 864 2430 τῶν
878 2349 1089 2452 Φαρισαίων
1109 2350 1278 2450 ὠμότητα
1293 2349 1494 2456 καταφρίττ

404 2476 447 2554 ού
471 2473 689 2578 τετηρήκασι
713 2473 820 2556 τοῦτό
844 2508 916 2556 που
941 2479 1062 2560 καλῶς
1087 2472 1271 2578 εἰρημένον
1290 2470 1423 2558 “Ἕως
1450 2479 1494 2554 θα

406 2609 428 2645 “
446 2597 626 2699 ἀγώνισαι
662 2596 750 2702 ὑπὲρ
786 2601 851 2698 τῆς
887 2599 1092 2698 ἀληθείας.”
1140 2597 1233 2682 εἰκὸς
1265 2597 1303 2678 δέ
1337 2595 1382 2698 δή
1412 2631 1448 2678 τι
1481 2633 1493 2678 τ

405 2718 532 2806 αύτούς
558 2721 689 2826 ἕτερον·
724 2720 842 2807 δειλὸς
870 2719 942 2825 γὰρ
970 2723 991 2803 ὃ
1017 2720 1128 2822 πένης
1154 2726 1335 2827 πανταχῇ,
1352 2723 1412 2802 καὶ
1437 2721 1480 2802 τὸ

405 2843 555 2942 βλέπειν
573 2844 755 2927 δύνασθαί
768 2880 866 2928 τισιν
884 2845 928 2954 ἐξ
950 2845 1174 2950 ἀχρηματίας
1198 2845 1492 2950 παραιρούμενος,

372 2969 531 3075 λφεύγει
553 2968 732 3056 πολλάκις
754 2975 803 3056 είς
830 2969 1037 3070 ἀβούλητον
1056 2969 1200 3070 σιωπὴν
1219 2973 1276 3050 καὶ
1299 2969 1366 3070 τὴν
1385 2971 1430 3077 ἐξ
1453 2971 1492 3048 ἀι

407 3093 642 3200 ἀνεξικακίαν.
685 3097 733 3179 ὡς
759 3093 830 3198 γὰρ
855 3095 923 3196 ἤδη
949 3097 1102 3198 διαρκῶν
1128 3101 1180 3202 τῷ
1207 3098 1271 3194 τῆς
1298 3095 1478 3198 πτωχείας

406 3218 718 3323 συντετριμμένος,
745 3223 793 3303 ὡς
819 3218 862 3300 τὸ
890 3221 949 3300 καὶ
979 3219 1109 3323 ἑτέροις
1136 3218 1461 3324 καταφορτίζεσθαι
1490 3287 1491 3290 ,

407 3345 608 3451 ἀποναρκᾷ.
652 3341 813 3424 τοιοῦτόν
839 3377 875 3424 τι
903 3349 1031 3424 παθεῖν
1060 3341 1303 3436 ύποτοπητέον
1329 3338 1415 3426 τούς
1443 3376 1491 3421 τεν

408 3465 472 3547 τὸν
504 3464 657 3572 τυφλὸν,
690 3471 719 3546 εί
756 3469 815 3548 καὶ
852 3466 907 3548 ὅτι
941 3468 1108 3566 μάλιστα
1144 3465 1216 3546 σὺν
1251 3467 1449 3574 ἀκολουθίᾳ
1486 3503 1491 3546 ι

408 3589 573 3691 πρόεισιν
591 3591 612 3669 ὃ
639 3590 750 3692 λόγος
775 3591 905 3676 αὐτοῖς.
945 3589 987 3672 τὸ
1004 3589 1069 3690 μέν
1086 3591 1159 3694 γὰρ
1183 3589 1309 3672 εἰδέναι
1333 3589 1398 3671 τὸν
1416 3592 1491 3698 ἐξέ

410 3711 524 3813 δήπου
540 3712 685 3800 πάντως
703 3721 849 3812 μᾶλλον
865 3717 984 3801 αὐτοῖς
1002 3717 1061 3796 καὶ
1080 3717 1159 3820 ούχὶ
1177 3719 1228 3823 τῷ
1246 3715 1451 3817 γεννηθέντι
1469 3751 1490 3796 τ

410 3837 580 3942 δέστερον
605 3840 749 3939 ἀναθείη
777 3873 832 3924 τις
858 3836 914 3938 ἀν,
933 3840 975 3920 τὸ
1002 3837 1117 3941 γεμὴν
1141 3840 1267 3919 εἰδέναι
1293 3837 1358 3919 τὸν
1386 3837 1490 3940 ίατρδ

410 3961 555 4049 πάντως
581 3969 656 4047 τοῖς
682 3962 950 4066 γεγευνηκύσιν,
974 3965 1026 4064 ε’ίη
1054 3965 1088 4042 δ’
1108 3961 1154 4043 θν
1177 3969 1324 4061 μᾶλλον
1348 3964 1489 4064 ἁρμοδιι

381 4093 464 4196 auf>
481 4085 540 4167 διά
561 4088 686 4190 πείρας
711 4085 829 4194 ἔχοντι
853 4083 919 4187 τὴν
938 4085 1009 4167 ἀπὸ
1033 4096 1097 4168 τοῦ
1124 4087 1305 4188 θαύματος
1326 4085 1447 4192 χάριν.
1487 4131 1489 4162 ι

412 4368 438 4424 s.
446 4297 1100 4442 μλῖθφλλλ,Ἥὲθὲλλλῖβλὲλ
1111 4371 1169 4442 μ
1181 4297 1266 4426 λθ
1278 4299 1346 4357 ‘M‘
1357 4316 1489 4425 Ἢῗὶἳλῖ

413 4439 490 4493 Harl.
624 4457 666 4512 ¹3·
684 4443 721 4514 τῷ
734 4441 790 4516 ὶδίρ
801 4441 938 4513 γιννήμοτι
951 4441 1242 4511 ουιετόΤίναιτιοςρ.
1255 4459 1281 4497 ιι.
1413 4439 1488 4496 16.=

412 4507 446 4562 Β.
458 4509 488 4562 τδ
502 4507 553 4562 Ed.
635 4527 677 4582 19.
695 4510 898 4582 παραιρούμενος
911 4513 969 4567 Bm.
981 4509 1183 4595 παραιτούμενος
1194 4529 1209 4566 ο
1222 4511 1281 4566 cat.
1296 4511 1374 4566 Harl.
1383 4511 1470 4577 Aub„
1484 4531 1488 4566 ι

411 4576 596 4648 apographum
608 4595 690 4634 mum
701 4581 930 4653 πορομαρούμενος
942 4582 1074 4638 οῐδιδοῐο.
1182 4581 1225 4638 26.
1244 4583 1305 4653 οὐχὶ
1316 4599 1341 4637 ι.
1353 4582 1384 4637 οὗ
1399 4581 1453 4638 Ed.
