3238 5114
332 349 398 414 690
640 347 912 414 B.·CYRILLI
942 345 1233 414 ALEXANDR.
1344 344 1426 411 xvii.
1439 361 1537 430 9-11.

304 513 393 594 θίνα
423 512 475 614 μή
508 547 598 598 τινες
628 519 776 614 οίηθεῖεν
802 511 913 619 τυχὸν
942 511 1030 618 ῦπὲρ
1060 512 1181 614 μόνων
1206 517 1279 594 τῶν
1306 509 1352 618 ἑξ
1378 506 1539 612 Ἰσραήλ

332 637 569 742 παράκλητον
588 635 674 719 εἶναι
699 639 799 742 παρὰ
821 639 873 747 τῷ
893 640 1013 742 Πατρὶ
1035 636 1100 718 τὸν
1120 636 1265 742 Κύριον,
1285 633 1375 738 ῦπὲρ
1400 631 1440 715 δὲ
1465 639 1540 714 τῶν

334 761 462 844 ἀλλων
489 765 601 844 ἐθνῶν
628 770 701 844 τιῦν
730 761 800 843 ἀνὰ
826 769 954 844 πᾶσαν
985 761 1291 865 κατεσπαρμένων
1321 757 1388 858 τὴν
1420 763 1536 838 οἰκου-

332 888 443 989 μένην
475 887 599 986 οῦκέτι,
632 888 747 968 καίτοι
782 885 994 987 μελλόντων
1028 891 1074 990 τῇ
1109 891 1158 970 είς
1195 882 1304 966 αῦτὸν
1335 881 1539 988 διαπρέψαι

331 1012 466 1110 πίστει,
488 1015 548 1092 καὶ
575 1011 666 1092 ὅσον
689 1011 827 1092 οῦδὲιτω
851 1009 1105 1111 κληθήσεσθαι
1131 1008 1223 1114 πρὸς
1250 1009 1451 1108 ἐπίγνωσιν
1474 1011 1565 1105 τῆς5

333 1133 391 1214 διδ
423 1141 588 1240 Χριστοῦ
620 1135 811 1239 σωτηρίας,
843 1133 1111 1238 ἀναγκαιότατά
1140 1142 1235 1240 φησι
1266 1133 1352 1213 λίαν
1380 1134 1425 1212 οῦ
1455 1134 1539 1234 περὶ

331 1259 453 1359 μόνων
470 1260 621 1340 ἔσεσθαι
639 1267 713 1341 τῶν
731 1263 769 1340 ἑκ
793 1259 919 1364 γένους
937 1259 1092 1364 Ἰσραήλ
1116 1256 1277 1356 ἱλασμὸν
1295 1255 1359 1338 τὸν
1379 1257 1537 1358 Κύρων,

332 1381 434 1464 ἀλλὰ
454 1388 536 1486 περὶ
554 1383 644 1467 ὅλου
661 1393 726 1466 τοῦ
744 1383 895 1485 κόσμου,
914 1385 1090 1482 τουτέστι,
1106 1390 1180 1465 τῶν
1198 1385 1236 1464 ἑκ
1254 1379 1390 1465 παντὸς
1412 1379 1541 1466 ἔθνους

331 1541 371 1589 τε
400 1511 458 1588 καὶ
489 1507 612 1612 γένους
641 1509 928 1610 κληθησομένων
956 1506 1015 1589 διὰ
1043 1513 1107 1608 τῆς
1134 1511 1291 1591 πίστεως
1318 1511 1368 1589 είς
1395 1510 1536 1585 δικαιο-

332 1632 449 1731 σιίνην
466 1636 525 1712 καὶ
544 1632 737 1737 ἁγιασμόν.
776 1634 797 1712 ῦ
824 1632 862 1714 δὲ
889 1632 1023 1736 Κύριος
1047 1633 1149 1732 ἡμῶν
1164 1634 1307 1732 Ἰησοῦς
1330 1631 1351 1709 ὁ
1369 1627 1541 1732 Χριστὸς
1554 1661 1582 1701 10

299 1755 535 1836 δάποδιελὼν
557 1763 630 1836 τιῦν
650 1757 812 1860 γνησίων
828 1755 911 1842 τοῦς
936 1754 986 1857 μὴ
1009 1764 1171 1836 τοιοῦτον
1189 1755 1336 1860 ἔχοντας
1361 1761 1461 1851 νοῦν,
1480 1757 1540 1833 καὶ

331 1886 406 1960 τῶν
435 1877 631 1986 ἐξυβρίζειν
667 1887 744 1964 ταῖς
781 1883 874 1961 οὕτω
911 1887 1090 1982 σκληραῖς
1127 1879 1316 1962 ἀπειθείας
1353 1879 1540 1978 ἑλομένων

332 1999 450 2102 αὐτὸν,
470 2002 552 2089 τοῦς
579 2005 837 2108 ἐπιεικέστερον
860 2011 932 2084 τῶν
957 2007 1061 2085 θείων
1085 2005 1194 2089 αῦτοῦ
1221 2004 1539 2104 κατακροωμεῦονς

330 2125 465 2230 λόγων,
503 2129 697 2211 ῦποθέντας
734 2161 772 2208 τε
811 2127 880 2228 ἤδη
918 2128 982 2209 τὸν
1018 2133 1082 2229 τῆς
1119 2128 1265 2231 καρδίας
1299 2124 1442 2230 αῦχέιιιι,
1479 2129 1538 2206 καὶ

331 2255 521 2357 μονονουχὶ
545 2250 810 2355 περιδήσαντας
835 2255 971 2338 ἑαυτοῖς
996 2257 1059 2352 τῆς
1085 2250 1155 2332 ῦπὸ
1174 2257 1258 2358 Θεῷ
1282 2252 1447 2334 δουλείας
1474 2249 1537 2330 τὸν
1552 2281 1581 2339 15

332 2373 450 2478 ζυγὸν,
476 2381 549 2481 περὶ
579 2373 685 2456 αῦτῷν
713 2375 783 2482 ἔφη
811 2361 932 2473 μόνων
959 2375 1254 2478 πρεπωδέστερον
1282 2376 1430 2477 έρωτᾶν.
1486 2373 1537 2453 ὦν

331 2497 405 2601 γάρ
436 2497 585 2603 ὑπάρχει
618 2498 768 2600 μεσίτης
800 2503 858 2580 καὶ
892 2499 1083 2605 ἀρχιερεὺς,
1111 2501 1230 2583 αὐτοῖς
1256 2496 1299 2595 δὴ
1325 2499 1385 2577 καὶ
1410 2496 1534 2596 μόνοις

304 2619 422 2730 οῷιτο
450 2623 523 2700 δεῖν
554 2621 599 2700 τῦι
630 2625 669 2703 ἐκ
701 2626 765 2723 τῆς
797 2625 976 2721 μεσιτείας
1007 2623 1192 2730 προξενεῖν
1220 2619 1350 2722 ἀγαθά,
1378 2621 1441 2705 οῦς
1474 2625 1532 2702 καὶ

333 2739 500 2825 δεδόσθαι
530 2742 597 2844 μὲν
626 2749 739 2854 ἑαυτῷ
772 2753 899 2855 φησιν,
929 2745 1017 2828 εἶναι
1047 2746 1161 2853 γεμὴν
1187 2756 1251 2828 τοῦ
1280 2745 1436 2851 Πατρὸς,
1465 2750 1531 2853 οῦχ

333 2869 456 2972 ἑτέραν
483 2867 638 2974 ἐχούσης
663 2869 747 2951 ὁδὸν
774 2876 837 2970 τῆς
865 2871 957 2976 πρὸς
985 2871 1080 2952 Θεὸν
1108 2869 1327 2972 οἰκειότητος,
1350 2877 1379 2950 εί
1407 2870 1459 2972 μή
1488 2875 1529 2952 δι’
1543 2905 1573 2946 ιο

184 3051 190 3062 .
244 3087 250 3100 ¹
333 2997 434 3072 Υίοῦ.
474 2993 538 3072 καί
563 3027 608 3073 σε
635 3002 741 3074 τοῦτο
769 2993 904 3102 διδάξει
932 2995 1050 3098 λέγων
1076 2995 1181 3079 αῦτός
1199 3006 1221 3042 “
1234 2997 1363 3080 Οῦδεὶς
1390 2995 1530 3100 ἔρχεται

332 3127 355 3164 “
372 3115 463 3220 πρὸς
481 3116 545 3198 τὸν
565 3117 721 3221 Πατέρα,
741 3124 770 3198 εὶ
788 3119 838 3218 μὴ
856 3121 899 3199 δι’
919 3121 1043 3218 ἑμοῦ.”
1073 3120 1136 3200 θέα
1160 3119 1233 3222 γάρ
1256 3119 1353 3203 ὅπως
1377 3123 1430 3227 τῷ
1455 3123 1531 3228 ἰδίῳ

331 3239 526 3342 γεννήματι
563 3239 646 3324 δοῦς
682 3242 702 3320 ὁ
736 3239 865 3344 Πατὴρ
902 3241 984 3327 τοῦς
1019 3245 1074 3350 ἐφ’
1108 3241 1161 3327 οἷς
1197 3244 1218 3322 ὸ
1254 3240 1380 3346 λόγος,
1418 3246 1530 3353 ἑαυτῷ

332 3365 590 3464 κατεκτήσατο·
621 3367 804 3445 καὶτοῦτο
823 3369 943 3451 συνεὶς
968 3369 1007 3448 εῦ
1030 3367 1132 3465 μα’λα
1156 3368 1311 3474 φησὶνὸ
1335 3374 1409 3447 τιῦν
1429 3373 1531 3471 ἱεριῦν

240 3535 247 3550 ·
274 3537 280 3550 ·
331 3487 555 3588 γραμμάτων
582 3488 953 3588 ἑπιστημονικοίτατος
976 3501 997 3538 “
1010 3489 1099 3571 Ὅτι
1127 3491 1220 3576 Θεὸς
1249 3489 1294 3592 ἦν
1316 3493 1355 3572 έν
1376 3496 1531 3602 Χριστῷ
1543 3529 1571 3585 ²5

332 3621 354 3658 “
372 3609 512 3710 κόσμον
550 3608 828 3691 καταλλάσσων
869 3613 1017 3721 ἑαυτῷ.”
1062 3614 1310 3715 μεσιτεύοντος
1350 3615 1424 3719 γάρ
1469 3626 1531 3696 τοῦ

330 3739 508 3838 Χριστοῦ,
536 3733 729 3839 δεχομένου
761 3769 799 3815 τε
829 3735 912 3820 τοῦς
942 3737 1160 3842 προσιόντας
1192 3738 1250 3819 διὰ
1282 3743 1346 3838 τῆς
1374 3745 1531 3826 πίστεως

164 3879 284 3938 96η
303 3862 389 3940 ικαὶ
415 3859 666 3964 προσάγοντος
687 3861 731 3940 δι’
751 3861 878 3940 ἑαυτοῦ
905 3867 956 3969 τῷ
977 3867 1105 3966 Πατρὶ,
1125 3863 1262 3961 κόσμος
1281 3869 1366 3968 Θεῷ
1391 3878 1527 3964 κατηλ-

330 3981 496 4064 λιίττετο.
536 3982 596 4062 διὸ
620 3993 727 4064 τοῦτο
751 3985 811 4062 καὶ
837 3985 857 4063 ὁ
882 3987 1072 4090 προφήτης
1090 3988 1260 4084 Ἠσαίας,
1279 3987 1423 4091 εἰρήνην
1440 3991 1531 4090 ἡμᾶς

330 4109 480 4187 ἑλέσθαι
516 4106 582 4206 τήν
617 4107 708 4210 πρὸς
746 4106 842 4188 Θεὸν
877 4109 915 4187 ἑν
946 4113 1099 4218 Χριστῷ
1138 4112 1376 4214 προεδίδασκε
1414 4112 1530 4216 λέγων
1543 4151 1568 4207 3⁰

164 4220 286 4350 gfff·
331 4241 353 4278 “
374 4229 593 4330 Ποιήσωμεν
626 4229 766 4333 εἰρήνην
798 4231 907 4337 αῦτῷ,
938 4231 1144 4332 ποιήσωμεν
1177 4234 1318 4336 είρήνην
1355 4241 1389 4316 οἱ
1423 4237 1527 4341 ε’ρχό·

330 4363 352 4400 “
371 4355 500 4452 μενοι.”
541 4353 817 4453 ἀποστήσαντες
846 4353 919 4458 γὰρ
947 4359 1011 4454 τῆς
1041 4357 1130 4442 ίδίας
1160 4363 1284 4462 ψυχῆς
1313 4357 1359 4437 τά
1387 4363 1454 4460 τῆς
1483 4366 1527 4443 εὶς

330 4475 495 4578 Χριστὸν
513 4474 656 4579 ἀγάπης
681 4479 943 4582 ἀλλοτριοῦντα
969 4479 1073 4580 ἡμᾶς,
1096 4478 1137 4561 τὸ
1166 4481 1410 4586 αἱσχρουργόν
1436 4491 1523 4591 φημι
