3200 5092
456 342 497 406 16
751 343 789 408 B.
814 341 1022 408 CYRILLI
1052 341 1344 408 ALEXANDR.

424 504 551 609 ολέγω
579 512 658 588 Οὐκ
688 511 759 614 εἰμί
786 515 901 614 φησιν
926 508 965 588 ἑκ
993 512 1049 589 τοῖ
1079 509 1207 614 κόσμον
1235 505 1360 588 τούτου.
1408 506 1457 585 οὐ4

453 635 625 733 παραθεὶς
654 638 702 716 εἰς
734 637 872 733 γνῶσιν
905 630 972 731 τὴν
1006 629 1157 732 θεότητα
1191 635 1243 739 τῷ
1273 627 1421 737 κόσμῳ,
1453 669 1457 682 ·

453 755 572 861 ε’κείνιρ
610 757 767 854 δίδωσιν,
803 755 929 834 ἑαυτὸν
962 754 999 834 δέ
1037 760 1088 863 τῷ
1125 753 1354 858 γεγεννηκότι
1396 758 1457 833 Θε

453 877 623 958 ἀνωτοίτω
650 885 782 960 πασῶν
805 881 912 986 οὐσίᾳ
939 880 1144 984 προσνέμει.

508 1061 529 1098 ,,
548 1003 657 1082 Ἀλλ’
677 1002 779 1083 οὐδέν
804 1003 976 1103 ἀδικήσει,
995 1005 1101 1111 φησὶ,
1120 1007 1193 1082 τῶν
1211 999 1385 1104 ἀγγέλων
1411 999 1457 1099 τὴ

451 1185 473 1222 ,,
494 1124 588 1211 Θεδς
616 1130 673 1206 καὶ
703 1125 841 1230 Πατὴρ,
871 1133 900 1206 εῖ
927 1125 977 1226 μὴ
1006 1125 1144 1211 τούτοις
1171 1125 1283 1225 αὐτὴν
1312 1123 1366 1210 οἷς
1397 1129 1458 1204 καὶ

452 1307 474 1346 ,,
494 1247 586 1351 έγνω
604 1257 720 1350 τιμοῖν.
763 1251 885 1332 ἀδικον
904 1250 975 1354 γὰρ
1001 1251 1164 1349 οὐδαμῶς
1189 1249 1382 1355 ἀποφαίνει
1407 1249 1457 1328 τὸ,

452 1433 473 1469 ,,
494 1375 532 1452 έν
549 1379 594 1480 τῇ
614 1376 726 1454 κτίσει
744 1378 920 1472 ποικίλον,
938 1373 960 1476 ἡ
986 1379 1038 1482 τῷ
1061 1372 1204 1482 έκάστιρ
1229 1372 1443 1477 πρεπόντως

453 1556 475 1594 ,,
491 1495 557 1596 τὴν
576 1497 697 1605 δόξαν,
716 1500 791 1580 ἐπεὶ
817 1498 910 1578 κατά
932 1533 1012 1579 τινα
1030 1499 1165 1602 τρόπον
1183 1499 1283 1598 ἡμεῖς
1302 1497 1454 1600 ἀγγέλω

452 1681 474 1718 ,,
492 1627 595 1720 μεθα,
624 1624 738 1702 καίτοι
765 1623 901 1702 δίκαιον
928 1620 1016 1702 εἶναι
1042 1624 1304 1723 ὁμολογοῦντες
1332 1619 1399 1700 τὸν
1419 1627 1456 1700 Θ

452 1803 475 1840 ,,
494 1745 557 1823 οὖν
585 1745 684 1844 ἡμεῖς
712 1744 804 1850 πρὸς
833 1743 1028 1849 ἀγγέλους,
1059 1755 1165 1826 τοῦτο
1196 1749 1254 1827 καὶ
1284 1747 1439 1848 ἄγγελοι

419 1867 593 1967 (1,,Υῖόν·
621 1878 881 1975 παραχωροῦσι
900 1869 937 1951 δέ
956 1874 1004 1954 ὡς
1021 1871 1175 1970 ἀμείνονι
1194 1873 1252 1951 καὶ
1270 1868 1313 1950 τδ
1332 1873 1371 1950 έν
1388 1869 1457 1970 μείς

451 2054 475 2092 ,,
492 1999 620 2092 τιμαῖς,
640 1991 662 2094 ἡ
681 1997 719 2074 ἐν
737 1991 868 2097 αῖσπέρ
887 1999 979 2073 εἰσιν
998 1994 1133 2074 αὐτοί.”

507 2115 671 2217 Ἀλλ’,ὦ
689 2117 872 2213 βέλτιστε·
892 2117 1005 2198 πάλιν
1019 2121 1165 2221 έροῦμεν
1179 2115 1243 2198 τδν
1261 2119 1383 2218 ἀμαθῆ
1403 2119 1457 2197 δοι

452 2241 640 2346 αῖρετικόν·
670 2249 700 2322 εῖ
719 2247 777 2322 καὶ
796 2247 859 2342 τῆς
882 2249 954 2321 τῶν
973 2241 1142 2344 ἀγγέλων
1160 2241 1269 2348 δόξης
1291 2240 1457 2348 ἀφεστὴκ

452 2370 510 2444 καὶ
536 2371 600 2466 τῆς
623 2367 774 2466 ἐνούσης
799 2368 918 2448 αὐτοῖς
942 2365 1123 2460 εὐσεβείας
1143 2363 1340 2464 ἡττώμεθα,
1359 2368 1417 2443 καὶ
1444 2399 1457 2442 ε

452 2489 495 2568 τὸ
514 2491 609 2595 ε’ντὴ
629 2491 744 2569 κτίσει
761 2489 928 2570 ποικίλον
942 2491 1000 2568 καὶ
1018 2489 1324 2590 παρηλλαγμένον
1338 2489 1396 2568 καὶ
1414 2500 1457 2568 π)

453 2616 491 2693 έν
518 2621 645 2712 τιμαῖς,
673 2613 752 2714 ἡτοι
783 2611 1094 2713 μειονεκτοιίμενον
1122 2611 1213 2692 κατὰ
1246 2611 1311 2712 τὴν
1338 2621 1401 2692 τοῦ
1431 2647 1456 2692 π

454 2737 645 2838 βούλησιν,
665 2737 766 2817 ἀλλά
790 2771 833 2839 γε
856 2743 929 2821 τοῖς
948 2743 1064 2816 πᾶσιν
1080 2734 1122 2815 τδ
1140 2737 1302 2815 ε’κτίσθαι
1320 2734 1445 2831 κοινὸν,

454 2861 550 2944 ὅλως
575 2866 613 2941 έν
630 2861 767 2945 τούτοις
791 2859 833 2940 τὸ
859 2860 978 2963 ἕτερον
997 2857 1250 2963 ὑπερτεροῖνὴ
1275 2857 1455 2957 λειπόμενα

454 3019 531 3090 χειν
548 2985 613 3084 μέν
632 2984 703 3087 γάρ
721 2985 758 3065 έν
776 3020 815 3064 τε
833 2990 918 3090 τιμῇ
937 2987 995 3064 καὶ
1013 2981 1102 3092 δόξῃ
1119 2991 1184 3063 τοῦ
1203 2982 1391 3086 ἀνθρώπου
1408 2982 1455 3062 τδι

424 3105 666 3208 οθαυμαστδν
693 3107 802 3206 οὐδέν,
827 3106 849 3208 ἡ
879 3111 937 3188 καὶ
965 3115 1028 3187 τοῦ
1056 3103 1220 3209 ἀγγέλου
1246 3106 1309 3186 τὸν
1334 3104 1455 3210 οἰρχοῖγ1

454 3229 569 3332 γεμὴν
597 3237 645 3316 εἷς
672 3240 736 3311 τοῦ
763 3230 809 3311 τά
836 3229 955 3312 πάντα
982 3229 1217 3332 πεποιηκότος
1244 3230 1440 3324 ἀναβαίνειν

455 3353 568 3460 δόξαν
600 3357 712 3435 οὐδενὶ
745 3361 819 3435 τοῖν
847 3353 1056 3454 κτισμάτων
1083 3352 1225 3458 προσὸν
1254 3352 1454 3456 εὑρήσομεν·

454 3477 558 3556 ἔσται
576 3512 610 3557 τι
632 3485 704 3558 τῶν
722 3476 925 3580 γεγονότων
944 3477 1055 3584 φύσει
1073 3476 1174 3575 Θεὸς,
1194 3478 1271 3556 οὐδ’
1292 3476 1446 3574 ἰσότιμον

454 3597 630 3706 Δεσπότη
657 3599 698 3681 τδ
727 3606 868 3698 δοῦλον,
894 3599 1069 3704 σύνεδρόν
1091 3635 1129 3680 τε
1157 3604 1216 3680 καὶ
1243 3609 1453 3700 συμβασιλεί

453 3731 558 3803 ποῖον
586 3725 650 3804 οὖν
677 3726 747 3829 ἀρα
779 3725 910 3828 μέτρον
938 3725 1041 3805 ἔσται
1071 3729 1176 3825 τιμῆς
1208 3733 1259 3833 τῷ
1289 3728 1361 3832 Υίῷ
1391 3759 1453 3825 γεν.

454 3850 545 3946 ὑμᾶς
578 3846 664 3947 ἀντι,
694 3852 751 3928 καὶ
784 3851 823 3928 ἐκ
860 3857 924 3929 τοῦ
958 3849 1099 3947 κόσμου
1132 3857 1195 3930 τοῦ
1226 3857 1351 3949 νοητοῦ
1379 3845 1418 3927 τὸ
1447 3877 1452 3926 ι

452 3972 617 4079 ἀξίωμα;
646 3979 725 4057 πῶς
747 3971 785 4052 δέ
811 3978 860 4057 είς
877 3970 944 4072 τὴν
962 3971 1074 4071 αὐτὴν
1090 3974 1340 4074 ἀνοδρομεῖται
1357 3969 1452 4078 δόξαν

453 4096 568 4201 φύσιν
596 4103 680 4204 Θεῷ
712 4095 754 4176 τὸ
785 4103 858 4180 τοῖς
889 4097 1087 4196 κτίσμασιν
1115 4092 1291 4198 ὁμογενὲς,
1319 4097 1419 4177 καίτοι
1448 4133 1451 4150 ¹

492 4315 515 4352 1.
533 4299 603 4370 λέγω
617 4299 650 4354 Β.
662 4300 748 4372 λέγων
761 4299 852 4355 Holst.
866 4299 918 4354 Ed.
965 4299 1145 4369 ἀντιπαραθεὶς
1158 4298 1190 4353 Β.
1203 4298 1345 4369 ἀντιπαρεὶς
1357 4299 1399 4354 Ht.
1413 4299 1448 4353 Ed

454 4365 513 4438 του]
527 4370 557 4422 τὸ
569 4369 661 4425 τούτου
675 4371 725 4426 fit.
739 4370 790 4426 Ed.
864 4385 888 4442 7.
900 4367 943 4441 τὸ]
954 4372 999 4425 τὸν
1009 4370 1113 4441 Migne.
1184 4385 1264 4441 9-11.
1276 4369 1451 4451 ἀγγέλων-ἡμι

456 4455 497 4492 ιτ.
516 4439 611 4505 μείζονι
625 4440 657 4494 Β.
669 4441 820 4496 emendavit
834 4441 883 4496 Ht.
965 4458 1008 4495 τι.
1027 4441 1177 4509 θαυμαστὸν
1188 4439 1263 4493 οὐδὲν
1275 4439 1316 4494 h1c
1328 4451 1446 4509 expuunt,

452 4511 532 4577 γελον
543 4509 634 4562 intulit
648 4509 680 4564 B.
823 4524 866 4582 τη.
884 4509 995 4566 οδναες.
1009 4529 1040 4565 εκ
1056 4511 1078 4564 Β
1092 4529 1147 4580 mg.
1218 4511 1450 4581 ‹rrprcg3eme11tlavi.¹

454 4577 498 4631 28.
516 4577 581 4645 ὑμᾶς
594 4577 627 4630 Β.
640 4577 703 4646 ἡμεῖς
719 4579 767 4634 Ht.
782 4579 833 4634 Ed.
942 4597 986 4652 29.
1004 4581 1186 4651 ἀνοδρομιῖται
1198 4531 1233 4635 δ.
1246 4580 1376 4652 ἀναδράμοι
1387 4603 1410 4636 τε
1423 4581 1450 4635 H*
