3142 5118
357 352 422 414 230
659 351 698 414 B.
722 349 933 415 CYRILLI
963 347 1250 414 ALEXANDR.
1392 359 1513 421 x.14‚1

310 611 346 671 ¹5
423 599 481 666 Καί
508 600 657 676 τινώσκω
684 599 723 666 τὰ
752 599 814 676 ἐμὰ
844 598 896 664 καί
924 597 1115 675 τινώσκουοί
1142 619 1181 673 με
1208 595 1246 661 τὰ
1274 593 1347 670 ἐμά·
1387 589 1493 656 καθὼς

486 725 636 800 τινώοκει
662 749 702 802 με
729 726 747 792 ὁ
775 726 889 816 Πατήρ
917 723 1007 797 κάτώ
1034 722 1183 799 τινώοκω
1209 719 1266 787 τὸν
1291 719 1436 806 Πατέρα.

414 884 732 992 Ἀπεριεργύτερον
756 887 822 986 μὲν
847 889 904 970 ἐπὶ
928 887 1043 995 τούτῳ
1067 887 1158 994 φαίη
1181 920 1235 970 τις
1260 883 1304 964 ἂν
1320 883 1439 984 ἕτερον
1457 880 1518 958 οὐδ

360 1015 612 1110 βεβουλῆσθαι
644 1017 894 1112 κατασημηναι
925 1010 989 1092 τὸν
1019 1010 1163 1113 Κύριον,
1196 1008 1219 1110 ἢ
1252 1008 1306 1088 ὅτι
1338 1002 1463 1111 σαφὴς
1492 1038 1517 1100 μ

361 1131 467 1218 αὐτὸς
500 1131 603 1215 ἔσται
636 1143 710 1220 τοῖς
742 1137 880 1234 ἑαυτοῦ,
908 1137 966 1215 καὶ
999 1141 1072 1218 τοῖς
1106 1139 1154 1218 είς
1185 1131 1294 1213 αὑτὸν
1324 1128 1518 1212 πιστεύουσ

361 1258 616 1360 ἀταλαίπωρον
632 1267 805 1364 χαριεῖται
829 1257 896 1359 τὴν
918 1261 999 1361 περὶ
1024 1259 1133 1338 αὑτοῦ
1156 1263 1305 1359 γνῶσιν,
1323 1252 1518 1355 ε’πιγνείσετ

362 1379 400 1461 δὲ
428 1386 486 1462 καὶ
514 1383 620 1467 αὐτὸς
647 1380 730 1469 τοὺς
757 1383 875 1482 ῖδίους,
902 1384 965 1463 οὐκ
993 1379 1165 1482 ἀνόνητον
1187 1377 1354 1481 δηλονότι
1383 1376 1426 1458 τὸ
1454 1410 1518 1477 γινι

195 1524 311 1582 om.
332 1511 518 1585 ασκεσθαι
542 1504 718 1591 καθιστὰς
742 1515 815 1591 τοῖς
840 1515 946 1588 τοῦτο
972 1504 1015 1604 δὴ
1041 1514 1211 1610 λαχοῦσι.
1255 1505 1294 1584 τί
1316 1500 1387 1606 γὰρ
1414 1503 1518 1603 ε’ροῦμ

362 1627 404 1709 τδ
422 1627 566 1726 ἄμεινον
584 1638 648 1709 τοῦ
666 1630 912 1733 γινώσκεσθαι
932 1636 1038 1738 Θεῷ,
1070 1627 1188 1729 ἐπειδὴ
1212 1626 1250 1708 δὲ
1271 1625 1485 1728 πικροτέραν
1502 1624 1518 1700 ε’

362 1755 475 1860 ἑαυτῷ
492 1751 558 1852 τὴν
576 1753 744 1848 βάσανον
762 1756 897 1862 ἐξαιτεῖ
917 1790 995 1839 πως
1019 1753 1061 1834 τὸ
1087 1754 1270 1858 εἰρημένον
1287 1750 1345 1832 διὰ
1369 1748 1413 1830 τὸ
1437 1783 1518 1851 προι

364 1881 503 1955 κεῖσθαι
520 1877 685 1975 μάλιστα
708 1877 829 1965 Καθὼς
846 1879 1004 1982 γίιιίακει
1027 1915 1073 1984 με
1100 1875 1251 1982 ὁΠατῖηρ
1278 1873 1380 1978 κάγδ
1405 1877 1518 1975 γιιαῖτι

364 2000 415 2081 τῖι
435 1998 583 2109 Πατέρα·
614 2001 700 2109 φέρε
726 2000 818 2106 πρὸς
841 2002 1009 2102 τοιαύτην
1026 2002 1135 2101 ἴωμεν
1153 2009 1217 2081 τοῦ
1240 1997 1473 2104 προκειμένου
1497 2029 1518 2074 τ

289 2133 295 2142 ’
365 2122 511 2205 ἔννοιαν.
550 2125 592 2204 ού
616 2124 699 2230 γὰρ,
719 2123 828 2225 οἶμαι,
847 2130 901 2210 τῖς
925 2128 998 2227 ε’ρεῖ
1018 2132 1091 2206 τῶν
1110 2124 1308 2231 ε’ῤῥωμένον
1327 2121 1484 2227 ἐχόντων
1500 2154 1518 2198 τ

365 2255 449 2327 νοῦν
468 2249 689 2354 κατισχύσαι
713 2256 786 2329 τῶν
808 2248 923 2331 ὄντων
944 2247 1024 2330 τινὰ
1048 2249 1216 2349 τοιαύτην
1233 2248 1409 2328 δύνασθαι
1435 2251 1518 2338 λαβ

364 2374 446 2474 περὶ
465 2377 631 2475 Χριστοῦ
655 2372 722 2474 τὴν
740 2379 891 2476 γνῶσιν,
913 2373 1087 2484 ὀποίαπερ
1115 2371 1161 2453 ἂν
1185 2371 1238 2471 εἴη
1265 2369 1375 2475 τυχὸν
1400 2369 1423 2466 ἡ
1452 2371 1518 2446 ε’νς

367 2499 450 2601 Θεῷ
476 2499 534 2576 καὶ
558 2501 677 2601 Πατρῖ
701 2500 782 2648 περὶ
811 2499 931 2578 αὐτοῦ.
972 2497 1081 2645 μόνρς
1106 2495 1178 2600 γὰρ
1203 2493 1297 2575 οἶδεν
1322 2497 1342 2574 ὁ
1366 2492 1498 2592 Πατὴρ

332 2617 529 2698 οίδιον’
482 2653 649 2721 γεννημα,
678 2621 892 2724 γινώσκεται
923 2619 1007 2702 δὲ’
990 2620 1059 2701 υπὸ
1086 2619 1198 2720 μόνου
1225 2629 1289 2700 τοῦ
1318 2618 1406 2698 ἰδίου
1435 2651 1517 2718 γενν

199 2746 322 2876 {ffissth-
367 2775 491 2914 ρατος.
533 2754 554 2790 “
569 2743 766 2829 Οὐδεὶς
720 2777 794 2846 γαρ
819 2741 951 2825 οἶδε
916 2777 979 2823 τον
997 2741 1133 2823 Υῖδν’
1105 2779 1134 2823 ει
1155 2742 1206 2844 μὴ
1226 2778 1246 2822 ο
1233 2741 1407 2844 Πατὴρ,
1426 2741 1502 2820 οὐδ’

368 2865 472 2946 “τὸν
484 2867 631 2971 Πατέρα
648 2902 701 2952 τις
720 2865 849 2948 οἶδε’
810 2903 845 2948 τι
863 2871 963 2948 ἐστιν
981 2867 1078 2967 εἰμὴ
1096 2901 1116 2947 ο
1103 2867 1252 2965 Υἱὸς,”
1265 2864 1355 2947 κατὰ
1372 2865 1440 2964 τὴν
1458 2864 1517 2942 αὐτ

368 3026 431 3072 του
415 2995 619 3094 Σωτῆρος
643 2991 832 3099 φωνήν.
812 3027 867 3072 οτι
892 2991 957 3092 μὲν
979 2991 1051 3094 γὰρ
1071 2989 1206 3076 θεὸς
1190 2987 1360 3094 οΠατὴρ
1386 3023 1447 3068 και
1433 2991 1516 3067 Θι

201 3113 283 3242 ἓξὲξ
369 3115 498 3212 ὁμοίως
516 3115 687 3215 ἀληθινὸς
704 3117 725 3196 ὁ
744 3115 841 3212 Υἱὸς,
861 3115 967 3214 ἴσμεν
984 3149 1022 3195 τε
1047 3117 1106 3194 καὶ
1131 3112 1433 3212 πεπιστεύκαμεν·
1466 3110 1508 3191 τὸ

368 3239 407 3319 τί
432 3239 508 3318 κατ’
529 3240 656 3318 οὐσίαν
682 3242 782 3319 ἐστὶν
803 3241 826 3340 ἡ
852 3240 1003 3344 ιῖῤῥητος
1029 3239 1151 3346 φύσις,
1170 3240 1361 3345 ἀνέφικτον
1378 3243 1516 3317 παντελ

368 3362 452 3461 ἡμῖν
476 3396 515 3441 τε
544 3366 602 3442 καὶ
630 3369 703 3447 τοῖς
729 3363 857 3449 ἄλλοις
882 3371 1041 3466 λογικοῖς
1068 3364 1255 3463 κτίσμασι.
1295 3367 1373 3444 πῶς
1400 3361 1516 3440 οὖνίι

367 3486 505 3587 μέτριος
531 3483 702 3582 εἰσόμεθα
727 3494 778 3594 τῷ
803 3489 921 3591 Πατρὶ
945 3485 1010 3567 τὸν
1028 3486 1142 3584 Υἱόν,
1174 3485 1348 3589 ἀθρητέον
1372 3483 1448 3588 γὰρ
1475 3483 1515 3563 ὅτι

339 3609 636 3710 οέπιγνιίσεσθαι
674 3609 739 3709 μὲν
772 3610 877 3696 αὐτὸς
915 3611 1008 3711 ἡμᾶς
1045 3609 1308 3716 διισχυρίζεται,
1343 3611 1515 3710 ἐπιγνωσι

368 3739 501 3813 σεσθαι
533 3731 570 3812 δὲ
602 3735 686 3837 παρ’
716 3735 817 3834 ἡμῶν
845 3739 893 3819 ὡς
925 3732 1019 3817 οἶδεν
1047 3734 1153 3821 αὐτὸς
1184 3734 1249 3814 τὸν
1278 3733 1427 3837 Πατέρα
1462 3735 1515 3811 καῖ

371 3855 501 3958 Πατὴρ
533 3856 652 3940 αὐτόν.

426 3981 570 4061 Οὐκοῦν
597 3981 882 4088 έπεξιργαστέον
905 3987 965 4063 καὶ
989 3986 1069 4064 τίνα
1093 3990 1167 4068 τοῖς
1191 3981 1383 4086 εἰρημένοις
1406 3983 1514 4089 ε’φαργ

369 4139 493 4204 σωμεν
512 4107 674 4208 θεωρίαν,
693 4107 757 4186 οὐκ
780 4105 853 4188 ἀπὸ
876 4115 940 4187 τοῦ
960 4107 1192 4212 προκειμένου
1210 4107 1397 4213 φέρουσαν
1414 4140 1514 4187 σκοπ

407 4383 433 4437 9.
441 4366 814 4504 mxpm'puvkfiaowipssvss·
807 4367 887 4424 ..cat
902 4369 978 4424 Harl.
1087 4385 1128 4424 10.
1147 4369 1285 4424 απιιιτεῖι.
1396 4383 1438 4420 12.
1459 4389 1514 4454 τρια

372 4435 448 4488 B.'
419 4437 482 4504 αυτὴ
484 4459 498 4489 ν
513 4437 658 4492 Holst

372 4503 446 4558 κα
483 4507 618 4562 Neutrum
630 4508 748 4564 habeta
874 4527 986 4600 γη.
998 4527 1052 4566 om
1064 4511 1137 4566 κα.
1264 4522 1307 4581 25·
1327 4507 1513 4580 ἐπιγνωσθῆσι

372 4573 523 4630 emendavit
539 4576 625 4632 neat.
639 4587 670 4632 ut
686 4579 740 4634 vid.
754 4579 826 4635 Aub.
839 4589 866 4635 et
878 4581 950 4635 itan.
963 4582 1155 4653 ετιγνωσεσθαι
1169 4581 1202 4638 Β
1217 4579 1265 4636 Ηι.

790 4441 831 4495 18.
850 4439 918 4495 αὖε.
931 4439 1026 4494 Md.
1157 4457 1198 4512 19.
1217 4435 1373 4494 τίέστινΒ.
1388 4437 1438 4491 Ht.
1453 4439 1514 4493 τίςι
