3200 5092
414 346 458 408 34
717 353 756 418 B.
779 351 986 416 CYRILLI
1015 345 1302 414 ALEXANDR.

387 513 438 612 αὴ
475 512 547 617 γάρ
579 523 643 595 τοῦ
676 516 797 623 φωτὸς
833 514 1003 615 συστολή
1041 549 1080 595 τε
1114 516 1171 594 καὶ
1204 507 1442 616 ἀναχώρησις
1478 547 1481 578 ⁴

416 637 559 739 γένεσιν
585 647 688 738 ποιεῖ,
717 642 776 719 καὶ
807 639 920 720 πάλιν
953 639 975 737 ἡ
1005 647 1069 718 τοῦ
1099 633 1220 744 φωτὸς
1251 631 1442 736 παρουσία
1478 671 1481 702 ι

417 760 626 868 ἀφανισμὸν
656 761 849 867 ἐργάζεται.
902 764 1029 842 οὐκοῦν
1058 761 1305 841 ἀποδείκνυται
1337 761 1422 861 φῶς
1456 754 1481 831 ἀ

417 883 509 964 κατά
534 885 705 985 ἀλήθειαν
729 889 749 966 ὁ
775 884 949 990 Χριστὸς,
972 887 1148 967 σκοτίσας
1172 881 1237 981 μὲν
1254 878 1454 960 Ἰουδαίους

418 1008 477 1088 ἀπ’
498 1009 615 1088 αὐτῶν
632 1008 883 1108 ἀποστάσεως,
903 1010 1160 1116 καταφωτίσας
1182 1003 1220 1085 δὲ
1244 1002 1291 1084 τὰ
1308 1002 1396 1100 ἔθνη
1416 997 1478 1078 διά

419 1129 510 1211 αὐτὰ
536 1133 747 1236 παρουσίας,
775 1136 833 1214 καὶ
859 1131 988 1238 πικρόν
1011 1131 1160 1232 μάθημα
1188 1135 1261 1212 τοῖς
1286 1123 1476 1205 Ἰουδαίοις

420 1260 543 1336 δεινῶν
565 1256 692 1358 γέγονε
717 1264 833 1360 πεῖρα.

255 1497 366 1554 519Α.
392 1510 410 1549 ο
836 1518 978 1565 ΑΛΛοτ
1008 1518 1058 1565 το
1089 1515 1207 1562 ιντο.

449 1711 554 1778 Ὅταν
581 1712 737 1792 ὑψώσητε
764 1714 820 1780 τὸν
848 1712 916 1782 οἷὸν
943 1718 1000 1779 τοῦ
1028 1710 1215 1802 ἀνθρώπου,
1241 1711 1316 1775 τότε
1344 1706 1481 1782 τνὼοεοι

937 1837 1004 1913 ἐγώ
1032 1835 1107 1916 εἶμι.

478 2002 648 2107 Ἐπείπερ
673 2008 721 2088 εἲς
747 2001 813 2104 τὴν
835 2003 967 2106 σάρκα,
986 2007 1112 2110 φησὶν,
1132 2006 1336 2110 ἀφορῶντες
1360 1997 1481 2097 μόνην,

424 2125 615 2228 ἀνθρωπον
639 2123 730 2207 εἷναί
753 2161 797 2225 με
824 2127 1020 2224 πιστεύετε,
1044 2131 1102 2206 καὶ
1129 2135 1201 2207 τῶν
1226 2124 1307 2205 καθ’
1331 2127 1424 2222 ὑμᾶς
1452 2124 1481 2200 {n

424 2249 486 2328 ἕνα
518 2250 685 2352 νομίζετε,
714 2251 756 2330 τὸ
784 2251 822 2330 δὲ
849 2255 913 2350 τῆς
941 2249 1107 2352 θεότητος
1137 2251 1292 2357 ἀξίωμα,
1323 2251 1381 2326 καὶ
1412 2247 1433 2344 ἡ
1464 2247 1481 2322 ε’

425 2372 527 2478 δόξα,
552 2373 628 2452 οὐδ’
658 2373 748 2454 ὅσον
775 2382 823 2459 εἱς
851 2383 936 2456 νοῦν
963 2375 1080 2454 ἄνεισι
1107 2373 1170 2454 τὸν
1199 2376 1308 2471 ὑμῶν·
1341 2371 1445 2450 ἔσται
1473 2406 1481 2448 ι

426 2497 508 2594 ὑμῖν
533 2495 796 2598 ἐναργέστατον
813 2507 878 2578 τοῦ
902 2497 994 2578 κατδι
1018 2497 1189 2598 ἀλήθειαν
1212 2499 1251 2577 έκ
1273 2501 1369 2576 Θεοῦ
1388 2492 1481 2573 Θεὸν

392 2617 592 2722 1)><“ῑ’ἐμέι
611 2623 668 2698 Καὶ
695 2627 773 2727 φῶς
797 2623 836 2700 ἐκ
862 2620 993 2727 φωτὸς,
1013 2621 1055 2702 τὸ
1079 2621 1267 2702 πάνδεινον
1292 2622 1390 2718 ὑμῶν
1415 2619 1473 2696 καὶ

426 2741 634 2840 νομάτατον
655 2742 836 2845 τόλμημα,
862 2746 1058 2842 τουτέστιν,
1086 2746 1106 2824 ὁ
1133 2742 1291 2847 σταυρός
1319 2745 1377 2822 καὶ
1404 2743 1424 2820 ὁ
1452 2742 1481 2818 ἐτ

386 2937 396 2952 .
426 2869 490 2963 τῆς
519 2865 655 2968 σαρκὸς
683 2867 847 2954 θάνατος.
880 2869 967 2949 όταν
989 2868 1061 2972 γάρ
1089 2869 1185 2967 ἴδητε
1212 2873 1276 2968 τῆς
1303 2870 1435 2947 ἑαυτῶν
1453 2867 1481 2944 ἀι

427 2989 611 3091 ἄπρακτον
637 2988 702 3089 μέν
729 2991 922 3092 γενομένην
949 2992 1015 3092 τὴν
1042 2992 1202 3088 ἔκβασιν,
1227 2996 1481 3091 συντεθραυσμι

428 3114 487 3191 καὶ
516 3111 582 3212 τὴν
613 3115 670 3194 ε’πὶ
707 3122 758 3222 τῷ
795 3115 938 3222 θανάτῳ
975 3112 1110 3217 πάγην·
1155 3111 1439 3213 διαναστήσομαι
1473 3146 1481 3213 3

428 3243 573 3338 νεκρῶν·
616 3237 696 3318 τότε
724 3243 782 3318 καὶ
810 3241 879 3344 οὐχ
907 3235 1043 3321 ἑκόντες
1072 3241 1120 3322 ὡς
1148 3239 1192 3344 ἐξ
1217 3235 1373 3338 ἀνάγκης
1400 3235 1465 3335 ἤδη

429 3357 660 3460 συνθήσεσθε
685 3369 759 3446 τοῖς
783 3361 867 3466 παρ’
888 3365 973 3460 ἐμοῦ
996 3359 1088 3463 πρὸς
1114 3363 1204 3459 ὑμᾶς
1222 3357 1391 3463 γεγονόσι
1408 3357 1481 3459 λόγι

431 3480 527 3561 Θεὸν
556 3479 644 3562 εἶναι
676 3483 766 3562 κατὰ
800 3485 913 3589 φύσιν
946 3483 1203 3587 ὁμολογήσετε.
1257 3483 1422 3586 κρείττων
1453 3517 1481 3577 μς

402 3605 559 3705 οέσομαι
578 3604 807 3686 θανάτουκαὶ
828 3613 979 3712 φθορᾶς,
1001 3611 1050 3693 ὡς
1069 3605 1107 3686 δέ
1124 3606 1194 3710 ζωὴ
1214 3605 1305 3687 κατὰ
1324 3604 1481 3712 φύσινὺτ

430 3726 495 3808 τὸν
526 3727 611 3826 ε’μδν
643 3730 842 3829 ἀναστήσω
875 3729 972 3810 ναόν.
1025 3733 1109 3809 ἀλλ’
1145 3731 1242 3834 εἴπερ
1278 3731 1356 3809 ε’στὶ
1389 3728 1429 3807 τὸ
1464 3735 1481 3808 6

431 3859 572 3955 κρατεῖν
608 3857 667 3932 καὶ
703 3859 776 3932 τῶν
813 3857 876 3952 τῆς
913 3859 1052 3960 φθορᾶς
1091 3852 1431 3954 καταλαᾷινεάεσθαι
1471 3865 1481 3944 ί

432 3982 515 4084 Θεῷ
538 3976 676 4079 πρέπον
696 3981 747 4082 τῷ
773 3974 864 4056 κατὰ
889 3975 1013 4081 φύσιν,
1034 3980 1091 4055 καὶ
1110 3978 1176 4080 οῦχ
1195 3977 1301 4082 ἑτέρῳ
1319 3981 1389 4054 τῶν
1406 3973 1481 4054 ὅντα

432 4108 509 4186 πῶς
546 4101 588 4180 οῦ
624 4096 716 4178 κατὰ
752 4097 875 4199 πόσης
913 4097 1071 4180 ἐκποδὼν
1105 4100 1296 4200 γενομένης
1333 4102 1481 4200 ἀντιλογί

432 4223 566 4308 παντὸς
593 4225 807 4320 ἐνδοιασμοῦ
836 4223 1140 4328 ἀναδειχθήσομαι
1165 4220 1284 4303 πάντα
1311 4221 1368 4302 διὰ
1393 4231 1481 4302 τοῦτι

469 4439 496 4496 5.
513 4427 684 4482 ὑποστάσεως
696 4425 729 4480 Β.
742 4423 892 4479 emendavit
905 4421 997 4479 Holst.
1069 4438 1093 4478 ’”.
1114 4425 1203 4479 δεινῶν
1216 4423 1250 4480 B.
1262 4425 1341 4480 ε’θνῶν
1351 4424 1395 4478 Ht.
1405 4423 1450 4478 Ed.

434 4512 488 4550 om.
504 4495 536 4549 B.
550 4495 630 4550 habet
642 4513 666 4550 υ.
726 4497 852 4566 ὑπάρχειν
864 4493 897 4547 Β.
910 4494 978 4562 ῦπιίρ
999 4517 1059 4549 οντο
1072 4461 1121 4548 fit.
1136 4493 1187 4548 Ed.
1298 4512 1340 4568 19.
1356 4495 1398 4564 τὴν
1408 4511 1481 4549 assurt

434 4565 511 4620 οδω.
525 4564 606 4619 Cord.
714 4579 756 4636 25.
775 4565 805 4618 τδ
819 4564 851 4620 B.
864 4567 910 4618 τοῦ
924 4563 973 4618 Ht.
1011 4565 1038 4620 d.
