3142 5118
374 333 436 395 186
674 331 714 396 Β.
738 327 946 394 CYRILLI
976 325 1264 392 ALEXANDR.
1446 317 1484 381 ix.

372 495 504 575 οἴονται
538 499 664 600 χρῆναι
703 501 829 574 λυπεῖν
862 500 894 572 οῖ
932 491 1069 573 διώκειν
1101 493 1143 571 οὐ
1178 487 1440 592 παραιτούμενοι
1471 516 1495 560 τι

373 623 589 722 ἀγαπῶντας
618 616 735 714 αὐτὸν,
767 617 826 698 διά
855 617 991 696 τούτων
1022 617 1140 696 αὐτῶν
1169 617 1233 694 οὐκ
1262 609 1387 694 εἰδότες
1413 609 1495 710 εὐφρ

373 777 487 840 νουσι,
508 743 778 845 λαμπροτέρους
805 741 842 822 δὲ
866 749 1011 840 μᾶλλον
1036 739 1162 822 αὐτοὺς
1188 737 1442 844 ἀποφαίνουσιν
1465 730 1495 830 ἧι

372 871 517 968 ἀληθῶς
540 869 671 945 ἀδικεῖν
688 865 870 970 ἰσχύουσι.
911 863 1255 968 κατασμικρύνοντες
1280 860 1327 955 δὲ,
1347 862 1391 941 ῶς
1410 852 1495 936 εἰκὸς

372 991 549 1075 πανώλεις
588 997 781 1094 Φαρισαῖοι
818 987 882 1074 τάς
919 991 1054 1070 ἑαυτῶν
1087 985 1260 1092 κεφαλὰς,
1292 985 1349 1064 ἵνα
1382 979 1428 1081 μὴ
1463 990 1495 1056 λι

373 1111 548 1216 Χριστόν,
568 1119 648 1216 περὶ
673 1113 738 1213 μὲν
757 1115 877 1210 αὐτοῦ,
897 1113 938 1192 τό
956 1116 1099 1193 Ἐκείνου
1124 1113 1252 1216 φασὶν,
1272 1101 1495 1200 ε’κπλατυνόμι

208 1249 323 1308 ΒΗΑ·
346 1237 412 1318 ιἰδὲ
431 1235 555 1340 ῶσπερ
575 1245 622 1322 εῖς
640 1237 849 1339 ἀλαζονείαν
868 1237 1076 1339 ὑπέρογκον,
1091 1233 1248 1336 ἀνοήτως
1267 1227 1495 1334 λέγουσινἩγ

376 1359 412 1443 δὲ
431 1367 486 1442 τοθ
507 1361 674 1448 Μωυσέως
696 1360 794 1468 ἐσμὲν
812 1359 972 1468 μαθηταί.

326 1587 363 1646 29
381 1581 498 1663 Ἥμεῖο
525 1581 661 1662 οἴδαμεν
688 1588 738 1653 ὅτι
761 1581 897 1652 Μωυσεῖ
924 1586 1106 1650 λελάλιικεν
1134 1585 1152 1652 ὀ
1179 1582 1272 1662 Θεόο,
1295 1585 1406 1646 τοῦτον
1433 1579 1467 1643 δὲ

779 1707 914 1788 οἴδαμεν
943 1712 1041 1778 πόθεν
1069 1709 1167 1776 ἐστίν.

430 1875 751 1982 Ἀπαυθαδίζονται
770 1873 893 1973 πάλιν,
914 1875 1030 1955 ὅπλον
1049 1875 1190 1979 ἔχοντες
1211 1871 1278 1970 τὴν
1296 1873 1413 1954 αὐτοῖς
1430 1903 1495 1947 συι

377 2002 435 2080 καὶ
461 1997 678 2105 φιλαιτάτην
704 1997 887 2097 ἀπόνοιαν,
907 2002 965 2078 καὶ
989 1999 1042 2080 ἐπ’
1063 1997 1281 2101 ἀθραύστοις
1307 1999 1495 2098 ἀναισχυνι

341 2123 666 2227 δσοβαρευόμευοι,
693 2123 736 2202 τό
763 2123 885 2230 Ἡμεῖς
900 2165 903 2172 ’
916 2118 1050 2229 οἴδαμεν
1076 2122 1376 2230 ἀναφθέγγονται.
1414 2153 1495 2220 προι

376 2250 495 2332 θεύτες
512 2245 550 2326 δὲ
569 2247 623 2327 ότι
643 2251 784 2327 Μωυσεῖ
805 2246 998 2342 λελάληκεν
1016 2257 1031 2329 o‘
1052 2250 1148 2344 Θελς,
1168 2244 1227 2326 διά
1251 2280 1289 2325 τε
1314 2242 1443 2324 τούτου
1467 2277 1495 2320 τ.

377 2372 431 2453 ὅτι
462 2372 591 2474 πρέποι
629 2375 686 2451 καὶ
719 2368 866 2478 σφόδρα
899 2369 1126 2473 διεγνωκότες
1158 2369 1277 2466 αὑτὸν,
1309 2367 1417 2474 ἑτέρῳ
1452 2401 1495 2468 τρ

375 2495 487 2576 πάλιν
526 2495 677 2599 ὑβρίζειν
714 2498 752 2575 ἐν
789 2497 903 2576 οὐδενὶ
944 2494 990 2576 τά
1035 2496 1166 2576 ἐκείνου
1206 2495 1359 2576 τιθέντες
1396 2489 1494 2593 δόγμ

331 2671 336 2680 ,
376 2619 629 2719 κατακρίνουσι
657 2618 729 2721 γάρ
757 2619 948 2718 ἀσυνέτως,
975 2618 1016 2701 δυ
1044 2623 1143 2700 οὔπω
1171 2619 1409 2722 γινώσκουσι,
1432 2622 1495 2715 μᾶ,

377 2741 491 2822 δὲκαὶ
514 2741 689 2840 μαθόντες
714 2747 907 2840 δυσσεβῶς
930 2743 1152 2848 ἀτιμάζουσι,
1171 2744 1284 2823 καίτοι
1309 2750 1374 2821 τοῦ
1400 2738 1495 2838 νόμο

377 2869 506 2951 ἀδίκως
524 2867 656 2974 ἐξεῖναί
669 2901 767 2947 τισιν
786 2867 920 2973 ἀπηχές
942 2903 976 2948 τι
999 2874 1087 2971 δρᾶν
1105 2865 1127 2968 ἢ
1146 2867 1373 2975 ψηφίζεσθαι
1391 2899 1495 2945 παντ

378 2990 671 3098 ἀποφάσκοντος.
714 3000 875 3072 τοιοῦτον
898 2993 941 3074 δέ
963 3028 997 3073 τι
1026 2998 1122 3099 φασὶ
1145 2995 1204 3072 καὶ
1229 2990 1287 3070 διά
1310 2991 1444 3070 τούτου
1472 3027 1495 3072 τι

377 3113 702 3219 Ὀμολογουμένως
727 3115 907 3211 λελάληκε
931 3115 1022 3219 πρὸς
1041 3114 1191 3196 Μωυσέα
1218 3124 1232 3196 ὁ
1256 3117 1354 3200 Θεός·
1386 3116 1495 3198 οὖδεῖι

351 3238 494 3345 οτοότῳ
517 3239 628 3341 λόγος
652 3238 838 3342 ἐνδοιάζειν
857 3243 1059 3321 ἀναπείθων
1077 3239 1184 3336 τινάς,
1206 3239 1336 3339 νόμους
1354 3239 1495 3342 ῶρίσατ

379 3363 498 3458 αὐτοῦ,
524 3365 580 3442 καὶ
608 3361 690 3446 τοὺς
719 3365 773 3472 ἐφ’
795 3363 938 3473 ἑκάστῳ
966 3371 1038 3444 τῶν
1066 3365 1251 3467 πρακτέων
1277 3365 1437 3444 τέθεικεν
1468 3363 1495 3466 ὅ,

367 3484 592 3586 ,παραβάτης
611 3488 674 3564 οὖν
692 3487 772 3590 ἀρα,
790 3491 917 3592 φησὶν,
932 3495 1005 3568 τῶν
1023 3493 1126 3591 ἱερῶν
1144 3485 1384 3590 γραμμάτων,
1406 3489 1428 3566 ὁ
1449 3523 1495 3566 το

380 3611 512 3688 ἐκείνου
545 3615 691 3716 φρονῶν
715 3613 901 3710 τάναντία,
935 3617 994 3692 καὶ
1030 3613 1181 3692 λέλυται
1217 3618 1349 3718 σαφῶς
1386 3613 1408 3689 ὁ
1444 3615 1495 3691 ε’ττ

380 3731 561 3841 σαββάτῳ
589 3733 736 3833 θεσμός·
776 3736 1015 3839 ἐθεραπεύθης
1041 3735 1114 3840 γάρ
1141 3739 1178 3816 ἐν
1203 3733 1401 3842 σαββάτῳ·
1442 3735 1495 3815 τὸ,

380 3855 516 3941 τούτοις
553 3855 691 3937 ἁλόντα
727 3862 785 3939 καὶ
822 3861 1128 3964 κατεγνωσμένον,
1165 3866 1224 3941 οὐκ
1263 3860 1394 3939 εῖδέυαι
1438 3863 1495 3939 δίκ

417 4055 443 4102 4.
461 4033 708 4104 κατασμικρῦνοντες
720 4037 778 4093 B.a.
791 4039 1038 4110 κατασμικρῦνονται
1051 4039 1142 4094 Holst.
1155 4037 1208 4094 Ed.
1343 4051 1370 4107 7.
1392 4037 1495 4107 ὑπέροΙ

384 4107 433 4161 Ht.
445 4106 576 4177 ὑπέροχον
587 4107 661 4160 Aub.
728 4147 730 4154 ι
871 4127 912 4165 11.
930 4109 1160 4178 Ἀπουθαδίζοντοι
1174 4109 1205 4164 Β.
1218 4109 1465 4176 Ἀπαυθιιδὶζοντες
1484 4111 1495 4164 l

384 4193 425 4231 12.
444 4178 601 4247 φιλαιτάτιγν
616 4177 646 4232 Β.
659 4181 823 4248 φιλεστάτην
836 4180 885 4234 Ht.
900 4181 951 4236 Ed.
1055 4182 1095 4236 16.
1115 4179 1228 4248 ὑβρίζειν
1241 4180 1273 4234 Β.
1311 4179 1417 4234 Statim
1431 4182 1495 4236 lact

382 4264 464 4300 sensu
478 4247 529 4303 Ed.
542 4248 694 4318 ὑβρίζουσιν
706 4251 811 4340 conjicit
825 4251 924 4323 Heyse.
1054 4267 1097 4306 20.
1115 4253 1145 4320 ἐξ
1157 4251 1304 4324 ὑπεροψίας
1316 4269 1367 4342 pro
1381 4251 1429 4305 καὶ
1446 4252 1495 4306 διὰ

381 4319 460 4371 πάλιν
471 4335 495 4371 ιι.
633 4335 676 4372 21.
695 4320 847 4376 οὖδας-δι’
859 4321 951 4394 αὐτοῦ]
965 4323 1007 4376 καλ
1019 4325 1111 4393 νόμους
1123 4323 1237 4391 ὡρίσατο
1249 4321 1282 4376 δι’
1294 4325 1378 4376 αντοῦ
1393 4323 1441 4376 καὶ
1456 4326 1495 4377 οὐ

380 4386 964 4532 33327335325‘5332513351'5‘3“⁹⁶⁹²·
1035 4462 1069 4519 ,⁶
1098 4391 1402 4534 παροινίαν
1420 4393 1481 4447 ¹¹²·

857 4503 864 4518 .
1071 4503 1077 4516 .
1258 4487 1270 4520 ς
1310 4487 1371 4518 ..ε
1393 4485 1495 4534 εραπει

382 4577 425 4630 27.
443 4561 536 4617 εῖδὲναι
548 4581 572 4618 a.
587 4564 638 4618 Ed.
651 4529 728 4618 εῖῖναι
742 4564 775 4618 Β.
