3142 5118
328 339 394 402 264
633 341 671 406 B.
695 341 904 407 CYRILLI
935 342 1223 408 ALEXANDR.
1438 337 1479 401 xi.
1492 357 1521 422 3·

329 513 523 611 πολλαχοῦ
548 508 711 614 φαίνεται
739 504 955 612 θερμότερον
978 515 1029 616 τῷ
1054 513 1207 616 Χριστῷ
1234 502 1525 609 προσεδρεύουσα

330 631 390 709 καὶ
407 630 701 734 ἀπερισπάστως,
719 629 787 732 τὴν
804 631 896 736 πρὸς
913 631 1022 712 αὑτὸν
1039 629 1271 731 ἐπισπωμένη]
1290 627 1493 728 οἰκειότητα.

301 908 368 973 3ὫΑ
399 909 406 930 Ι
593 905 607 932 0
705 907 712 930 Κ
791 909 799 931 Ι
832 909 838 930 Ι
911 906 920 926 0
955 909 963 930 Ι
1082 909 1090 930 ἱ
1145 909 1153 931 ⁸
1203 913 1215 928 ε·
1271 909 1278 928 1
1458 907 1464 928 Ι

370 921 544 976 πεοτειλαν
571 931 628 974 ουν
653 931 736 998 προσ
762 931 863 974 συτον
887 932 920 974 αι
947 909 1091 998 αδελφοι
1118 931 1217 975 αυτου
1245 921 1399 982 λετουοοι
1427 905 1529 996 Κυριε,

713 1031 782 1099 ἰδοὺ
809 1035 848 1102 ὃν
875 1031 983 1122 φιλεῖι
1010 1029 1149 1100 ἀσθενεῖ.

387 1203 710 1285 Ἀποστέλλουσιν
740 1209 777 1285 αἱ
806 1211 969 1308 γυναῖκες
999 1203 1091 1310 πρὸς
1124 1204 1188 1286 τὸν
1218 1203 1353 1308 Κύριον
1382 1205 1434 1283 ἀεὶ
1462 1201 1530 1302 μὲν

332 1325 509 1408 θέλουσαι
533 1327 641 1410 αὐτὸν
659 1329 752 1435 ἔχειν
770 1331 932 1429 πλησίον
949 1331 1096 1428 ἑαυτῶν,
1116 1327 1197 1410 τότε
1221 1327 1259 1408 δέ
1285 1327 1530 1432 εὐπροσώποις

333 1460 440 1531 τοῦτο
458 1451 516 1532 διά
542 1449 605 1532 τδν
623 1455 881 1558 ἀρρωστοῦντα
904 1461 1085 1535 ποιοῦσαι.
1125 1454 1312 1534 ἐπίστευον
1329 1449 1411 1555 γάρ,
1431 1453 1478 1535 ὡς
1501 1457 1531 1529 εί

303 1577 462 1680 θφανείη
480 1576 627 1676 μόνονὸ
646 1575 819 1680 Χριστός,
837 1577 1093 1678 ἀπηλλάττετο
1111 1581 1175 1675 τῆς
1194 1575 1305 1656 νόσου
1324 1577 1344 1654 ὁ
1362 1577 1530 1673 κείμενος.

334 1699 650 1798 ῦπομιμνὴσκουσι
671 1699 708 1779 δέ
725 1703 789 1800 τῆς
807 1699 950 1802 ἀγάπης
974 1701 1016 1802 ἧς
1040 1696 1112 1806 εἶχε
1136 1698 1227 1802 πρὸς
1251 1697 1315 1779 τὸν
1334 1707 1530 1794 νοσοῦντα,

333 1820 498 1906 ’ἕλκοντες
525 1821 635 1902 αὑτὸν
659 1822 824 1922 μάλιστα
851 1821 910 1903 διά
936 1824 1064 1905 τούτου
1083 1827 1169 1905 ἐκεῖ·
1199 1820 1350 1930 ᾔδεισαν
1376 1819 1448 1924 γάρ
1476 1820 1533 1900 ὅτι

332 1946 515 2051 ἐφρόντιζε
542 1947 682 2029 τούτου·
714 1951 774 2028 καὶ
802 1948 955 2049 ἠδύνατο
984 1947 1049 2048 μέν
1072 1951 1130 2028 καὶ
1159 1946 1261 2030 ἀπὼν
1284 1951 1332 2031 ὡς
1355 1945 1448 2030 Θεὸς
1474 1949 1533 2024 καλ

332 2069 379 2151 τά
396 2069 517 2151 πάντα
532 2075 721 2176 περιέπων,
741 2079 960 2175 θεραπεῦσαι
978 2071 1100 2152 αῦτόν·
1133 2071 1230 2172 ὅμως
1252 2069 1410 2174 ἐνόμιζον
1429 2069 1486 2149 ότι
1506 2076 1533 2148 εί

265 2231 271 2240 ·
331 2197 581 2298 παραγένοιτο,
606 2198 665 2275 καὶ
693 2203 795 2300 χεῖρα
824 2197 937 2304 ὀρέξει
965 2200 1022 2276 καὶ
1050 2198 1174 2300 ἐγερεῖ·
1205 2198 1303 2276 οῦπω
1327 2194 1369 2275 τὸ
1394 2193 1533 2273 τέλειον

331 2323 395 2418 τῆς
413 2321 571 2404 πίστεως
590 2321 666 2400 οὐδ’
682 2319 787 2400 αὗται
805 2321 966 2426 ἔχουσαι·
991 2319 1049 2401 διά
1068 2329 1175 2400 τοῦτο
1192 2323 1251 2400 καὶ
1270 2323 1533 2423 δυσφοροῦσιν,

333 2446 381 2528 ὡς
410 2441 512 2542 εἰκὸς,
535 2443 691 2544 οἰόμεναι
718 2442 808 2545 μηδὲ
836 2447 1073 2550 ἀῤῥωστῆσαι
1101 2444 1195 2529 ὅλως
1222 2442 1286 2524 τὸν
1305 2440 1484 2546 Λάζαρον,
1508 2447 1533 2522 εί

333 2564 384 2666 μὴ
409 2565 595 2669 ἠμέλησεν
612 2569 722 2648 αὑτοῦ
745 2570 765 2648 ὁ
783 2569 958 2674 Χριστός·
987 2567 1108 2651 πάντα
1133 2567 1213 2672 γὰρ,
1233 2571 1359 2674 φασὶν,
1378 2564 1532 2672 ἐχόντων

334 2689 381 2770 τὰ
408 2689 531 2793 ἀγαθὰ
559 2698 631 2772 τῶν
659 2693 907 2796 ἀγαπωμένων
933 2693 1034 2798 παρὰ
1062 2698 1168 2789 Θεοῦ,
1197 2691 1256 2773 διά
1283 2692 1391 2772 ποίαν
1418 2692 1532 2772 αίτίαι

302 2813 442 2898 θαῦτδς
459 2817 492 2897 δν
510 2819 638 2923 φιλεῖς,
655 2814 801 2913 ἀσθενεῖς
827 2814 849 2918 ἢ
870 2821 927 2898 καὶ
945 2825 1050 2898 τοῦτο
1068 2817 1162 2922 τάχα
1180 2816 1280 2924 φασί
1294 2810 1454 2918 Μεγάλη
1473 2819 1531 2915 τῆς

336 2935 448 3020 νόσου
479 2939 501 3040 ἡ
530 2939 727 3043 θρασύτης,
757 2939 812 3022 ὅτι
844 2941 1116 3041 κατετόλμησεν
1145 2939 1331 3022 ἐπιθέσθαι
1361 2946 1435 3022 τοῖς
1468 2939 1531 3019 ῦπὶ

336 3067 433 3144 Θεοῦ
451 3063 712 3166 ἀγαπωμένοις.
750 3064 840 3150 ἴσως
866 3065 903 3146 δὲ
927 3068 986 3145 καὶ
1007 3064 1167 3146 τοιοῦτόν
1185 3099 1220 3144 τι
1244 3068 1394 3144 δοκοῦσι
1419 3061 1530 3165 λέγειι

335 3186 484 3288 Ἐπειδὴ
518 3191 578 3268 καὶ
606 3187 690 3273 τοῦς
722 3189 871 3294 ε’χθροῦς
899 3192 1043 3298 ἀγαπᾷς
1074 3192 1133 3269 καὶ
1162 3187 1376 3292 θεραπεύεις,
1405 3195 1530 3295 πολληΙ

334 3317 481 3409 μᾶλλον
508 3319 702 3417 χρεωστεῖς
730 3319 778 3397 είς
805 3311 890 3398 τοῦς
916 3313 1133 3417 ἀγαπῶντάς
1161 3347 1206 3393 σε
1237 3320 1344 3393 τοῦτο
1374 3313 1529 3418 ένδείξα·

335 3440 435 3515 σθαι.
490 3435 645 3517 δυνάσαι
677 3435 749 3542 γάρ
782 3440 820 3518 ἐν
851 3436 951 3546 μόνῳ
983 3444 1035 3546 τῷ
1067 3435 1187 3519 θέλειν
1218 3436 1338 3518 πάντα
1369 3439 1529 3535 ποιῆσαι

336 3661 413 3718 Harl.
425 3659 477 3718 Ed.
515 3661 580 3718 Post
591 3663 653 3720 ίαν.
664 3665 731 3736 πρδς
746 3664 1078 3738 ἑαυτὴν-ἀπερισπάστως
1092 3683 1130 3721 m.
1143 3665 1286 3754 θερμοτέρα
1303 3665 1332 3720 δὲ
1351 3663 1367 3733 ίρ
1386 3664 1489 3734 Μαρία,
1502 3665 1528 3718 δι

334 3735 382 3787 τοῦ
398 3755 419 3789 π
452 3733 500 3787 σεδ
518 3731 585 3789 εύειν
600 3734 804 3807 ἀπερισπάστως
817 3736 1032 3808 (ἀπερισπάστως
1049 3737 1234 3808 προσεδρενειν
1245 3735 1286 3804 λε.)
1302 3739 1339 3809 τῷ
1359 3739 1471 3807 Χριστῷ
1490 3737 1527 3790 a.l

336 3802 396 3858 Cat.
440 3804 488 3858 arl.
500 3753 554 3858 λίδ.
646 3823 673 3878 3,
685 3825 713 3874 4.
733 3806 808 3861 Haec
821 3807 953 3862 dederunt
963 3808 992 3862 k.
1005 3807 1148 3862 faventes.
1242 3821 1269 3876 5.
1286 3805 1527 3862 Ἀποστέλλοιισι-

335 3872 444 3946 Κύριον]
457 3872 686 3932 Ἀποστίλλουσιν
700 3875 746 3933 οῦν
761 3879 827 3946 πρὸς
845 3877 941 3950 Κύρων
954 3880 981 3933 αλ
998 3881 1045 3932 τοῦ
1057 3879 1176 3948 Λαζάρου
1193 3877 1308 3947 ἀδελφαὶ
1319 3895 1356 3931 m.
1413 3879 1485 3946 πρὸς
1502 3879 1527 3931 τί

335 3943 431 4017 Κύριον
442 3946 469 3999 αί
480 3948 598 4016 γυναῖκες
608 3947 715 4004 inverso
727 3947 820 4004 ordine
832 3949 885 4003 αλι.
1009 3948 1035 4004 6.
1054 3948 1180 4004 θέλουσαι
1191 3949 1262 4020 ἔχειν
1273 3948 1389 4016 πλησίον
1400 3948 1499 4002 εἀυτδν
1511 3966 1527 4002 υ

355 4055 362 4072 .
380 4019 458 4070 τοῦτο
470 4024 533 4141 font
544 4015 729 4089 ἀρρωστοῦντα
740 4019 892 4089 tranuponit
903 4037 940 4073 m.
1032 4021 1059 4075 8.
1077 4019 1257 4089 διηλλάττετο
1269 4019 1362 4073 αλιαο.
1375 4017 1525 4089 &unna-se

376 4095 396 4140 t.
412 4086 470 4140 Har
503 4086 554 4143 Ed.
698 4107 740 4146 10.
755 4089 878 4146 ἕλκοντες
889 4091 981 4146 αλιαο.
992 4088 1120 4146 ἕλκουσαι
1134 4089 1193 4144 Cat.
1208 4091 1284 4144 Harl.
1297 4087 1351 4144 Ed.
1426 4091 1526 4158 μάλιστ

335 4165 600 4228 ειειιιοριυαιειισ.
700 4177 741 4215 11.
759 4160 864 4216 δύναται
876 4178 913 4215 m.
1014 4178 1055 4232 13,
1070 4177 1112 4228 14.
1130 4159 1301 4233 παραγίνοιτο
1313 4160 1355 4214 καλ
1366 4161 1449 4230 χεῖρα
1463 4160 1526 4229 ὀρέξ

336 4225 441 4350 {gripun
452 4227 614 4355 ὀρέξειιῗηο)
626 4227 930 4314 0οδ.]-δυσφοροῦσιν
941 4249 979 4286 m.
991 4233 1085 4301 παρῆν,
1097 4234 1174 4304 χεῖρα
1185 4231 1217 4286 δν
1227 4230 1327 4301 θρέξας,
1340 4234 1399 4302 ἧγει
1433 4253 1449 4284 ν
1461 4233 1526 4285 αιίτθ

352 4299 506 4370 υσφορονσι
518 4300 547 4354 δε
588 4301 625 4355 lk.
639 4299 691 4356 Ed.
740 4300 837 4357 Statlm
849 4302 1028 4391 άιςείιιὸςρω.
1042 4320 1079 4358 m.
1212 4317 1253 4394 τη.
1270 4302 1387 4370 αίάμεναι
1417 4301 1525 4370 οἴομαι

336 4367 1524 4568 2¹¹3&QRQMwadh2ffi2{·153³‘⁰”3·„3;m.:÷33„¹'5

336 4507 571 4565 τοτεοοιδίοοιιι.
704 4528 747 4567 το.
777 4535 831 4570 σας
843 4531 880 4568 m.
892 4516 961 4588 τάχα
973 4514 1038 4571 N1k.
1051 4513 1104 4572 Ed.
1230 4529 1274 4569 τι.
1292 4513 1427 4586 καλρτίυς
1440 4532 1524 4570 uma

337 4576 407 4630 πολὺ
419 4578 474 4632 ιλ.
486 4581 579 4651 πολλῷ
592 4579 693 4637 habent
705 4599 742 4638 m.
755 4582 816 4640 Cat.
830 4583 908 4640 Harl.
