3248 5112
127 3435 209 3497 Supra

128 3499 207 3562 8460.

303 313 368 376 526
598 315 637 381 B.
662 317 871 382 CYRILLI
901 317 1192 382 ALEXANDR.
1372 317 1436 380 xiv.
1454 316 1510 383 28.

302 472 466 574 ἔλαττον,
484 477 669 583 ἀναλόγως
694 487 740 586 τῇ
766 483 876 587 φύσει
901 489 973 562 τῶν
991 481 1196 562 δεδωκότων
1219 477 1320 560 αῦτά.
1360 480 1415 564 τίς
1440 479 1510 558 σῦν

302 598 372 700 ἄρα
392 607 465 681 τῶν
483 602 652 684 τοιούτων
670 605 802 703 ἐμέτων
821 603 1004 713 ἀνέξεται;
1035 607 1088 689 τίς
1115 603 1153 684 δέ
1177 603 1241 684 τὸν
1257 602 1341 707 παρ’
1360 605 1509 687 ἐκείνοις

303 723 424 823 ἀμαθῆ
456 759 493 804 τε
525 731 583 806 καὶ
615 729 845 830 γελοιότατον
875 731 917 809 οῦ
950 726 1148 835 κατόψεται
1179 726 1303 830 λόγον,
1331 727 1399 826 τὴν
1427 733 1508 805 τῶν

303 846 493 946 εἰρημένων
520 851 648 952 ἀρτίως
676 852 760 951 ἡμῖν
788 851 1077 959 διασκεψάμενος
1104 850 1263 948 ἐννοιαν;
1298 851 1383 930 ἀλλ’
1411 849 1507 934 ἴσως

302 969 584 1074 ἀναγκαζόμενος
613 975 676 1053 δύο
706 974 797 1054 κατά
824 975 937 1083 φῦσιν
960 977 1190 1076 ὁμολογῆσαι
1218 973 1329 1071 θεοῦς,
1353 973 1454 1075 εἴπερ
1483 975 1542 1052 ὁὸ

300 1091 366 1188 μέν
383 1093 461 1173 ἐστι
479 1095 617 1198 μείζων,
637 1099 657 1177 ὁ
684 1097 721 1178 δέ
745 1098 916 1195 ἐλάττων,
934 1097 988 1180 ἐπ’
1008 1101 1117 1179 ἐκεῖνο
1142 1103 1316 1192 βαδιεῖται
1340 1097 1383 1176 τὸ
1408 1095 1503 1176 σόν-

301 1216 385 1313 ηθές
400 1253 438 1296 τε
463 1221 522 1298 καὶ
546 1223 776 1322 τετριμμένον
794 1223 900 1330 αὐτῷ,
920 1225 1013 1330 φημὶ
1040 1220 1085 1321 δὴ
1109 1221 1153 1302 τὸ
1179 1222 1293 1326 φύσιν
1311 1221 1403 1300 ἰδίαν
1420 1219 1505 1300 τινὰ

266 1339 421 1442 ἀλέγειν
450 1343 543 1448 ἐχειν
572 1341 636 1424 τὸν
658 1344 758 1444 Υὶὸν,
787 1353 817 1426 εί
854 1345 943 1446 μήτε
979 1350 1044 1446 τῆς
1081 1350 1231 1448 γενητῆς
1268 1343 1505 1444 ἀπήλλακται

300 1472 496 1563 παντελῶς,
515 1464 603 1566 μήτε
621 1465 693 1567 μὴν
710 1467 918 1571 ὁλοκλήρως
936 1469 1129 1550 ἀποπίπτει
1152 1471 1215 1568 τῆς
1240 1476 1305 1546 τοῦ
1323 1473 1419 1546 θεοῦ
1442 1471 1505 1546 καὶ

303 1585 457 1690 Πατρός.
510 1594 542 1668 οἱ
575 1589 646 1693 γὰρ
679 1591 814 1690 κτίσμα
846 1594 905 1672 καὶ
937 1593 1075 1691 ποίημα
1112 1590 1230 1693 λέγεω
1262 1593 1420 1693 ἐναργῶς
1459 1593 1505 1670 οῦ
1524 1621 1563 1661 10

299 1709 584 1813 παραιτούμενοι,
605 1715 662 1792 ἐπὶ
681 1713 745 1798 τάς
763 1722 836 1794 τῶν
853 1715 1024 1795 τοιούτων
1042 1713 1212 1820 ῥημάτων
1229 1713 1504 1820 καταφεύγουσι

300 1834 485 1941 κομψείας,
514 1836 743 1940 ἀστεωτέραν
771 1835 896 1940 ὥσπερ
927 1841 1148 1921 ἐπινοοῦντες
1178 1835 1244 1936 τὴν
1272 1837 1500 1944 δυσφημίαν.

299 1957 386 2038 ὅταν
413 1961 532 2039 τοίνυν
559 1961 671 2044 οὕτως
698 1960 789 2066 ἐχειν
814 1962 978 2064 λέγωμεν
1002 1960 1066 2041 τὸν
1084 1960 1184 2058 mv,
1210 1963 1258 2044 ὡς
1284 1958 1374 2060 μήτε
1403 1959 1505 2040 Θεὸν

298 2079 390 2161 κατά
417 2083 532 2188 φύσιν
560 2083 769 2187 ὁλοκλήρως
794 2083 965 2190 ὑπάρχειν
993 2083 1112 2182 αῦτὸν,
1137 2083 1228 2184 μήτε
1255 2083 1327 2184 μήν
1353 2087 1391 2164 ἐν
1418 2086 1499 2163 κτί-

297 2239 439 2304 σμασιν
463 2205 673 2310 ὁλοκλήρως
700 2215 826 2305 τελεῖν,
846 2205 933 2288 εἶναι
961 2209 1005 2288 δέ
1027 2242 1107 2288 τινα
1133 2206 1255 2306 μέσον,
1274 2209 1322 2292 ὡς
1349 2208 1406 2286 καὶ
1434 2212 1502 2306 τῆς
1521 2243 1558 2302 ¹5

297 2337 362 2408 τοῦ
388 2335 483 2410 Θεοῦ
511 2334 569 2410 καὶ
596 2329 742 2435 Πατρὸς
770 2331 874 2439 ἀξίας
900 2329 1229 2431 ἀπολιμπάνεσθαι,
1249 2332 1306 2410 καὶ
1333 2325 1401 2428 τήν
1424 2337 1502 2410 τῶν

269 2453 509 2550 θκτισμάτων
538 2452 808 2557 ὑπεράλλεσθαι
835 2455 959 2562 δόξαν·
999 2462 1144 2558 πρῶτον
1171 2453 1237 2553 μέν
1263 2455 1421 2556 ἐροῦμεν,
1449 2456 1501 2538 ὡς

300 2577 412 2662 οὐδεὶς
439 2579 557 2662 αῦτοῖς
585 2578 758 2685 ἐπέτρεψε
786 2577 896 2682 λόγος
925 2585 1126 2678 νομοθετεῖν
1154 2576 1178 2658 ἀ
1209 2579 1407 2672 βούλονται
1438 2585 1500 2657 καὶ

298 2708 436 2782 λαλεῖν.
475 2689 498 2802 ἢ
530 2699 602 2804 γὰρ
634 2703 727 2801 ἡμᾶς
758 2704 797 2782 ἐκ
827 2711 900 2783 τῶν
929 2707 1031 2806 ίερῶν
1061 2736 1100 2781 τε
1132 2705 1191 2782 καὶ
1225 2701 1330 2781 θείων
1357 2711 1500 2803 πληρο-

298 2822 507 2928 φορούντων
538 2822 770 2928 γραμμάτων,
801 2823 824 2926 ἢ
856 2825 1061 2925 μηδαμόθεν
1091 2823 1405 2928 μεμαρτυρημένον
1433 2821 1501 2903 τὸν
1517 2865 1557 2905 20

297 2947 387 3028 ἰ’διον
414 2947 556 3053 ἔχοντες
584 2947 706 3051 λόγον,
731 2949 1035 3055 αἶσχονέσθωσαν
1061 2946 1108 3029 τὸι
1135 2947 1207 3029 ἀπὸ
1234 2949 1381 3051 γνιόμης
1407 2949 1502 3034 ἰδίας

296 3073 354 3152 ἐπὶ
371 3073 494 3152 πίστει
512 3071 749 3176 διοριῷμενοι.

353 3195 462 3294 Πλὴν
475 3197 619 3299 ἐπείπερ
637 3197 755 3280 αῦτοῖς
773 3198 831 3275 καὶ
850 3203 956 3276 τοῦτο
974 3195 1138 3299 παρέστη
1157 3195 1200 3302 ἐξ
1215 3196 1360 3299 ἀκρίτου
1378 3195 1500 3298 λέγειν

296 3319 594 3422 φρενοβλαβείας,
613 3321 671 3400 ἐπὶ
697 3317 763 3418 τὴν
787 3319 905 3399 αὐτῶν
930 3324 1124 3422 βαδιοῦμαι
1149 3315 1339 3423 πρότασιν,
1360 3319 1429 3421 ἐρῶ
1443 3401 1444 3404 ,
1457 3318 1499 3398 δὲ

297 3439 341 3541 δή
360 3441 490 3523 λοιπὸν
507 3439 620 3523 πάλιν
632 3449 678 3522 Εἰ
694 3441 765 3546 γὰρ
783 3440 876 3543 μόνα
894 3441 940 3522 τά
959 3445 1101 3542 ὁμοειδῆ
1119 3503 1142 3541 ,,
1152 3441 1218 3542 τὴν
1235 3441 1327 3546 πρὸς
1345 3443 1498 3542 ἀλληλα
1515 3477 1553 3536 ²5

296 3623 317 3659 „
330 3563 543 3668 σιίγκρισιν”
559 3566 686 3668 κυρίως
704 3563 750 3646 ἀν
767 3565 977 3673 ἐπιδέξαιτο,
991 3566 1249 3670 συγκρίνεσθαι
1266 3563 1305 3646 δέ
1323 3567 1397 3646 δεῖν
1414 3569 1497 3646 ἐαυ-

127 3707 244 3764 sm.
264 3687 360 3769 ετὸν
373 3689 500 3794 κυρίως
519 3694 571 3796 τῷ
583 3694 666 3796 Θεῷ
684 3692 741 3770 καὶ
756 3693 874 3792 Πατρὶ
894 3691 1120 3786 δεδοκίμακεν
1132 3691 1152 3769 ὁ
1166 3688 1265 3788 Υὶὸς,
1275 3689 1499 3796 σαφέστατα

295 3813 415 3916 λέγων
432 3811 478 3894 Ὀ
498 3810 615 3918 Πατήρ
634 3814 753 3922 μείζων
773 3849 838 3920 μιν
863 3814 946 3894 ἐστί·
976 3819 1055 3897 πῶς
1080 3814 1144 3893 οῦκ
1169 3811 1308 3916 ἀνάγκη
1333 3821 1498 3894 τοιοῦτον

295 3942 456 4018 νοεῖσθαι
483 3939 541 4017 καὶ
569 3934 634 4017 τὸν
653 3936 810 4040 Πατέρα,
834 3937 955 4022 ὁποῖος
982 3935 1028 4017 ἀν
1056 3937 1200 4038 λέγοιτο
1231 3938 1316 4041 παρ’
1346 3939 1445 4036 ὁμιῦν
1474 3941 1496 4018 ὁ

294 4060 405 4158 Υἱόςς
436 4063 495 4142 καὶ
522 4059 560 4140 τί
585 4059 627 4140 τὸ
656 4063 838 4153 ἐντεῦθεν;
871 4059 960 4142 ὅλον
987 4062 1070 4159 ὑμῖν
1096 4065 1146 4145 εἰς
1172 4059 1215 4140 τὸ
1242 4059 1352 4161 μηδὲν
1378 4095 1491 4142 κατα·
1511 4090 1552 4146 30

294 4185 442 4292 στρέφει
467 4184 509 4265 τὸ
536 4183 714 4286 θεώρημα.
752 4183 818 4267 ἕως
840 4183 905 4281 μέν
922 4183 995 4288 γὰρ
1014 4182 1140 4286 μείζων
1158 4182 1303 4286 λέγεται
1320 4191 1385 4265 τοῦ
1402 4190 1496 4265 Υίοῦ

333 4419 356 4458 1.
375 4403 523 4458 δεδωκότων
534 4403 568 4459 Ε.
581 4403 722 4460 δεδοκότων
734 4403 786 4460 Ed.
886 4420 910 4460 τ.
927 4405 973 4460 τὸν
985 4405 1018 4460 Ε.
1030 4409 1082 4460 τῦν
1093 4402 1146 4459 Ed.
1244 4419 1286 4474 13.
1304 4401 1435 4477 λέγωμεν]
1448 4425 1494 4474 γρ.

294 4473 409 4544 λέγωσιν
420 4473 472 4529 Ed.
485 4491 542 4544 mg.
553 4473 670 4545 λέγωμεν
681 4475 762 4530 habet
776 4474 805 4529 F.
899 4489 942 4544 25.
959 4478 1053 4531 λοιπὸν
1064 4482 1277 4546 assumptumex
1292 4473 1324 4529 E.
1423 4490 1496 4546 29-

294 4561 322 4614 p.
331 4557 393 4615 527,
406 4561 429 4599 1.
449 4543 493 4599 Ab
505 4545 576 4613 ὑμῶν
587 4543 621 4599 ad
633 4545 704 4614 ὑμῶν
715 4545 829 4600 transilit
842 4545 875 4601 E.
