3248 5112
300 347 364 408 500
601 347 640 410 υ.
665 345 876 411 cmm
907 343 1195 410 ALEXANDR.
1348 289 1447 403 ἰιι
1465 356 1528 416 24.

300 513 358 588 καὶ
376 517 464 611 γοῦν
483 511 502 590 ὁ
520 510 713 596 θεσπέσιος
733 515 892 608 Παῦλος,
912 511 991 614 ούχὶ
1010 510 1073 590 δύο
1092 516 1183 590 θεῶν
1202 503 1396 606 ὠνόμασεν
1417 503 1529 600 ἡμᾶς

134 622 216 736 {iffi
301 631 415 729 ναούς,
435 634 518 712 ἀλλ’
539 630 616 716 ἑνάς
644 631 812 734 δηλονότι
840 637 898 712 καὶ
926 635 1046 713 αὐτοῦ·
1078 644 1099 680 “
1114 633 1196 711 Ούκ
1223 628 1353 726 οἴδατε,
1374 628 1526 732 φησὶν,

271 765 323 830 e“
341 753 395 834 ὅτι
428 753 511 840 ναὸς
542 761 639 835 Θεοῦ
670 759 752 836 ἐστε
785 759 843 835 καὶ
873 755 916 836 τὸ
945 760 1095 854 Πνεῦμα
1127 761 1190 834 τοῦ
1221 757 1317 833 Θεοῦ
1349 757 1449 830 οίκεῖ
1484 753 1528 828 ἐν

302 887 324 927 “
343 880 424 978 ύμῖν
439 879 469 973 ;”
499 879 586 986 ὁρᾷς
611 879 666 960 ῦτι
691 879 974 982 συνεισενεγκὼν
993 883 1042 964 είς
1066 879 1191 962 οὐσίας
1215 874 1423 974 ταντύτητα
1448 871 1528 952 τὸν

304 1003 450 1106 Πατέρα
477 1004 536 1083 καὶ
564 1001 628 1082 τὸν
650 1001 751 1101 Υῖὸν,
780 1001 885 1088 ναοῦς
913 1004 1007 1104 ἡμᾶς
1034 1000 1285 1106 ἀποδεδεῖχθαί
1308 1009 1443 1105 φησιν,
1479 999 1558 1076 οῦ5

302 1131 393 1206 θεῶν
414 1131 569 1225 μᾶλλον,
587 1125 687 1206 ἀλλά
710 1133 818 1207 Θεοῦ.
861 1128 900 1208 τί
924 1127 1043 1208 τοίνυν
1064 1128 1204 1210 είκαίοις
1230 1122 1525 1228 παρακρούεσθε

302 1257 496 1352 λογισμοῖς
514 1255 577 1350 τῆς
596 1251 766 1350 ἀληθείας
783 1248 850 1350 τήν
869 1250 1028 1349 δύναμιν,
1048 1253 1106 1330 καὶ
1125 1253 1188 1350 τῆς
1211 1251 1345 1330 ἑαυτῶν
1364 1250 1520 1326 δυσσε-

302 1376 402 1470 βείας
429 1374 494 1454 τὸν
521 1373 575 1455 ίὸν
603 1373 824 1476 ἔπισπείρετε
852 1381 926 1459 τοῖς
953 1373 1181 1477 ἀλογώτερον
1209 1370 1356 1452 εἰωθόσι
1384 1405 1522 1472 προσ-

303 1496 458 1592 βάλλειν
475 1505 550 1582 τοῖς
569 1502 673 1602 ἱεροῖς
691 1531 729 1580 τε
748 1501 806 1577 καὶ
826 1496 930 1582 θείοις
950 1495 1187 1602 γράμμασιν,

254 1763 292 1818 ²4
464 1747 507 1814 Ὀ
534 1749 577 1826 μεὶ
606 1749 743 1824 ἀγαπῶν
770 1772 810 1828 με
837 1749 913 1816 τοὺς
941 1749 1057 1825 λόγουο
1084 1770 1145 1826 μου
1172 1749 1210 1813 οὐ
1237 1742 1343 1836 τυρεῖ.
1539 1765 1574 1802 10

364 1919 634 2026 Προαπυδείξας
661 1921 700 2000 εύ
722 1920 825 2021 μάλα
849 1925 907 2002 καὶ
932 1918 1178 2026 διορισάμενος
1204 1921 1331 2023 ὀρθῶς,
1349 1916 1446 2002 τίνες
1470 1915 1522 1996 ἀν

138 2061 254 2122 em.
275 2038 373 2122 αεῖεν
399 2047 433 2122 οῖ
460 2043 669 2147 ἀγαπῶντες
698 2043 817 2143 αὐτὸν,
839 2044 1021 2152 μεθέξωσι
1049 2044 1087 2126 δὲ
1115 2047 1173 2126 καὶ
1200 2045 1314 2124 ποίων
1341 2045 1516 2145 ἀγαθῶν,

303 2165 462 2264 μέτεισιν
479 2166 581 2252 εὐθὺς
605 2168 661 2276 ἐφ’
681 2168 821 2272 ἑτέρους
844 2166 929 2253 τοῦς
954 2171 1053 2249 οὔπω
1081 2175 1202 2276 φιλεῖν
1221 2165 1426 2267 ἑλομένους.
1470 2167 1519 2246 οῦ

303 2287 377 2391 γὰρ
403 2289 548 2371 ἔσονται
572 2291 743 2398 φύλακες,
762 2293 867 2398 φησὶ,
885 2291 1055 2396 ῥημάτων
1074 2299 1147 2372 τῶν
1164 2294 1272 2392 ε’μῶν·
1303 2299 1412 2371 τοῦτο
1437 2289 1517 2392 γάρ

304 2415 385 2492 ε’σπι
407 2414 450 2494 τό
469 2419 523 2496 Οὐ
545 2415 680 2523 τηρήσει
705 2417 756 2497 τὶν
775 2419 877 2518 λύγοι
898 2453 974 2522 μιν,
993 2419 1042 2502 ῶς
1066 2417 1149 2497 καθ’
1170 2415 1247 2501 ἐνὸς
1274 2412 1298 2515 ἢ
1323 2419 1407 2518 περὶ
1432 2414 1516 2499 ἑνὸς
1532 2439 1568 2497 ¹5

305 2534 512 2639 λεγόμενον,
521 2543 561 2616 ἐί
587 2543 645 2618 καὶ
669 2537 846 2620 πλατεῖάν
864 2574 942 2624 πως
966 2539 1038 2646 ἔχει
1062 2543 1119 2621 καὶ
1137 2535 1281 2642 γενικὴν
1298 2537 1365 2638 τὴν
1382 2535 1512 2638 δήλω-

306 2693 381 2739 σιν.
420 2659 627 2746 ἀκολούθως
655 2659 693 2741 δέ
720 2661 868 2768 σφόδρα
896 2665 955 2742 καὶ
983 2662 1089 2744 τοῦτό
1120 2671 1247 2770 φησιν.
1288 2667 1318 2743 εί
1345 2659 1418 2765 γάρ
1447 2665 1517 2760 τῆς

307 2788 355 2866 είς
382 2781 491 2863 αύτῦν
517 2781 662 2885 ἀγάπης
689 2785 868 2892 ἀπόδειξις
896 2786 999 2868 ἔσται
1027 2785 1152 2895 σαφὴς
1184 2787 1226 2868 τὸ
1259 2790 1415 2890 τηρῆσαι
1445 2785 1517 2870 τὰς

308 2903 467 3003 ε’ντολάς,
489 2905 567 3006 ἤτοι
595 2905 659 2988 τὸν
682 2908 766 3010 παρ’
789 2910 898 2990 αύτοῦ
928 2909 1051 3013 λόγον,
1074 2911 1126 3010 ε’ίη
1154 2909 1270 3012 δήπου
1296 2907 1441 2994 πάντας
1470 2906 1515 2989 δν

274 3027 440 3130 οάληθές
468 3033 527 3110 καὶ
551 3029 593 3110 τὸ
618 3031 786 3114 ἐναντίον.
825 3037 953 3135 δεῖγμα
977 3033 1049 3137 γὰρ
1073 3034 1177 3115 ἔσται
1197 3043 1261 3115 τοῦ
1285 3033 1335 3134 μὴ
1360 3032 1513 3113 ἑλέσθαι
1526 3066 1564 3107 20

309 3159 439 3262 φιλεῖν,
462 3153 505 3234 τὸ
533 3156 576 3234 δι’
598 3154 739 3241 ούδενὸς
763 3163 944 3238 ποιεῖσθαι
969 3155 1085 3260 λόγου
1111 3157 1177 3259 τήν
1200 3155 1361 3257 ἐντολὴν,
1382 3191 1509 3260 παρω-

309 3283 449 3358 θεῖσθαι
477 3276 515 3358 δέ
542 3275 584 3358 τὸ
613 3281 900 3380 κεκελευσμένον,
929 3283 1090 3386 καθάπερ
1118 3317 1152 3362 τι
1178 3289 1252 3362 τῶν
1276 3284 1407 3361 ἀδικεῖν
1433 3287 1510 3360 εἰω-

309 3400 437 3480 θότων.
494 3403 579 3481 ἀλλ’
612 3401 736 3506 ῶσπερ
774 3411 848 3488 τοῖς
885 3405 1136 3512 νομοφύλαξιν
1167 3405 1352 3486 ε’νοικίσειν
1384 3403 1511 3485 ἑαυτὸν

310 3525 400 3618 ὁμοῦ
425 3527 476 3630 τῷ
499 3529 582 3631 Θεῷ
609 3527 667 3605 καὶ
690 3529 808 3628 Πατρὶ
837 3527 1165 3630 κατεπηγγέλλετο·
1197 3527 1288 3609 κατὰ
1313 3527 1377 3608 τὸν
1402 3527 1509 3608 αὐτὸν

311 3642 409 3744 οἶμαι
436 3645 550 3747 λόγον
575 3653 647 3726 τῶν
668 3647 718 3747 μή
746 3650 917 3730 τοιούτων
944 3651 1242 3754 ἀπαναστήσεται
1269 3655 1328 3734 καὶ
1356 3655 1557 3758 ἀποφοι-α5

144 3803 202 3868 Sap.
215 3801 268 3866 i.4.
312 3767 416 3869 τήσει
442 3775 639 3853 παντελῶς.
678 3773 872 3872 ἀληθεύσει
899 3773 971 3878 γὰρ
998 3776 1117 3879 λέγων
1144 3779 1164 3856 ὁ
1193 3775 1371 3876 Σολομῶν
1388 3773 1437 3823 “”
1495 3813 1508 3855 ι

313 3903 335 3941 “
353 3899 402 3978 είς
429 3891 643 3999 κακότεχνον
668 3893 795 4000 ψυχὴν
819 3898 935 4004 σοφία
963 3900 1026 3979 οῦκ
1055 3899 1309 3998 είσελεύσεται,
1334 3897 1413 3979 ούδέ
1439 3933 1500 3979 κα·

282 4028 334 4098 ο“
351 4025 464 4099 τοικεΐ
487 4020 525 4097 ἐν
552 4017 696 4117 σώματι
722 4017 908 4129 κατάχρειρ
936 4023 1144 4126 ἁμαρτίας.”
1185 4025 1243 4104 καὶ
1271 4021 1342 4127 γάρ
1369 4057 1424 4105 τοι
1450 4029 1505 4105 καὶ

312 4143 368 4248 ’ἐφ’
386 4141 488 4242 ἡμῶν
507 4143 618 4225 οὕτως
637 4141 794 4246 ἔχουσαν
812 4142 972 4247 εὑρήσεις
989 4154 1054 4226 τοῦ
1071 4144 1284 4249 πράγματος
1301 4139 1367 4246 τὴν
1384 4146 1503 4253 φύσιν·

311 4261 335 4363 ἢ
366 4263 439 4367 γὰρ
473 4265 552 4370 ούχὶ
588 4272 661 4349 τοῖς
698 4266 881 4373 ὁμόφροσι
918 4271 976 4349 καὶ
1014 4271 1225 4374 ὀμοτροπεῖν
1255 4271 1435 4370 ἑλομένοις
1464 4269 1550 4361 τῦ3ο

349 4503 373 4542 1.
391 4489 525 4560 ὦνύμοσεν
536 4489 601 4560 ἡμᾶς
612 4489 664 4546 hoc
677 4491 770 4548 ordine
783 4493 843 4564 Rp.
930 4494 956 4549 6.
975 4517 1060 4567 πορακ
1078 4495 1184 4569 ούεσθε]
1199 4497 1240 4552 καὶ
1252 4497 1461 4569 παρακρούεσθαι
1471 4500 1501 4557 Ε.

314 4574 357 4612 ιο.
374 4560 415 4613 καὶ
427 4571 598 4632 assumptum
608 4578 641 4615 ex
656 4561 688 4616 Ε.
796 4581 839 4618 τι.
858 4518 1077 4634 παραθεῖσθαιθῖῖ
1186 4581 1229 4640 27.
1248 4569 1323 4640 ψυχὴ
1337 4569 1369 4624 E.
