3082 5112
315 359 384 424 858
620 359 661 426 B.
683 357 890 425 cYRILLI
920 359 1210 426 ALEXANDR.
1378 361 1440 426 xiii.
1455 359 1488 425 ιθ

303 524 581 624 ’διεσκεμμένων
598 523 650 605 Τί
664 523 728 606 τὸν
745 530 889 626 πρῶτον
909 524 1101 629 ἄνθρωπον
1118 525 1284 610 ἔπλασας
1307 523 1380 605 ἀπὸ
1403 529 1464 627 γῆς
1483 561 1488 604 ι

318 647 365 729 τά
381 646 502 730 πάντα
520 648 647 746 είδιός;
675 647 807 750 οὐγὰρ
832 648 972 750 ἠγνόεις
996 647 1050 728 ότι
1074 655 1235 729 πεσεῖται
1260 647 1327 748 τήν
1345 652 1488 728 δοθεῖσα

318 771 415 879 αὐτῷ
442 770 655 876 παρελάσας
681 770 846 872 ε’ντνλήν.
900 771 992 852 κατά
1019 769 1083 853 τὸν
1110 769 1219 852 αὑτὸν
1245 781 1373 852 τοῦτον
1400 772 1488 874 λόγοι

285 897 377 975 dna}
396 897 454 975 ε’πὶ
471 903 546 979 τοῖς
563 895 729 999 ἀνωτέρω
748 897 807 975 καὶ
824 895 985 999 μείζοσιν
1002 895 1054 975 έτι
1079 903 1270 998 κατηγορεῖ
1289 903 1390 992 βοῶν
1406 902 1488 975 Διατ

318 1016 385 1120 τὴν
403 1015 575 1120 ἀγγέλων
593 1019 893 1121 δεδηραοιίργηκας
912 1019 1037 1126 φύσιν,
1054 1020 1119 1100 οὐκ
1136 1019 1329 1122 ἀγνοήσας,
1343 1022 1393 1104 ἀς
1410 1017 1488 1102 Θεὸς

149 1145 270 1264 ἓέὼ
319 1139 385 1242 τήν
412 1143 587 1243 ἐσομένην
614 1149 722 1223 τινῶν
751 1141 923 1224 ἀπόνοιαν
951 1148 999 1227 εἰς
1027 1141 1267 1240 ἀπόστασιν;
1299 1141 1488 1245 τετηρήκασ

318 1263 390 1368 γάρ
417 1267 458 1346 οὐ
481 1265 613 1352 πάντες
638 1265 705 1366 τήν
727 1267 857 1348 οἰκείαν
878 1265 1006 1372 ἀρχήν.
1046 1263 1122 1346 εἶτα
1148 1266 1187 1344 τί
1211 1263 1255 1346 τό
1282 1269 1460 1358 ἐντεῦθεν;
1487 1303 1488 1318 ¹

317 1397 382 1469 τοῦ
406 1393 502 1470 θεοῦ
529 1390 737 1495 πρόγνωσις
765 1393 828 1471 οὐκ
856 1387 901 1469 ἀν
925 1387 1035 1470 αι’ττὸν
1059 1387 1333 1495 συγκεχώρηκεν
1357 1391 1488 1496 όφθῆνι

318 1512 547 1618 δημιουργόν,
570 1515 657 1594 ἀλλ’
683 1515 760 1596 οὐδ’
785 1513 876 1614 δνή
905 1511 1034 1617 λογική
1063 1515 1180 1598 κτίσις
1206 1517 1393 1616 παρῆλθεν
1420 1512 1488 1592 ὅλοι

318 1643 368 1722 είς
389 1638 546 1740 γένεσιν,
561 1639 619 1718 ἵνα
642 1636 754 1738 μόνης.
780 1642 844 1739 τῆς
869 1636 1008 1740 ἀλόγου
1035 1640 1093 1718 καὶ
1120 1635 1341 1736 ἀναισθήτου
1368 1637 1488 1744 φύσειι

318 1761 500 1868 βασιλεύῃ
526 1760 631 1860 Θεὸς,
655 1758 745 1862 μηδέ
772 1760 827 1843 ὅτι
855 1759 948 1846 Θεδς
975 1759 1067 1852 κατά
1094 1760 1209 1868 φύσιν
1233 1763 1312 1842 ἐστὶ
1338 1761 1488 1861 γινωσκέ

289 1918 434 1985 ομενος.
486 1889 614 1990 χρῆναι
647 1883 685 1966 δὲ
717 1882 815 1985 οἶμαι
848 1884 1014 1984 μάλιστα
1046 1883 1089 1984 δὴ
1118 1883 1264 1966 πάντων
1293 1885 1404 1964 ἐκεῖνο
1435 1889 1488 1962 δια

318 2008 585 2108 σκεπτομένους
611 2009 711 2111 ὀροῖν,
731 2007 786 2089 ὅτι
813 2015 887 2094 τοῖς
915 2015 1074 2111 λογικοῖς
1100 2015 1173 2088 τῶν
1194 2006 1403 2106 κτισμάτων
1428 2007 1488 2086 ίδίο

316 2131 559 2236 προαιρέσεως
585 2132 751 2232 ἀπένειμε
776 2131 841 2218 τὰς
866 2131 966 2233 ἡνίας
991 2133 1011 2210 ό
1035 2129 1182 2212 πάντων
1200 2129 1440 2234 Δημιουργδς,
1459 2165 1488 2210 κι

317 2254 611 2340 αότοκελεόστοις
643 2258 782 2362 ἀφῆκεν
811 2254 895 2336 ἰέναι
923 2258 1062 2362 ῥοπαῖς,
1090 2256 1145 2363 ἐφ’
1175 2253 1262 2358 ὅπερ
1292 2252 1337 2334 ἀν
1363 2254 1488 2334 ἕκαστι

316 2377 490 2474 βούλοιτο
508 2378 619 2484 τυχὸν
638 2379 730 2485 ἔχειν
748 2380 884 2483 ἀριστα
909 2377 1108 2479 δοκιμάσας
1132 2377 1197 2460 τόν
1215 2377 1361 2481 τρόπον.
1401 2382 1436 2457 οἱ
1453 2413 1488 2476 μι

318 2503 382 2581 οὖν
403 2509 478 2586 τοῖς
505 2503 670 2602 ἀμείνοσι
696 2501 996 2608 προσνενενκότες
1023 2505 1149 2606 ὀρθῶς,
1167 2501 1234 2602 τὴν
1258 2503 1350 2582 ἰδίαν
1375 2499 1488 2580 διασιό

317 2624 419 2728 §wat
452 2622 574 2734 δόξαν,
607 2629 667 2708 καὶ
696 2629 735 2706 ἐν
766 2627 907 2735 μεθέξει
938 2627 1087 2726 μένουσι
1118 2631 1192 2706 τῶν
1221 2625 1488 2726 ἀπονεμηθέντα

317 2749 436 2833 αὐτοῖς
464 2751 623 2852 ἀγαθῶν,
640 2747 897 2850 ἀμετάττωτόν
921 2782 960 2830 τε
987 2746 1054 2848 τὴν
1077 2749 1247 2846 εὐθυμίαν
1270 2750 1488 2852 εὑρίσκουσι

317 2875 350 2952 οἱ
378 2869 516 2957 δέτοῖς
544 2875 645 2958 ἰδίοις
671 2871 991 2982 κατοφθειρόμενοι
1018 2879 1221 2974 λογισμοῖς,
1246 2875 1306 2951 καὶ
1333 2874 1389 2978 ἐφ’
1404 2867 1441 2962 ,ἀ
1468 2905 1488 2969 μ

151 3019 258 3078 73η
289 2996 417 3098 ιθέμις
434 2995 640 3081 ἀκαθέκτοις
664 2995 790 3102 ὥσπερ
814 2996 988 3103 ῥεύμασιν
1006 2999 1200 3097 ἐπιθυμιῶν
1217 2994 1488 3098 κατασυρόμενα

318 3119 385 3221 τὴν
411 3122 530 3206 αὐτοῖς
557 3122 769 3225 πρέπουσαν
794 3121 1014 3221 ὑπομένουσι
1042 3119 1155 3220 δίκην,
1176 3122 1234 3200 καὶ
1262 3118 1329 3219 τὴν
1353 3123 1413 3200 ἐπὶ
1444 3153 1488 3198 τα

320 3245 545 3350 ἀχαριστίαις
577 3242 720 3330 εἰκότως
752 3245 987 3345 ὑπομένοντες
1019 3241 1177 3350 γραφήν,
1210 3241 1277 3343 τήν
1306 3245 1430 3343 ἀπηνῆ
1464 3277 1488 3321 κ

321 3369 518 3472 ἀπέραντον
537 3366 810 3468 ἀποστήσονται
828 3367 994 3448 κόλασιν.
1030 3369 1088 3447 ἐπὶ
1105 3366 1244 3450 τοότοις
1261 3374 1335 3451 τοῖς
1352 3368 1488 3470 όρισμο

320 3490 512 3593 γενομένην
529 3489 691 3595 εὑρήσεις
709 3497 768 3572 καὶ
785 3491 852 3594 τήν
869 3498 942 3571 τῶν
961 3489 1131 3594 ἀγγέλων
1149 3491 1276 3596 φύσιν.
1310 3495 1343 3570 οἱ
1361 3489 1432 3588 μέν
1450 3487 1488 3592 γὲ

320 3613 598 3715 διατηρήσαντες
625 3615 692 3716 τήν
716 3617 846 3696 οἰκείαν
871 3614 998 3720 ἀρχὴν,
1017 3611 1275 3712 ἀναπόβλητον
1299 3613 1428 3718 ἔχουσι
1458 3615 1488 3693 ιτ

320 3734 377 3842 ἐφ’
396 3733 515 3816 ἅπασι
541 3745 615 3822 τοῖς
642 3741 793 3842 ἀγαθοῖς
819 3739 959 3844 ἴδρυσίν
985 3771 1024 3818 τε
1052 3739 1112 3818 καὶ
1138 3737 1288 3817 στάσιν·
1318 3742 1353 3816 οἱ
1379 3735 1422 3816 δὲ
1451 3769 1488 3816 τι

320 3862 377 3942 ἐπὶ
396 3859 443 3941 τά
460 3862 567 3966 χείρω
586 3860 739 3961 νεύμασι
757 3866 822 3962 τῆς
839 3862 989 3966 ἀρχαίας
1006 3860 1137 3962 ἐκείνης
1154 3861 1314 3944 εὐκλείας
1331 3865 1488 3940 διολισθ

151 3977 267 4105 gfff*
289 3997 463 4083 δσαντες,
477 3991 613 4088 σειραῖς
630 3983 743 4093 ζόφου
762 3983 1074 4089 τεταρταρωμένοι,
1090 3981 1181 4064 κατά
1199 3982 1241 4064 τὸ
1259 3985 1488 4086 γεγραμμένι

152 4115 270 4167 Βθΰὼθ
320 4115 368 4194 είς
400 4111 520 4211 κρίσιν
551 4106 712 4212 μεγάλης
750 4107 882 4211 ἡμέρας
912 4107 1134 4211 τετήρηνται.
1188 4109 1301 4192 οὕτως
1330 4107 1488 4207 πεποίητ

153 4180 178 4234 ⁶.
320 4231 412 4314 κατά
438 4231 504 4334 τήν
531 4230 646 4338 ἀρχὴν
673 4233 693 4312 ό
723 4239 866 4336 πρῶτος
896 4231 1096 4334 ἄνθρωπος,
1120 4229 1308 4314 τουτέστιν
1334 4232 1355 4310 ό
1383 4229 1488 4330 Ἀδά,

354 4453 381 4506 8.
400 4435 666 4522 συνεχάρησενθιιῑ.
750 4468 791 4507 11.
811 4449 1040 4522 ε’στιιιοτδφθοιν
1053 4450 1125 4506 catt.
1184 4466 1249 4522 .15.
1268 4450 1333 4506 ι’ένιιι
1345 4449 1377 4504 Ε.
1393 4445 1488 4504 εἶναι]

319 4538 362 4575 νο.
380 4524 582 4592 κατοπυρθμινοι
595 4522 709 4589 (οἰνος.
722 4525 808 4595 οη.)α.
881 4533 924 4589 25.
942 4521 1078 4593 γινομένην
1089 4522 1117 4577 b.
1165 4523 1391 4592 κοὶιιιιιιιιριιιω
1405 4539 1443 4575 ex
1458 4519 1488 4575 Ca

320 4589 416 4644 Statim
428 4597 479 4645 τῶν
489 4591 608 4662 ἀγγέλων
619 4593 666 4662 τήν
676 4593 782 4649 inverso
793 4591 886 4649 ordine
901 4593 932 4647 E.
