3238 5114
304 329 370 394 654
608 332 647 396 B.
672 331 883 396 CYRILLI
914 331 1206 398 ALEXANDR.
1316 331 1390 394 xvi.
1406 347 1460 415 31,
1472 345 1516 412 32

304 492 522 600 φράσαντες,
554 497 859 598 ἀκαταγωνίστοις
895 497 1093 602 διέπρεφαν
1122 497 1346 594 εὐτολμίαις,
1379 494 1429 573 οὐ
1460 491 1518 573 τάς

303 623 376 698 τῶν
393 616 575 700 Ἰουδαίων
595 618 869 717 ἐπαναστάσεις,
892 621 935 700 οῦ
956 621 1021 700 τὸν
1042 620 1187 722 ἄκριτον
1204 627 1280 699 τῶν
1299 619 1519 720 Φαρισαίων

303 739 428 840 θυμὸν,
450 744 517 848 οὐχ
538 742 658 847 ἕτερόν
679 777 714 822 τι
736 750 810 823 τῶν
832 746 956 824 δεινῶν
976 743 1138 842 δεδιότες,
1156 745 1244 823 ἀλλ’
1265 747 1307 822 ἐν
1326 743 1518 847 παῤῥησῖρ

303 865 565 970 προεστηκότες
581 875 646 947 τοῦ
670 865 765 948 θείου
790 866 1026 970 κηρύγματος,
1045 871 1103 948 καὶ
1129 868 1327 970 διαρρήδην
1346 868 1520 968 λέγοντες

136 981 259 1112 ffffl·
305 999 327 1037 “
347 995 561 1096 Πειθαρχεῖν
586 993 641 1072 δεῖ
668 995 751 1099 Θεῷ
780 998 926 1090 μᾶλλον
953 989 976 1091 ή
1006 991 1217 1094 ἀνθρώποις·
1254 993 1298 1070 οὐ
1330 991 1542 1088 δυνάμεθοε

136 1126 177 1228 {22
191 1177 225 1228 ¹„
305 1121 328 1160 ‘⁴
346 1111 418 1218 γάρ
436 1114 534 1213 ήμεῖς
556 1113 735 1214 ἀέίδομεν
754 1117 811 1194 καὶ
838 1113 1044 1215 ήκαόσαμεν
1061 1113 1111 1214 μή
1134 1113 1299 1195 λαλεῖν.”
1335 1117 1378 1194 έν
1396 1108 1520 1218 ταύιηῖ

138 1257 177 1292 ²⁰·
304 1245 493 1340 τοιγαροῦν
520 1236 756 1341 καθιδρῦσθαι
783 1237 849 1336 μὲν
876 1240 976 1318 οῦπω
1002 1235 1094 1341 πρὸς
1121 1238 1247 1317 πίστιν
1275 1237 1347 1337 τήν
1373 1236 1520 1316 τελείαν

137 1376 255 1435 om.
274 1359 475 1468 ιάπέδειξε,
498 1359 558 1442 διά
581 1359 624 1441 τὸ
648 1359 757 1462 μήπω
782 1367 978 1464 γεγεῦσθαι
1002 1365 1067 1461 τῆς
1091 1363 1274 1444 κοινωνίας
1300 1369 1369 1440 τοῦ
1391 1359 1516 1439 Πνεῦ-

301 1517 424 1582 ματος,
443 1487 615 1586 παραθεὶς
641 1491 689 1570 εῖς
713 1482 868 1589 έλεγχον
891 1482 958 1584 τήν
980 1483 1072 1564 ὅσον
1094 1485 1232 1564 οὐδέπω
1254 1485 1518 1586 παρεσομένην

302 1609 447 1706 δειλίαν,
484 1611 543 1688 καὶ
584 1607 640 1688 ὅτι
676 1607 721 1708 δὴ
766 1605 899 1708 μέλλοι
935 1605 1197 1707 συμβήσεσθαι
1233 1605 1434 1708 προειπὼν,
1468 1607 1557 1684 αὐτο

301 1731 451 1833 μετρίως
478 1730 604 1815 αὐτοὺς
633 1729 769 1831 ὀνήσας
797 1733 933 1832 ἀρᾶται.
977 1733 1216 1811 διακείσονται
1241 1731 1315 1833 γὰρ
1340 1728 1517 1833 μειῷνως

300 1887 340 1933 τε
364 1857 422 1934 καῖ
444 1855 708 1958 ε’ρηρεισμένως,
728 1853 783 1934 ὅτι
802 1854 893 1940 Θεὸς
918 1853 1010 1934 κατά
1032 1853 1148 1961 φῦσιν
1174 1857 1285 1951 ἐστὶν,
1304 1852 1413 1933 οὐδέν
1437 1860 1516 1932 τῶν

298 1976 509 2076 μελλόντων
522 1977 723 2081 ήγνοηκότα
736 1977 1086 2077 καταλαμβάνοντες.
1116 1977 1192 2058 ῖδοῦ
1205 1985 1403 2080 τοιγαροῦν
1415 2011 1513 2077 παρ-

298 2099 412 2198 έσται,
440 2104 566 2208 φησὶν,
595 2103 659 2181 οὐκ
691 2107 739 2185 εῖς
773 2099 915 2203 μακράυ
948 2101 969 2180 ἀ
1001 2100 1136 2205 καιρὸς,
1169 2107 1315 2199 μᾶλλον
1347 2099 1390 2180 δέ
1419 2101 1511 2180 εἴσω

299 2225 433 2324 βέβηκε
464 2231 593 2328 θυρῶν,
621 2223 680 2304 ὅτε
717 2226 811 2328 μόνον
848 2223 999 2331 ἀφέντες
1035 2223 1106 2330 ἐμὲ,
1134 2224 1385 2304 ἀπελεύσεσθε
1416 2223 1509 2326 πρὸς
1523 2254 1553 2314 ¹5

263 2347 343 2428 1)τά
372 2343 460 2428 ίθια.
500 2355 606 2428 τοῦτο
634 2347 679 2428 δέ
699 2350 800 2428 ε’στιν
827 2347 1091 2451 εὐπεριστόλως
1119 2353 1239 2445 εἰπεῖν,
1267 2346 1326 2428 ότε
1356 2349 1508 2432 δειλίαις

297 2469 483 2574 ἀνάνδροις
510 2471 770 2574 κεκρατημένοι,
795 2468 906 2571 μόνης
934 2475 999 2570 τῆς
1026 2473 1162 2553 ἑαυτῶν
1190 2475 1314 2576 ψυχῆς
1341 2471 1502 2574 πρυνοή·

298 2627 396 2690 σετε,
436 2598 495 2674 καὶ
530 2593 597 2694 τήν
632 2600 684 2702 τῷ
728 2593 938 2702 διδασκάλῳ
981 2594 1278 2699 χρεωσταυμένην
1314 2595 1504 2694 ἀγάπησιν

300 2715 449 2798 κατόπιν
469 2723 532 2816 τῆς
557 2721 691 2798 ἑαυτῶν
709 2719 890 2821 σωτηρίας
910 2717 1158 2818 ποιησάμενοι,
1176 2716 1267 2819 πρὸς
1292 2719 1434 2819 οῦσπερ
1461 2715 1504 2796 ἀν

299 2841 422 2944 εὕρητε
446 2841 675 2946 διοιχήσεσθε
698 2841 840 2925 τόπους.
877 2847 955 2924 πῶς
976 2842 1040 2922 οὐν
1062 2840 1136 2948 ἀρτι
1161 2839 1346 2938 πιστεύετε,
1364 2847 1440 2920 τῶν
1457 2847 1551 2924 εῖςιο

300 2965 464 3068 ἀνδρείαν
487 2965 646 3071 ἐλέγχων
671 2967 771 3044 οὐπω
798 2962 862 3044 τὸν
890 2965 1013 3070 ψόγον
1040 2961 1346 3068 διακρουσάμενοι,
1375 2962 1435 3042 διά
1463 2962 1503 3042 τὸ

299 3087 408 3188 μήπω
440 3095 655 3193 μεταλαχεῖν
684 3092 749 3188 τῆς
783 3086 842 3168 διά
876 3089 1085 3187 Πνεῦματος
1118 3087 1335 3186 εὐτολμίαςς
1378 3085 1434 3166 ὅτι
1467 3084 1503 3166 δὲ

301 3209 496 3314 ἐτράποντο
523 3209 613 3315 πρὸς
641 3209 762 3319 φυγήν
786 3217 818 3291 αῖ
846 3210 1012 3314 μακάριοι
1038 3215 1206 3312 μαθηταὶ,
1228 3209 1294 3311 τήν
1314 3217 1390 3291 τῶν
1407 3207 1499 3289 Ἰον-

272 3335 410 3415 θδαίων
441 3336 505 3415 οὐκ
532 3333 732 3436 ἐνεγκόντες
759 3334 901 3440 ἔφοδον,
934 3334 992 3416 ὅτε
1019 3339 1140 3438 παρῆν
1168 3337 1189 3415 ὸ
1221 3333 1410 3438 προδότης,
1437 3331 1503 3432 τήν

302 3457 449 3538 ἀνόσιον
467 3465 539 3538 τῶν
561 3465 793 3562 στρατιωτῶν
814 3457 1034 3560 ἐπαγόμενος
1062 3467 1217 3562 σπεῖραν
1238 3462 1297 3538 καὶ
1322 3455 1407 3543 τοῦς
1430 3463 1502 3538 τῶν
1515 3485 1547 3546 ²5

301 3581 507 3682 ἡγουμένων
535 3581 719 3685 ῦτπγρέτας,
747 3578 943 3681 οὐδαμόθεν
971 3583 1189 3689 ἀμφίλογον.
1233 3581 1326 3685 μόνον
1357 3580 1396 3659 δέ
1420 3581 1501 3660 τότε

301 3705 587 3784 καταλελοίπασι
616 3701 680 3784 τὸν
710 3702 887 3808 Χριστόν·
936 3707 1031 3811 μόνον
1067 3703 1105 3784 δὲ
1141 3701 1270 3810 φαμὲν,
1299 3700 1391 3781 ὅσον
1420 3703 1502 3801 ήκεν

300 3831 408 3908 εἰπεῖν
435 3832 484 3911 εῖς
510 3823 552 3906 τὸ
579 3834 741 3930 παρεῖναι
772 3826 906 3926 μηδένα
938 3835 1010 3908 τῶν
1038 3824 1192 3908 ἕπεσθαί
1216 3860 1253 3905 τε
1281 3827 1340 3904 καὶ
1364 3858 1500 3926 προσε-

300 3948 435 4054 δρεύειν
461 3949 635 4031 εἰωθότων
662 3951 770 4054 αὐτῷ·
810 3945 918 4048 μόνος
949 3949 1021 4053 γάρ
1050 3949 1113 4029 οὐκ
1141 3945 1198 4047 ἦν,
1226 3947 1315 4028 καθὸ
1342 3948 1438 4032 Θεὸς
1466 3953 1502 4028 ἐκ

301 4079 397 4154 Θεοῦ
421 4077 479 4154 καὶ
502 4077 539 4154 έν
557 4077 641 4182 Θεῷ
665 4078 828 4179 φυσικῶς
845 4107 884 4154 τε
911 4077 970 4153 καὶ
997 4069 1234 4156 ἀδιαστάτως·
1272 4073 1501 4174 ἀνθροπτινῶ-
1515 4107 1546 4165 3⁰

299 4231 402 4301 τερον
428 4197 471 4276 δέ
490 4231 567 4280 πως
592 4200 650 4276 καὶ
668 4204 775 4275 τοῦτο
794 4195 836 4274 δι’
858 4195 951 4295 ήμιῖς
975 4195 1183 4304 ἐφθέγξατο
1200 4191 1374 4298 Χριστὸς,
1392 4195 1504 4276 έκεῖνο

317 4405 669 4534 νς
682 4404 1504 4548 αντ-,υνυς

298 4567 378 4602 ποντα
391 4547 424 4602 Ε.
