3184 5104
420 349 483 414 178
722 348 760 412 Β.
784 346 995 412 CYRIL'LI
1022 346 1312 412 ALEXANDR.

419 515 478 592 καὶ
501 511 684 594 πιστεύειν
705 513 825 599 αὐτοῖς
849 511 1090 613 ἐπιτάττουσι,
1108 510 1175 594 κάν
1195 517 1259 613 τῆς
1283 505 1453 592 ἀνωτάτω
1479 539 1489 584 ι

418 638 588 732 ἀσεβείας
609 636 802 737 ἁπτόμενοι
818 637 1027 746 ἀμαρτωλίν
1043 635 1132 718 εἶναι
1148 637 1301 738 λέγουσι
1318 633 1382 715 τόν
1400 632 1451 712 ἐπ’
1472 631 1489 708 ό

417 765 482 860 τῆς
506 762 681 864 ἁμαρτίας
705 759 991 862 ἐπιδημήσαντα.
1031 765 1089 842 καί
1114 765 1179 862 τῆς
1201 760 1267 860 μέν
1284 761 1343 840 ε’πί
1366 762 1472 836 τοῦτο

383 887 572 992 ᾶφαισίας
600 887 767 986 οὐδεμίαν
795 893 982 970 παντελῶς
1009 884 1293 988 παρακομίζουσι
1324 879 1391 980 τὴν
1419 876 1489 957 ἀπό

415 1007 714 1112 περιαυτιζόμενοι
742 1009 780 1090 δὲ
807 1013 867 1089 καὶ
894 1015 1109 1115 φρονοῦντες
1136 1011 1192 1115 ἐφ’
1212 1010 1348 1090 ἑαυτοῖς
1374 1003 1469 1104 με’γα

417 1132 579 1238 ἐξαίσιον
604 1134 647 1212 δι’
670 1131 756 1214 αῦτὸ
784 1131 829 1233 δὴ
857 1136 916 1213 καί
942 1131 1053 1233 μόνον
1079 1133 1122 1213 τῦ
1150 1135 1316 1235 ἡγεῖσθαι
1344 1134 1444 1210 λαῶν
1467 1159 1489 1204 τ

417 1256 626 1360 προσώπων
640 1255 850 1365 περιφανείη
868 1255 934 1356 τὴν
946 1258 1072 1338 πίστιν
1090 1257 1307 1362 χαρίζεσθαι,
1321 1255 1379 1333 καί
1397 1250 1489 1330 καθά

417 1379 632 1486 ὀφλήματος
652 1379 754 1488 τάξει
776 1380 995 1462 καταθείτθαι
1019 1380 1290 1460 διακελεύονται.
1334 1373 1377 1456 τό
1400 1372 1472 1475 γάρ

418 1499 564 1610 οἴδαμεν,
589 1503 656 1603 τὴν
679 1503 900 1609 ἀσύγκριτον
925 1509 1052 1586 ῶδῖνον
1077 1505 1279 1610 ὑπεροψίαν
1303 1499 1486 1580 ἁλώσεται

416 1661 460 1729 γε
491 1635 565 1713 τοῖς
593 1627 659 1709 τόν
685 1631 820 1709 ἑαυτῶν
851 1627 1078 1709 λανθάνοντα
1108 1626 1347 1731 βοσανίζουσι
1379 1630 1474 1703 νοῦν.

416 1751 495 1832 ἔστι
522 1755 710 1834 κάντεῦθεν
732 1753 775 1832 οῦ
799 1753 949 1857 μετρίως
976 1750 1233 1850 ἀποθαυμάσαι
1254 1749 1318 1831 τὸν
1340 1753 1414 1828 τῶν
1431 1747 1489 1824 Ἰοι

416 1874 653 1975 ἀπόπληκτον
685 1885 779 1956 νοῦν.
834 1875 1035 1956 ἀνατιθέναι
1071 1873 1144 1978 γάρ
1181 1883 1230 1984 τῷ
1260 1880 1337 1981 Θεῷ
1369 1869 1435 1970 τὴν
1467 1871 1489 1948 ἐι

387 2000 612 2110 οπαραδόξιρ
647 1996 936 2102 προστάττοντες
970 1994 1080 2108 δόξαν,
1117 1995 1180 2079 ἅτε
1217 1993 1262 2096 δὴ
1299 1998 1357 2075 καί
1398 1991 1489 2099 μόνη

415 2121 586 2204 τοιούτων
603 2121 745 2230 ἐργάτῃ,
763 2121 828 2204 τδν
845 2123 889 2231 ἐξ
909 2124 1036 2207 οἰκείας
1055 2123 1182 2228 ἰσχύος
1198 2119 1440 2222 ἐνεργήσαντα
1459 2138 1489 2210 [τ

416 2251 512 2326 Θεοῦ
536 2247 800 2350 κατακρίνουσι,
824 2251 882 2327 καί
909 2249 977 2353 σῦχ
1004 2247 1102 2332 ὅπως
1129 2248 1230 2326 αῦτοί
1256 2245 1359 2344 μόνοι
1381 2247 1416 2322 οἰ
1440 2239 1489 2320 τό

414 2377 637 2478 συμφρονεῖν
659 2369 697 2450 δὲ
722 2374 780 2450 καί
806 2371 944 2476 ἑτέρους
968 2367 1264 2473 ἐπαναγκάζουσα
1294 2365 1387 2473 μόνη
1413 2363 1452 2446 δέ
1478 2398 1489 2466 η

413 2497 612 2600 τῇὲαυτῶν
630 2493 866 2595 ἀπονέμοντες
891 2495 934 2576 τῦ
958 2498 1085 2577 εἰδέναι
1108 2501 1240 2602 σαφῶς
1266 2497 1315 2577 ὡς
1331 2499 1489 2600 ἀμαρτωι·

413 2616 591 2720 Χριστός,
616 2619 812 2719 ἀγνοοῦσιν
837 2618 935 2703 ὅπως
961 2617 1008 2700 τά
1032 2619 1197 2724 χείριστα
1222 2621 1286 2717 τῆς
1310 2615 1438 2698 οἰκείας
1463 2647 1487 2692 κι

413 2737 516 2841 ζουσι
538 2745 711 2846 κεφαλῆς.
751 2740 849 2821 πολῦ
873 2741 946 2846 γοίρ
969 2749 1047 2827 ταῖς
1071 2742 1320 2842 νομομαθείαις
1344 2741 1487 2841 ἐπαυχεί

412 2861 523 2961 θότες,
543 2867 601 2944 καὶ
619 2869 693 2948 τοῖς
710 2869 813 2968 ἰεροῖς
831 2864 1023 2972 ἀφορήτως
1046 2862 1383 2967 ἐπισοβαρευόμενοι
1400 2859 1485 2963 γρόρ

411 2987 553 3090 μείζονα
579 2985 624 3087 δὴ
647 2985 791 3072 πάντως
813 2989 1032 3069 ἀποτίσουσι
1054 2989 1155 3089 δίκην
1173 2990 1221 3072 ὡς
1238 2986 1321 3094 ἐξόν
1338 2984 1404 3085 μέν
1423 2988 1484 3063 εἰδι

247 3129 354 3189 clu.
382 3112 469 3191 αέπί
497 3115 649 3218 Χριστῷ
682 3109 883 3214 μυστήριον
913 3111 973 3192 διό
1002 3145 1040 3192 τε
1073 3111 1186 3212 νόμου
1217 3114 1276 3191 καί
1305 3115 1379 3190 τῶν
1411 3143 1483 3211 προ

411 3237 610 3320 πολυειδῶς
632 3232 892 3334 ἐκτυπούμενόν
911 3269 950 3315 τε
968 3238 1026 3316 καί
1044 3236 1240 3334 βσῶμενον,
1258 3230 1482 3333 αὐτόκλητον

410 3360 556 3456 πολλῆς
592 3356 688 3460 ἄγαν
723 3362 787 3459 τῆς
821 3360 997 3466 ῥᾳθυμίας
1035 3359 1251 3463 ἀρπάῷντες
1287 3356 1452 3459 ἀγνοιαν,

410 3477 540 3564 εἰδότες
566 3477 633 3579 μὲν
660 3483 828 3584 ἀκριβῶς,
856 3479 907 3582 μὴ
934 3479 1007 3584 μὴν
1032 3480 1121 3586 ὅπερ
1147 3481 1216 3562 ἔδει
1243 3485 1333 3586 δρῦν
1358 3481 1418 3559 καὶ
1445 3513 1479 3576 μι

409 3601 604 3705 προθύμως
636 3603 873 3703 ἐθελήσαντες
908 3639 1009 3686 ποτε.
1061 3609 1303 3708 παιδαγωγεῖν
1333 3601 1406 3707 γὰρ
1438 3603 1478 3684 ἕδ

408 3849 506 3951 ρίων,
527 3852 586 3930 καί
614 3857 806 3953 πειρᾶσθαι
835 3859 980 3950 μᾶλλον
1004 3857 1242 3954 καθηγεῖσθαι
1269 3857 1343 3931 τῶν
1366 3850 1476 3930 ἄλλω

408 3973 605 4076 ἐπίγνωσιν
628 3970 679 4052 ὧν
703 3973 773 4052 ἔδει
796 3979 935 4074 μαθεῖν.
975 3973 1062 4056 ἀλλ’
1082 3977 1115 4055 οἰ
1139 3981 1289 4060 πλατεῖς
1314 3979 1362 4059 εἰς
1390 3971 1475 4076 λόγι

444 4217 471 4272 6.
490 4217 523 4272 δι’
536 4217 599 4273 αύτδ
611 4217 643 4288 δι)
657 4217 690 4273 Β.
703 4217 746 4273 διδ
758 4221 835 4273 τοῦτο
847 4219 876 4274 δέ
889 4219 981 4276 Ηοίοἰ.
994 4221 1037 4275 διδ
1048 4224 1127 4276 τοῦτο
1139 4218 1192 4275 Ed.
1277 4236 1320 4276 10.
1339 4221 1435 4275 ἑαυτῶν
1446 4221 1473 4274 λι

410 4287 443 4342 Β.
456 4290 546 4342 ἑαυτὸν
576 4289 717 4343 σνθάνονια
730 4289 779 4344 Ht.
793 4288 845 4344 Ed.
858 4291 1017 4346 λανθάνοντα
1025 4292 1082 4362 jam
1094 4289 1280 4346 emendavisso
1293 4290 1472 4351 Goteleriumff

407 4357 435 4412 ii.
448 4359 523 4427 585.)
535 4312 647 4414 οόοοιοι
660 4359 762 4430 Migne.
874 4377 915 4431 13·
932 4363 1002 4435 μόνῳ
1013 4360 1138 4416 emendat
1152 4361 1252 4433 Ηογνο.
1264 4363 1329 4444 ρόνο
1341 4363 1404 4431 (uic)
1417 4361 1471 4431 Β.ρ

406 4427 567 4554 τινα
578 4428 941 4624 ,κν
953 4430 986 4486 ι·
1158 4501 1419 4560 ....
1460 4449 1471 4490 <

291 4569 295 4578 ’
406 4567 601 4637 eamear
642 4571 663 4624 ι.
677 4569 729 4624 Ed.
837 4586 881 4638 ι..
899 4569 985 4644 η-μη
996 4571 1312 4645 μυοπάρωνα.
