3184 5104
395 315 458 383 148
695 325 736 390 Β.
759 323 968 391 CYRILLI
998 323 1288 390 ALEXANDR.

359 547 362 556 ,
394 483 486 564 κατὰ
512 491 607 568 Θεοῦ
635 491 852 586 δυσσεβείας
884 491 926 571 οῦ
957 488 1223 596 καταλήξαντοι,
1252 487 1434 593 κέχριοται
1461 494 1491 562 λι

394 609 451 688 ε’πὶ
484 609 548 690 τὸν
575 612 730 716 Ἰσραὴλ
763 619 812 698 είς
845 616 1004 710 βασιλέα
1032 611 1222 720 Ἰωσαφὰτ
1254 612 1327 696 υἱὸς
1361 615 1491 708 Ναμεσ

395 733 533 836 ἀναιρεῖ
559 735 626 835 μέν
657 739 721 816 τὸν
751 737 935 844 Ὀχοζίαν,
969 741 1028 818 καὶ
1062 735 1133 817 σῦν
1165 737 1285 844 έκείνερ
1318 733 1383 835 τὴν
1414 731 1491 832 Ἰεζι

395 859 534 961 ἀναιρεῖ
557 859 595 940 δὲ
623 867 674 968 τῷ
700 861 848 966 Ἀχαδβ
875 866 934 942 καὶ
962 863 1100 967 ἑτερους
1129 860 1223 946 υἱούς
1251 858 1491 958 ἑβδομήκοντα

395 982 493 1061 θείαν
521 981 646 1087 ὥσπερ
675 985 851 1092 διεξάγων
879 993 927 1071 εἰς
954 987 1064 1088 πέρας
1092 985 1215 1089 ἀργὴν,
1244 988 1292 1068 ὡς
1320 987 1377 1064 καὶ
1404 985 1491 1080 τιμῆῑ

362 1102 541 1209 οχάριτος
560 1111 616 1188 ἐπὶ
636 1107 751 1216 τούτῳ
769 1117 899 1215 τυχεῖν.
941 1109 980 1190 τί
994 1109 1065 1214 γάρ
1084 1117 1179 1217 φησι
1200 1109 1291 1212 πρὸς
1310 1105 1415 1187 αῦτὸν
1434 1109 1453 1184 ὁ
1473 1112 1491 1183 Ε

310 1255 316 1265 ’
345 1253 351 1266 ’
397 1241 417 1278 “
435 1229 538 1312 Ἀνθ’
559 1229 609 1311 ὧν
633 1233 814 1334 ἡγάθυνας
842 1238 994 1333 ποιῆσαι
1022 1233 1064 1314 τὸ
1093 1233 1189 1317 εύθές
1217 1235 1254 1312 έν
1276 1234 1477 1339 ὀφθαλμοῖς

396 1365 417 1402 “
436 1359 493 1435 καὶ
526 1356 646 1437 πάντα
683 1357 755 1436 ὅσα
792 1359 830 1437 έν
862 1363 907 1462 τῇ
945 1359 1072 1465 καρδίᾳ
1108 1392 1179 1456 μου
1215 1359 1386 1456 ἐποίησας
1422 1359 1471 1460 τῷ

396 1489 417 1527 “
430 1477 587 1586 Ἀχαάβ,
603 1483 671 1560 υἱοὶ
689 1480 850 1582 τέταρτοι
869 1481 1092 1580 καθήσονταί
1108 1515 1169 1561 σοι
1188 1483 1245 1562 ἐπὶ
1263 1488 1327 1560 τοῦ
1345 1477 1472 1582 θρόνον

396 1605 482 1710 ὁρᾷς
509 1605 572 1684 οῦν
595 1603 692 1688 ὅπως
720 1603 802 1688 τοῦς
830 1605 896 1705 μὲν
922 1604 1099 1709 πονηροῦς
1127 1609 1167 1684 έκ
1193 1610 1361 1707 πονηρῶν
1383 1605 1420 1682 ἐν
1443 1637 1491 1681 τει

394 1725 501 1828 μόλις
527 1727 683 1808 ἐκόλασε
707 1734 823 1836 γενεᾷ,
846 1735 898 1836 τῷ
923 1729 961 1810 δέ
988 1730 1180 1830 τιμήσαντι
1209 1734 1267 1809 καὶ
1295 1727 1397 1833 μέχρι
1425 1761 1491 1805 τετι

397 1858 521 1953 γενεᾶς
549 1853 689 1932 ἐκτείνει
718 1851 781 1933 τὸν
806 1852 922 1934 ἐ’λεον.
961 1863 1101 1934 παῦσαι
1129 1856 1247 1933 τοίνυν
1265 1855 1410 1932 Ἰουδαῖε
1440 1854 1491 1948 τῆε

397 1981 493 2056 Θεοῦ
518 1975 744 2076 δικαιοσύνης
767 1984 990 2080 κατηγορῶν·
1025 1983 1073 2060 εἰς
1095 1979 1269 2080 ε’γκωμίου
1294 1973 1365 2078 γάρ
1390 1973 1491 2080 τάξιν

397 2100 481 2198 ἡμῖν
499 2098 714 2204 δεχθήσεται
735 2097 777 2178 τό
799 2098 1013 2184 Ἀποδιδοῦς
1033 2101 1207 2204 ἁμαρτίας
1225 2099 1389 2203 πατέρων
1408 2100 1467 2178 ε’πὶ

369 2225 454 2303 eiu>
473 2224 595 2326 τρίτην
614 2226 672 2303 καὶ
689 2224 862 2328 τετάρτην
881 2223 1016 2326 γενεάν.

524 2465 609 2530 Ἀλλ’
643 2467 695 2530 ἵνα
724 2474 902 2557 φανερωθῇ
932 2468 971 2534 τὰ
1000 2469 1078 2558 ἔρια
1105 2475 1162 2534 τοῦ
1191 2467 1274 2534 Θεοῦ
1303 2469 1338 2532 ὲν
1366 2467 1469 2551 αὐτῷ.

455 2632 719 2738 Δυσεξήγητον
738 2635 802 2731 μέν
820 2669 898 2718 πως
918 2635 1019 2714 ἔσται
1038 2637 1096 2714 καὶ
1116 2633 1267 2737 ἀπορίας
1284 2633 1371 2714 εἴσω
1390 2643 1490 2712 πολλ

398 2757 640 2859 προκείμενον,
664 2759 722 2836 καὶ
750 2755 795 2857 ἦν
817 2759 882 2856 μέν
906 2758 995 2842 ἴσως
1023 2759 1087 2837 οῦκ
1117 2757 1250 2857 ἀμαθές
1279 2759 1336 2838 καὶ
1364 2791 1489 2859 παρατ1

399 2878 496 2976 αὐτὸ,
530 2884 588 2960 καὶ
622 2880 680 2960 διά
713 2879 754 2961 τὸ
788 2881 936 2988 σφόδρα
969 2881 1184 2988 δυσέφικτον
1216 2885 1288 2961 ε’ἀν.
1340 2883 1426 2960 ἀλλ’
1462 2881 1489 2960 ἵι

399 3005 607 3104 λελυμένων
636 3005 828 3107 δογμάτων
855 3008 1069 3104 Ἰουδαϊκῶν,
1099 3005 1219 3110 ἕτερόν
1246 3040 1280 3085 τι
1308 3005 1484 3108 συγγενές

232 3126 300 3176 Heb.
311 3126 353 3176 xii.

235 3203 273 3254 15·
400 3164 472 3213 νοις
500 3129 662 3232 καθάπερ
682 3141 703 3176 “
717 3165 770 3214 τις
792 3129 871 3235 ῥίζα
893 3133 1035 3234 πικρίας
1060 3131 1135 3210 ἀνω
1161 3131 1307 3236 φύουσα
1325 3131 1488 3234 ένοχλῂ,”

367 3253 466 3352 εΙτὴν
490 3263 554 3334 τοῦ
581 3253 734 3335 Παύλου
762 3253 900 3364 φωνήν·
941 3253 1031 3338 εἰκὸς
1059 3253 1131 3357 γὰρ
1160 3253 1392 3352 ῦποτοπῆσαί
1417 3287 1487 3331 τινι

399 3385 506 3456 τοῦτο
528 3377 619 3480 πρὸς
644 3378 744 3478 πάθη
770 3377 815 3458 τά
841 3385 912 3458 τῶν
931 3379 1130 3480 ἀνθρώπων
1150 3384 1341 3458 καλεῖσθαι
1361 3377 1487 3476 σώμαι

401 3504 438 3580 έν
456 3503 574 3584 αὐτοῖς
594 3509 787 3609 φανερωθῇ
813 3501 859 3583 τά
877 3504 965 3606 ἔργα
983 3511 1047 3582 τοῦ
1067 3508 1173 3582 Θεοῦ·
1208 3503 1399 3607 χρησίμως
1419 3499 1467 3585 ὦς

402 3626 568 3730 φαίνεται
601 3629 658 3705 καὶ
691 3627 783 3730 πρὸς
811 3635 916 3706 τοῦτο
949 3631 1057 3707 εἰπεῖν
1087 3627 1195 3729 ὀλίγα
1225 3627 1315 3706 ἀττα
1347 3625 1440 3728 πρὸς
1474 3661 1486 3705 τ

402 3751 562 3830 ἐντεῦθεν
590 3751 891 3852 ἀποκρούσασθαι
923 3751 1061 3850 βλάβη,
1089 3754 1147 3830 καὶ
1182 3758 1255 3834 τοῖς
1286 3750 1331 3856 ἐξ
1362 3749 1485 3848 ἀπάτη

403 3880 550 3976 γισμοΐς
575 3875 750 3973 μηδεμίαν
769 3874 860 3978 έχειν
882 3873 1071 3979 ἐπιτρέψω
1092 3875 1340 3976 παρείσδυσιν.
1380 3872 1435 3952 ὅτι
1461 3907 1484 3972 μ

405 3999 484 4077 οὔτε
522 3995 586 4082 τάς
623 3992 756 4097 γονέων
794 3999 970 4100 ἁμαρτίας
1006 3997 1130 4099 ἐπάγει
1167 3997 1299 4080 τέκνοις
1337 3995 1433 4080 Θεὸς
1476 4033 1484 4074 ι

402 4122 542 4202 ἐκείνων
565 4123 785 4222 δνστροπίας
812 4118 880 4202 εἶεν
909 4118 1079 4225 ἀμέτοχα,
1098 4126 1156 4201 καὶ
1184 4120 1238 4201 ὅτι
1262 4120 1353 4225 πρὸς
1378 4120 1483 4200 τούτο

440 4295 463 4328 ι.
482 4273 603 4345 κέχρηται
617 4273 649 4328 Β.
664 4273 833 4329 ΗοΙοιοοίιιο.
846 4272 1000 4328 emendavit
1016 4291 1031 4327 ο
1048 4271 1108 4328 Cat.
1125 4273 1200 4330 Harl.
1214 4283 1243 4328 ut
1258 4273 1313 4328 vid.
1325 4273 1478 4337 Aubertus,

402 4387 427 4423 2.
444 4367 580 4440 Ἰωσαφὰτ
591 4367 672 4422 habet
684 4377 710 4423 et
722 4387 745 4424 a.
844 4387 885 4440 13.
906 4355 981 4438 τάξῦῦ
994 4369 1027 4423 Β.
1040 4369 1113 4438 τάξιν
1126 4369 1240 4423 habeta.
1296 4368 1482 4440 δειχθίγσετοιι

402 4440 508 4494 inverso
520 4440 613 4502 ordine
626 4457 650 4494 ιι.
804 4453 845 4511 17.
864 4441 923 4496 ἐστὶ
935 4459 959 4496 ο.
1020 4439 1084 4495 εἴσω
1096 4440 1221 4494 emendat
1235 4439 1333 4511 Heyse.
1347 4439 1419 4494 ’ίσσω
1437 4441 1469 4493 Β.

403 4509 567 4650 ξφθφοιηηοι
579 4509 659 4566 verba
672 4521 787 4582 quatuor
799 4512 827 4564 in
839 4529 863 4566 α.
965 4523 1008 4582 27.
1028 4511 1165 4582 ἐπιτρίψω
1180 4511 1212 4566 Β.
1227 4511 1276 4566 Ht.
1290 4510 1446 4566 emendavit
1458 4521 1482 4567 ιιι
