3142 5118
65 367 145 446 2140.
212 367 271 431 IN
302 368 341 431 S.
366 365 635 432 JOANNEM.
681 367 855 432 LIB.VI.
901 369 1056 434 CARI.
1190 369 1252 432 205

64 529 230 610 ἑθεάσαντο
246 528 319 631 τὴν
338 531 463 639 δόξαν
483 532 605 630 αὐτοῦ,
624 530 737 610 καίτοι
756 530 944 637 φανότατα
962 531 1254 634 διαλάμπουσαν,

64 659 107 734 καὶ
121 657 154 734 έν
168 660 218 764 τηῖ
234 657 413 766 μεγίστῳ
432 658 495 736 καὶ
512 662 626 763 νεαρῷ
645 652 810 754 θαύματι.

74 981 216 1048 Ἠκοοοαν
242 985 282 1048 ἐκ
311 986 388 1050 τῶν
417 983 611 1075 Φαρισαίων
638 989 741 1051 ταῦτα
767 981 798 1050 αἰ
824 985 891 1062 μετ’
923 985 1022 1050 αὐτοῦ
1049 984 1153 1067 ὄντεο,
1181 983 1234 1050 καί
1270 999 1310 1056 40

242 1103 345 1176 εἷπον
376 1111 473 1196 αὐτῷ
498 1109 555 1174 Mt}
585 1111 640 1176 καὶ
667 1105 761 1186 ἡμεῖο
787 1109 906 1198 τυφλοί
932 1110 1051 1194 &ouem

45 1295 57 1352 5
108 1282 428 1384 Προσεδρεύουσιν
447 1287 481 1363 οἱ
501 1287 694 1387 Φαρισαῖοι
718 1285 777 1362 καὶ
802 1281 1035 1385 συμβαδίζειν
1056 1282 1257 1384 ἐπείγονται

65 1409 104 1512 τῷ
133 1409 271 1509 Σωτῆρι
312 1412 490 1514 Χριστῷ,
527 1405 641 1486 καίτοι
667 1406 810 1508 πικρὸν
847 1412 896 1490 εἰς
932 1407 1082 1510 καρδίαν
1117 1404 1289 1512 έχοντεςιι
1311 1427 1375 1483 6³5
1388 1425 1425 1482 Α.

68 1526 165 1625 δόλος,
191 1534 251 1609 καὶ
287 1531 398 1634 λύπῃ
433 1533 493 1609 καὶ
525 1527 650 1638 φθόνιρ
682 1527 928 1630 διατηκόμεναι
961 1527 1020 1610 διά
1053 1528 1119 1630 τὴν
1147 1527 1259 1637 δόξαν

67 1655 164 1732 α’τυῖ·
185 1652 467 1755 συμβαδίζουσι
486 1652 523 1733 δέ
542 1651 638 1752 ὅμως
657 1652 796 1766 τροφὰς
814 1659 866 1761 τῷ
885 1655 984 1753 μίσει
1003 1653 1259 1755 συλλέγοντες,
1297 1725 1300 1730 .

67 1781 111 1854 καὶ
129 1777 391 1880 πολυτρόπους
417 1785 492 1862 τοῖς
514 1775 676 1877 θαύμασι
701 1777 947 1886 συκοφαντίας
971 1777 1170 1882 ἀρτύοντες,
1189 1814 1259 1860 πα-

35 1899 237 2000 nmmum}
267 1936 308 1982 τε
346 1900 408 1981 διά
441 1909 548 1981 τοῦτο
581 1908 652 1981 τῶν
680 1901 956 2006 εῦπειθεστέρων
983 1899 1050 2001 τὴν
1076 1902 1260 2003 ἀκακοήθη

68 2024 216 2104 διάνοιαν.
276 2024 408 2122 ἐπειδὴ
447 2025 485 2105 δέ
520 2034 634 2105 ταῦτα
668 2027 839 2129 λέγοντος
879 2025 1154 2108 διεπυνθάνοντο
1194 2035 1260 2106 τοῦ

68 2151 225 2248 Χριστοῦ,
263 2149 475 2252 διεπρίοντο
504 2146 628 2247 πάλιν,
659 2151 701 2230 οῦ
733 2148 806 2254 γάρ
838 2147 884 2250 ἦν
912 2149 1003 2234 εἰκὸς
1032 2152 1174 2254 ἀγνοεῖν
1206 2149 1261 2229 ’ότι

68 2272 241 2374 τέτραπται
276 2271 375 2377 πρῦς
411 2271 538 2358 αῦτοῦς
570 2275 590 2353 ὁ
623 2283 687 2354 τοῦ
719 2271 834 2377 λόγου
866 2273 1014 2359 σκοπός.
1065 2272 1183 2372 ἐπειδὴ
1222 2272 1261 2352 δὲ

69 2397 334 2498 ἀπολελυμένας
367 2396 421 2478 ἔτι
454 2400 512 2477 καὶ
549 2399 762 2501 ἀδιορίστως
795 2397 912 2502 εἴρητο
945 2399 1030 2502 παρ’
1065 2399 1185 2497 αὐτοῦ,
1218 2395 1260 2478 τό

37 2521 166 2601 13“Ἰνα
183 2527 217 2603 οῖ
235 2521 445 2618 βλέποντες
462 2527 595 2626 τυφλοὶ
619 2520 824 2625 γένωνται·”
854 2523 954 2602 οὔπω
978 2521 1102 2626 καιρὸν
1120 2523 1259 2629 ἔχοντες
1272 2533 1293 2599 b
1306 2518 1412 2650 {2¹1⁹}

70 2645 217 2744 ι’γκαλεῖν
235 2645 406 2747 εὐλόγως
424 2649 472 2728 ὡς
491 2645 711 2747 ὑβρισμένοι,
731 2650 928 2750 διερωτῶσι
952 2645 1165 2750 πανούργως
1188 2653 1261 2727 τῶν

70 2771 245 2867 εἰρημένων
262 2768 334 2868 τὴν
353 2768 505 2866 δύναμιν
521 2773 570 2853 εἷς
589 2769 631 2849 τὸ
650 2775 776 2850 οἰκεῖον
788 2769 1033 2872 περιέλκοντες
1051 2768 1261 2872 πρόσωπον,

71 2895 117 2970 καὶ
139 2893 379 3000 σαφεῖς-τερον
397 2890 521 2995 ὥσπερ
546 2893 730 2999 ἀξιοῦντες
754 2899 873 2991 εἰπεῖν,
892 2900 922 2974 εί
943 2902 1002 2975 καὶ
1022 2893 1150 2979 αῦτοῦς
1175 2891 1262 2974 εἶναι

70 3014 156 3116 λύγοι
173 3015 343 3124 τυφλοὺς,
361 3016 421 3096 ’ἶνα
439 3015 483 3117 δὴ
501 3016 615 3097 πάλιν
634 3020 681 3101 ὡς
704 3016 851 3118 νομικὴν
870 3017 1021 3118 εὐτολὴν
1039 3016 1262 3119 ἀδικήσαντα

33 3143 337 3245 κεατακρίνωσιν.
389 3137 525 3246 ᾔδεσαν
557 3139 629 3244 γὰρ
662 3141 736 3220 ἀνω
769 3145 827 3221 καί
865 3139 960 3222 κάτω
994 3141 1040 3222 τά
1073 3143 1261 3226 Μωυσέως

70 3264 254 3364 γράμματα
285 3272 583 3366 περινοστοῦντες
620 3263 674 3344 ότι
711 3266 910 3368 γέγραπται
942 3276 964 3312 “
976 3262 1164 3370 Ἄρχοντα
1197 3274 1261 3346 τοῦ
1306 3272 1413 3388 {ma

70 3399 88 3432 ‘⁴
103 3398 190 3470 λαοῦ
208 3423 283 3468 σου
301 3390 367 3467 οῦκ
385 3390 470 3489 ε’ρεῖς
492 3389 644 3473 κακῶς.”
680 3385 703 3488 ἢ
729 3391 848 3470 τοίνυν
867 3387 1072 3493 ὑβρίζεσθαι
1097 3393 1258 3492 προσδο-

71 3509 236 3608 κήσαντες
255 3509 305 3591 τά
322 3509 469 3590 τοιαῦτά
487 3520 615 3618 φασιν,
634 3513 692 3592 ίνα
710 3516 847 3594 δοκοῖεν
864 3511 1024 3617 εὐλόγως
1047 3512 1292 3620 ἐπιφύεσθαις

69 3639 121 3713 καὶ
155 3638 369 3736 ἀγανακτεῖν
396 3639 454 3715 καὶ
483 3635 753 3740 ἀκατηγόρητον
780 3637 848 3738 ἤδη
879 3644 1061 3718 ποιεῖσθαι
1092 3637 1158 3738 τὴν
1185 3639 1260 3718 ἐπι·

29 3757 202 3858 ἐβουλῖγν
227 3758 296 3860 τὴν
319 3761 378 3840 ἐπὶ
404 3757 621 3862 Χριστοῦ,ἣ
649 3765 707 3841 καὶ
735 3763 880 3862 ἀληθῶς
909 3761 1049 3866 ἔχοντές
1076 3796 1111 3844 τι
1139 3762 1263 3866 πικρό-

71 3915 168 3983 τερον
195 3889 244 3967 εῖς
279 3891 374 3980 νοῦν,
407 3887 464 3962 καὶ
496 3884 743 3991 συκοφαντίας
775 3881 866 3970 εἶδος
899 3884 941 3966 τὸ
974 3887 1092 3971 αὐτοῖς
1124 3883 1263 3990 πρέπον
1373 3881 1377 3888 ’

72 4005 260 4092 ἀδίνοντες.
302 4004 423 4106 ἐπειδὴ
441 4004 512 4109 γάρ
530 4007 600 4114 ἔφη
617 4005 779 4112 Χριστός
799 4019 820 4057 “
835 4015 899 4092 Εἰς
915 4017 1026 4112 κρῖμα
1042 4007 1114 4112 ἐγὼ
1133 4015 1180 4092 εὶς
1199 4007 1262 4088 τὸν
1307 4019 1388 4084 Βῠςτε

74 4127 149 4174 “o
321 4138 338 4155 -ε
436 4127 452 4164 9
585 4131 603 4160 ιι
696 4137 704 4160 ι
771 4130 781 4158 ι
879 4133 890 4162 ν
1104 4133 1115 4162 ν
1240 4099 1413 4160 „veum

110 4163 244 4228 κοσμον
272 4165 403 4211 τουτον
430 4136 555 4230 ηλθον,
587 4167 643 4212 ινα
673 4165 707 4212 οι
735 4167 785 4233 μη
814 4139 1011 4228 βλεποντες
1039 4141 1241 4230 βλεπωσιν,

107 4385 130 4424 1.
145 4373 276 4440 φανότατα
288 4369 394 4428 correxi
406 4387 440 4424 a
452 4386 476 4424 n·
489 4371 627 4440 Φονόπατο
640 4369 692 4426 Ed.
805 4371 832 4427 8.
850 4375 886 4446 τῷ
898 4372 970 4442 μίσει
982 4389 997 4427 e
1010 4370 1070 4426 Cat.
1085 4371 1162 4426 Harl.
1174 4387 1264 4425 emen·

73 4461 139 4520 ἆπίῑ
150 4467 218 4523 λεὼ.
230 4457 336 4538 π’μάιι
351 4467 385 4522 Β.
398 4465 474 4522 unde
485 4469 516 4521 τό
529 4466 608 4536 ἦμίσυ
623 4465 714 4522 Holst.
870 4487 881 4524 1
905 4511 911 4526 .
930 4470 1005 4542 λέγοι
1018 4468 1051 4524 Β.
1063 4467 1136 4540 λέγει
1150 4466 1198 4522 Ht.
1212 4467 1264 4524 Ed.

75 4551 113 4586 αι.
128 4539 258 4608 W
271 4539 306 4595 Β.
319 4538 520 4610 συγγράμματα
532 4538 573 4590 καὶ
587 4537 635 4592 Ht.
650 4537 700 4592 Ed.
815 4555 856 4594 υ.
876 4540 1027 4611 υβρίζεσθαι
1041 4539 1099 4595 Ba.
1114 4539 1172 4594 ent.
1187 4539 1263 4595 Harl.

75 4605 218 4672 &desinon
232 4611 282 4668 Ht.
296 4609 351 4666 Ed.
466 4624 511 4674 ²⁴·
529 4608 569 4662 εοΙ
581 4607 731 4680 ἀγανακτεῖν
743 4621 880 4681 assumpta
892 4629 923 4666 ex
938 4612 996 4666 Βα.
