3274 5118
292 255 358 321 608
596 255 636 320 Β.
660 253 869 321 OYRILLI
899 255 1187 322 ALEXANDR.
1305 277 1361 321 xv.
1376 254 1499 336 26,27.

124 431 248 562 ffitss·
296 417 565 522 εἰσκομίᾷιντες,
610 427 689 504 πῶς
734 454 799 500 ουκ
847 416 1048 501 ἀκόλουθον
1083 424 1191 500 εἰπεῖν
1228 420 1396 522 “Μωροὶ
1433 419 1500 498 καὶ

237 534 244 548 ’
293 552 316 591 “
334 545 499 649 τυφλοὶ,”
527 547 579 644 πῆ
608 541 652 644 δὴ
679 543 793 625 πόλιν
821 541 932 628 ἰόντες
954 545 1051 642 ὑμεῖς
1079 545 1143 623 οῦκ
1170 542 1404 640 αἰσθάνεσθε,
1433 543 1499 621 καὶ

293 672 358 768 τῆς
389 675 454 749 τοῦ
483 673 714 769 Μονογενοῦς
745 669 1003 771 κατεπαίρεσθε
1031 667 1150 775 δόξης,
1178 670 1217 748 ἐκ
1244 671 1309 767 τῆς
1338 665 1499 766 ἐνούσης

260 793 376 890 ἀύμῖν
394 791 548 892 ἀμαθίας
566 791 712 878 ἀθλίους
729 791 953 894 συνείροντες
980 791 1182 894 λογισμούς
1198 823 1209 888 ;
1249 795 1279 870 εῖ
1300 788 1375 892 γάρ
1394 789 1498 873 ὅλως

293 923 444 1020 χορηγεῖ
466 913 508 996 τὸ
528 921 678 1012 Πνεῦμα
701 914 801 1018 παρὰ
821 923 886 995 τοῦ
915 913 1061 1018 Πατρός
1085 913 1221 1012 όΎὶῦς,
1248 917 1287 994 ἐν
1312 911 1527 1017 ύτιῃρεῦους

293 1038 389 1123 τινὸς
420 1038 520 1147 τάξει
551 1039 823 1142 λελογισμένος,
849 1045 927 1123 πιῦς
962 1040 1027 1120 οὐκ
1059 1042 1254 1141 ἀναγκαῖον
1285 1041 1495 1138 ὁμολογεῖν,

293 1165 341 1246 ὡς
359 1161 554 1266 ἀλλότριον
570 1162 636 1263 μεἰι
653 1164 734 1243 ἐστι
757 1169 943 1247 παντελῶς
969 1166 1034 1262 τῆς
1051 1163 1176 1247 οὐσίας
1198 1163 1317 1259 αὐτοῦ,
1335 1161 1434 1266 τάχα
1454 1159 1495 1239 δέ

292 1289 351 1367 καὶ
370 1287 513 1385 ἄμεινον
531 1287 639 1366 αύτοῦ
661 1289 720 1366 καὶ
739 1285 831 1366 κατὰ
848 1284 946 1366 πολῦ
969 1291 1138 1389 κρεῖττον,
1157 1282 1269 1388 άνπερ
1288 1285 1401 1368 οὕτως
1423 1285 1494 1388 ἔχη

293 1408 386 1488 κατά
404 1444 444 1512 γε
463 1409 528 1510 τὴν
545 1411 629 1513 παρ’
652 1411 731 1508 ύμῖν
749 1410 930 1510 ἀμαθίαν;
962 1416 993 1490 εἰ
1015 1407 1087 1512 γάρ
1104 1411 1169 1489 οῦκ
1192 1411 1229 1488 ἐκ
1255 1405 1319 1489 τοῦ
1339 1407 1493 1508 Πατρός

293 1532 527 1636 ἐκπορεύεται,
555 1531 749 1630 τουτείττιν,
777 1535 816 1612 ἐκ
843 1536 908 1632 τῆς
935 1533 1060 1616 οὐσίας
1088 1534 1208 1630 αὐτοῦ,
1237 1533 1257 1610 ὁ
1286 1529 1373 1616 Υἱός
1401 1531 1491 1610 καθ’
1509 1571 1545 1612 ιο

293 1658 394 1754 ὑμᾶς,
412 1662 489 1740 πῶς
519 1658 582 1736 οῦκ
609 1659 647 1736 ἐν
674 1659 838 1756 ἀμείνοσι
861 1659 966 1736 νοοῖτ’
993 1655 1038 1736 ἀν
1058 1653 1100 1736 τῦ
1120 1662 1270 1755 Πνεῦμα
1296 1653 1397 1756 παρά
1423 1652 1492 1733 τὸν

291 1777 403 1876 Υίόν;
434 1777 510 1859 εἶτα
536 1780 575 1859 τί
599 1785 728 1884 φαμεν,
749 1779 836 1860 ὅταν
854 1780 1065 1878 ἀκούσωμεν
1092 1779 1262 1881 λε’γοντας
1279 1782 1360 1882 περὶ
1379 1781 1492 1858 αὐτοῦ

124 1905 197 1986 Ῑῐίη
262 1901 346 1982 θὸτι
374 1913 396 1951 “
407 1903 563 1987 Ἐκεῖνος
590 1902 649 2002 ἐμέ
678 1903 837 2011 δοξάσει,
866 1903 921 1984 ότι
951 1905 990 1983 ἐκ
1019 1912 1084 1984 τοῦ
1112 1906 1199 2003 ἐμοῦ
1231 1902 1401 2011 λήψεται,
1430 1904 1491 1982 καὶ

123 1987 175 2021 m
189 1984 227 2032 14.
291 2037 313 2076 “
330 2028 527 2130 ἀναγγελεῖ
547 2029 664 2125 ύμῖν.”

348 2151 448 2255 Πρὸς
477 2151 516 2231 δέ
542 2158 616 2236 τοῖς
640 2151 832 2255 εἰρημένοις
856 2153 996 2231 κάκεῖνο
1025 2151 1156 2232 λοιπὸν
1185 2154 1233 2236 ὡς
1260 2151 1305 2259 ἐξ
1328 2147 1488 2252 ἀνάγκης
1506 2181 1540 2241 15

291 2275 513 2374 εῖσβήσεται.
545 2279 575 2352 εί
590 2273 662 2377 γὰρ
681 2275 878 2378 ὑπουργίαν
897 2274 1097 2374 διακονικὴν
1113 2277 1349 2378 ἀποπληροῦν
1367 2274 1487 2354 οἴεσθε

291 2394 355 2478 τόν
372 2397 473 2496 Υίὸν,
500 2396 543 2477 τὸ
571 2397 767 2500 ἀλλότριον
794 2399 890 2497 ἡμῖν,
918 2397 1094 2496 τουτέστι,
1112 2397 1155 2478 τὸ
1181 2397 1282 2501 παρά
1308 2407 1372 2478 τοῦ
1391 2403 1488 2478 Θεοῦ

292 2524 351 2602 καὶ
377 2519 524 2624 Πατρός
552 2521 820 2624 κεχορηγηκότα
841 2519 975 2623 Ἀγιον
1003 2519 1047 2602 ὃν
1075 2521 1167 2602 κατά
1194 2521 1309 2630 φύσιν
1328 2529 1488 2621 Πνεῦμα,

293 2648 335 2725 ού
363 2643 454 2725 κατὰ
472 2643 587 2751 φύσιν
606 2642 705 2747 ἅγιος
722 2645 743 2722 ό
761 2643 858 2744 Υἱὸς,
879 2643 972 2725 κατὰ
997 2646 1141 2753 μέθεξιν
1164 2645 1202 2726 δέ
1229 2645 1355 2749 ὥσπερ
1373 2647 1484 2746 ἡμεῖς.

294 2769 438 2871 λέγεται
453 2767 525 2872 γὰρ
539 2767 630 2849 κατὰ
643 2767 708 2869 τὴν
721 2775 794 2848 τῶν
808 2773 1002 2864 δυσσεβῶν
1014 2771 1181 2868 ἀμαθίαν,
1192 2769 1386 2873 ἀλλότριος
1400 2767 1488 2850 εἶναι
1504 2806 1541 2846 20

293 2898 357 2994 τῆς
379 2895 504 2978 οὐσίας
524 2901 588 2974 τοῦ
607 2890 763 2996 Πατρός,
781 2894 825 3000 ἐξ
849 2893 891 2993 ἧς
915 2896 974 2973 καὶ
991 2892 1133 2997 πρόεισι
1151 2893 1193 2972 τὸ
1214 2899 1363 2992 Πνεῦμα
1381 2892 1423 2974 τὸ
1443 2897 1486 2972 δι’

293 3020 402 3099 αὐτοῦ
429 3016 706 3124 χορηγούμενον.
746 3016 849 3096 ἐσται
873 3018 992 3098 τοίνυν
1020 3025 1093 3097 τῶν
1122 3017 1371 3122 ἐνδεχομένων,
1390 3017 1488 3121 ε’ίπερ

127 3165 184 3222 911
197 3163 238 3219 Α.
263 3145 357 3223 εοάκ
382 3143 472 3222 ἰ’διον
492 3151 556 3222 τοῦ
581 3147 671 3221 Υὶοῦ
696 3140 738 3221 τὸ
758 3139 908 3239 Πνεῦμά
935 3143 1046 3240 ἐστιν,
1068 3142 1154 3221 ἀλλ’
1183 3141 1390 3240 εἰσποιητὸν
1416 3140 1487 3246 ἔχει

292 3270 351 3346 καὶ
378 3264 485 3349 αὐτὸς
512 3265 576 3345 τὸν
604 3261 798 3366 ἁγιασμόν,
818 3261 978 3368 καθάπερ
1006 3265 1028 3364 ἡ
1054 3265 1182 3363 κτίσις,
1202 3269 1261 3345 καὶ
1289 3268 1488 3345 ἀποπεσεῖν

293 3391 474 3469 δύνασθαί
494 3421 583 3468 ποτε
606 3393 670 3488 τῆς
688 3387 838 3488 ἐνούσης
864 3385 1051 3491 ἁγιότητος
1077 3391 1183 3497 αύτῷ.
1220 3388 1263 3469 τὸ
1290 3388 1361 3492 γὰρ
1380 3392 1429 3474 ὡς
1450 3393 1487 3469 ἐν
1501 3425 1535 3485 ²5

292 3512 393 3618 τάξει
420 3511 631 3615 προσθήκης
658 3511 853 3610 ἐπικτηθὲν,
877 3519 954 3596 πῶς
982 3514 1046 3592 ούκ
1073 3509 1119 3592 ἀν
1146 3513 1366 3615 ἀπογένοιτο,
1396 3515 1488 3593 κατά

293 3670 335 3738 γε
362 3635 427 3715 τὸν
442 3643 507 3714 τοῦ
534 3638 778 3740 ἐγχειροῦντος
806 3633 919 3737 λόγον
937 3669 947 3734 ;
979 3633 1054 3717 εἶτα
1071 3637 1125 3722 τίς
1143 3635 1405 3717 τῶντοιούτων
1423 3639 1486 3716 οῦκ

292 3763 547 3863 ἀποδρομεῖται
572 3757 786 3859 δογμάτων,
819 3759 1116 3864 πρεπωδέστερον
1134 3759 1172 3840 δέ
1190 3757 1288 3861 οἶμαι
1309 3758 1351 3840 τὸ
1374 3762 1485 3845 οῦτως

291 3887 410 3964 εῖπεῖν.

349 4008 447 4106 Φίλη
467 4013 656 4110 τοιγαροῦν
674 4006 758 4106 ἡμῖν
777 4006 798 4107 ἡ
824 4005 988 4107 ἀλήθεια,
1011 4009 1068 4086 καὶ
1093 4005 1139 4086 τά
1163 4008 1202 4086 ἐκ
1225 4011 1289 4106 τῆς
1317 4009 1485 4108 ἀληθείας
1499 4040 1535 4098 30

292 4128 466 4233 δόγματα,
485 4131 543 4209 καὶ
560 4131 678 4213 αὐτοῖς
701 4131 842 4214 ἐκείνοις
867 4130 963 4231 ἡμεῖς
989 4132 1056 4235 οῦχ
1081 4128 1255 4236 ἑψόμεθα,
1273 4129 1340 4231 τὴν
1358 4131 1397 4212 δέ
1414 4138 1486 4211 τῶν

324 4433 351 4490 5.
369 4423 416 4476 τοῦ
427 4429 598 4492 assumptum
610 4439 642 4478 ex
656 4441 682 4496 q.
694 4424 793 4481 Vecoo.
974 4437 1015 4478 ιι.
1034 4421 1109 4478 νοοῑτ“
1124 4423 1156 4479 Ε.
1169 4441 1196 4496 q.
1209 4421 1322 4478 Veocuo.
1335 4425 1420 4479 νοοῖτο
1434 4423 1481 4479 Ed.

291 4506 333 4546 το.
353 4491 381 4545 δέ
393 4509 443 4563 pro
453 4493 505 4563 γὰρ
517 4510 544 4564 q.
