3248 5112
112 379 216 426 και.
306 363 366 430 ΙΝ
395 363 429 431 S.
452 364 711 435 JOANNEM.
755 367 855 436 ΙιΙΒ.
876 369 918 436 X.
964 369 1068 435 CAP.
1091 367 1140 433 II.
1256 364 1319 428 585

117 533 145 572 “
163 523 278 628 ἅγιον,
312 533 360 614 εῖς
396 531 666 638 κατοικητήριον
696 541 760 614 τοῦ
793 538 889 614 Θεοῦ
924 533 962 613 ἐν
992 529 1207 632 meduan?
1239 527 1321 608 καθ’
1335 521 1474 644 δξξλλλλ·

117 647 244 753 ἕτερον
266 651 309 732 δέ
330 687 411 734 τινα
436 652 572 760 τρόπον
596 659 859 755 οἰκοδομεῖσθαι
886 655 977 761 πρὸς
1004 663 1110 738 τοῦτο
1137 651 1187 754 μῆ
1215 649 1323 732 δυνά-

118 807 233 873 μενοι,
252 781 281 856 εί
300 775 351 877 μή
370 778 517 882 γέγονεν
535 781 619 880 ἡμῖν
638 779 801 880 θεμέλιος
819 781 839 860 ὁ
858 777 1030 884 Χριστός·
1061 781 1153 860 οῦτοι
1172 772 1325 858 κάνθάδε

119 895 217 977 κατά
246 897 313 1000 τὴν
344 902 430 1004 ἴσην
462 911 525 984 τοῦ
557 903 734 1006 νοήματος
763 904 971 1006 ἀναλογίαν,
1004 904 1168 1003 ἄμπελον
1200 897 1326 981 ἑαυτὸν

71 1035 101 1098 5
120 1016 217 1101 εἶναί
236 1029 331 1131 φησι
353 1033 427 1106 τοῖν
443 1027 487 1134 ἐξ
509 1029 618 1128 αὐτῆς
643 1024 838 1130 κλημάτων
857 1030 905 1112 ὡς
930 1027 1066 1131 μητέρα
1090 1029 1148 1106 καὶ
1173 1020 1323 1129 τροφόν.

120 1145 406 1249 ἀνεγεννήθημεν
431 1149 504 1254 γάρ
531 1152 576 1259 ἐξ
599 1153 708 1234 αὐτοῦ
733 1185 771 1233 τε
797 1154 856 1232 καὶ
885 1153 923 1232 ἐν
950 1151 1047 1259 αὐτῷ
1075 1153 1113 1230 ἐν
1142 1147 1351 1245 Πνεῦματι·

120 1265 216 1371 πρὸς
233 1275 482 1380 καρποφορίαν
501 1274 600 1378 ζωῆς,
616 1277 695 1380 οῦχὶ
713 1279 777 1376 τῆς
795 1276 946 1380 ἀρχαίας
966 1275 1024 1354 καὶ
1042 1277 1212 1368 παλαιᾶς,
1226 1269 1327 1350 ἀλλὰ
1386 1285 1394 1302 ’

121 1395 190 1490 τῆς
224 1396 263 1474 ἐν
295 1395 474 1498 καινότητι
504 1399 661 1483 πίστεώς
692 1433 732 1479 τε
764 1402 824 1480 καὶ
855 1395 1000 1500 ἀγάπης
1028 1401 1092 1497 τῆς
1124 1402 1172 1480 είς
1201 1391 1322 1474 αὐτόν.

2 1522 10 1581 ³:
123 1517 386 1622 διατηρούμεθοι
422 1521 460 1602 δέ
496 1519 588 1625 πρὸς
618 1519 661 1602 τὸ
695 1521 788 1627 ἐχειν
820 1520 864 1602 τὸ
898 1517 995 1619 εἶναι,
1027 1516 1326 1626 προσπεφυκότες

1 1695 2 1701 1
53 1669 108 1710 10
124 1639 251 1746 ὥσπερ
287 1645 384 1752 αὐτῷ
420 1649 480 1725 καὶ
512 1645 627 1752 ἀπρὶξ
656 1643 817 1752 ἐχόμενοι
848 1649 912 1745 τῆς
944 1643 1208 1750 παραδοθείσης
1240 1643 1355 1742 ἡμῖνο

126 1763 233 1866 ἁγίας
262 1767 410 1868 ἐντολῆς
442 1771 500 1849 καὶ
532 1767 590 1849 διά
620 1777 685 1850 τοῦ
718 1768 846 1873 σώζειν
878 1769 1084 1870 ἐπείγεσθαι
1115 1766 1158 1847 τὸ
1189 1768 1229 1847 ἐκ
1260 1769 1325 1864 τῆς

126 1889 298 1991 εὐγενείας
329 1890 477 1994 ἀγαθὸν,
504 1892 678 1990 τουτεῖττι,
706 1892 765 1973 διὰ
801 1901 864 1972 τοῦ
901 1891 951 1992 μῆ
981 1891 1172 1997 ἀνέχεσθαι
1201 1896 1326 1971 λνιτεῖν

126 2011 271 2094 κατότι
288 2022 377 2116 γοῦν
395 2015 490 2100 ὅλως
515 2015 558 2096 τὸ
581 2015 777 2096 ἐνοικισθέν
795 2016 880 2114 ἡμῖν
889 2013 1023 2118 Ἀγιον
1042 2021 1201 2114 Πνεῦμα,
1220 2014 1263 2093 δι’
1283 2011 1326 2092 οῦ

126 2145 301 2218 κατοικεῖν
331 2140 370 2218 ἐν
402 2139 486 2239 ἡμῖν
515 2145 645 2220 νοεῖται
677 2137 783 2224 Θεός.
840 2137 933 2218 κοτά
968 2138 1047 2218 τίνα
1083 2136 1155 2242 γάρ
1190 2135 1326 2239 τρόπον

1 2339 6 2377 :
61 2280 111 2342 ι5
127 2258 239 2357 ἐσμέν
263 2264 300 2342 ἐν
324 2268 477 2372 Χριστῷ
509 2267 567 2343 καὶ
595 2261 701 2347 αὐτὸς
728 2264 766 2344 ἐν
793 2262 887 2362 ῆμῖν,
911 2260 1017 2346 αὐτὸς
1044 2261 1129 2361 ἡμῖν
1157 2262 1178 2342 δ
1205 2258 1325 2366 σοφὸς

4 2458 13 2470 .
125 2381 295 2486 Ἰωάννης
313 2388 477 2494 ἐπιδείξει
499 2386 617 2490 λέγων
635 2387 737 2466 “Ἐν
753 2385 869 2494 τούτῳ
892 2385 1117 2488 γινώσκομεν
1134 2384 1190 2465 δτι
1214 2382 1325 2483 ε’σμέν
1368 2386 1493 2520 ἱλὲξῖθ·

128 2515 151 2555 “
168 2509 206 2586 ἐν
228 2510 324 2616 αὐτῷ
351 2514 410 2590 καὶ
437 2511 542 2596 αὐτὸς
569 2514 608 2591 ἐν
631 2511 727 2611 ἡμῖν,
749 2512 788 2591 ἐκ
812 2519 876 2591 τοῦ
896 2510 1105 2611 Πνεόματος
1129 2510 1171 2590 οῦ
1196 2510 1325 2590 ἐδιοκεν

127 2641 152 2680 “
170 2631 286 2731 ῆμῖν,”
314 2638 374 2715 καὶ
405 2633 517 2716 πόλιν
545 2646 567 2684 “
585 2637 651 2716 Ἐν
678 2633 792 2744 τούτῳ
823 2634 1050 2738 γινώσκομεν
1078 2634 1133 2716 ὅτι
1164 2637 1202 2716 ἐν
1229 2635 1354 2740 αῦτῴε
1375 2651 1494 2708 Bm·

128 2765 152 2804 “
168 2758 291 2856 ἐσμεν·
334 2760 355 2839 ὁ
390 2758 507 2862 λε’γιον
538 2763 577 2839 ἐν
608 2761 704 2868 αῦτῷ
735 2760 850 2859 με’νειν
881 2761 1019 2867 ὀφείλει
1050 2759 1167 2844 καθὼς
1199 2761 1327 2844 ἐκεῖνος
1370 2727 1492 2856 &ff

66 2909 115 2951 20
129 2891 152 2929 “
169 2881 409 2986 περιεπάτησε
441 2885 499 2963 καὶ
530 2883 635 2968 αὐτὸς
666 2884 901 2986 περιπατεῖν·”
943 2881 964 2964 δ
998 2887 1056 2964 καὶ
1085 2892 1159 2970 τοῖς
1191 2887 1327 2988 ἀκροω-

127 3004 247 3105 μένοις
275 3007 505 3114 σαφέοτερον
529 3006 704 3092 καθιστὰς
730 3009 824 3086 οὕτω
852 3009 947 3114 φησὶ
975 3007 1088 3088 πάλιν
1106 3009 1190 3086 “Ὀ
1208 3013 1328 3110 τηρεῖν
1371 3007 1458 3136 ξίθλ

129 3139 153 3177 “
171 3128 237 3213 τάς
260 3127 409 3214 ἐντολάς
434 3130 543 3210 αὐτοῦ
567 3131 604 3208 ἐν
627 3130 722 3236 αὐτῷ
745 3129 850 3227 με’νει,
868 3133 926 3209 καὶ
952 3127 1059 3214 αὐτὸς
1082 3131 1121 3208 ἐν
1135 3131 1266 3237 ἀι’ντῷ.”
1296 3134 1327 3208 εί
1352 3121 1357 3132 ’

129 3252 203 3357 γὰρ
229 3255 253 3354 ἡ
280 3251 431 3355 τήρησις
457 3259 530 3332 τιῦν
558 3255 716 3333 ἐντολῶν
743 3253 809 3353 τῆν
836 3259 885 3337 είς
911 3253 1021 3332 αὑτὸν
1045 3251 1191 3354 ἀγάπην
1214 3251 1324 3356 ἐργά-

130 3379 234 3483 ζετοι,
253 3379 469 3477 κολλώμεθα
488 3375 526 3457 δέ
548 3375 606 3457 διά
629 3381 693 3476 τῆς
717 3376 860 3478 ἀγάπης
883 3378 989 3484 αὐτῷ,
1007 3383 1086 3461 πῶς
1107 3377 1171 3457 οῦκ
1195 3375 1328 3477 ἀληθές

73 3525 116 3588 ²5
131 3505 169 3584 ἐν
195 3501 333 3586 τούτοις
363 3502 526 3606 φαίνεται
552 3499 595 3582 τὸ
624 3500 827 3602 εἰρημένον,
867 3499 976 3604 ὅνπερ
1003 3499 1076 3602 γάρ
1102 3498 1238 3604 τρόπον
1263 3504 1328 3600 τῆς

130 3626 296 3726 ἀμπέλου
319 3624 362 3705 τὸ
383 3625 541 3729 πρέμνον
557 3629 621 3724 τῆς
646 3626 736 3709 ἰδίας
760 3627 818 3704 καὶ
843 3623 993 3724 ἐνούσης
1018 3625 1114 3733 αὐτῷ
1139 3622 1327 3724 ποιότητος

131 3754 290 3858 φυσικῆς
320 3753 476 3830 διακονεῖ
503 3783 542 3830 τε
571 3751 629 3830 καὶ
658 3748 811 3848 διονέμει
840 3754 914 3833 τοῖς
943 3746 1107 3848 κλήμασι
1139 3747 1205 3848 τῆν
1232 3747 1360 3832 ἀπό-Ι)

129 3885 273 3971 λανσιν,
302 3876 414 3958 οὕτως
441 3875 462 3953 ὁ
491 3871 702 3976 Μονογενῆς
731 3881 795 3952 τοῦ
824 3877 921 3952 Θεοῦ
948 3871 1077 3974 Λόγος,
1105 3877 1169 3973 τῆς
1196 3907 1235 3954 τε
1263 3881 1327 3954 τοῦ

131 4003 227 4079 Θεοῦ
246 4000 305 4078 καὶ
324 3995 470 4099 [Iambe
494 3999 553 4076 καὶ
578 4000 642 4094 τῆς
666 3996 791 4076 ἐαντοῦ
814 3993 960 4102 φύσεως
982 3995 1048 4094 τῆν
1065 3999 1168 4076 οἱονεὶ
1187 3997 1324 4098 συγγέ-

77 4157 118 4215 30
132 4155 227 4203 νειαν
253 4129 327 4205 τοῖς
355 4119 468 4222 ἁγίοις
494 4120 654 4218 ἐντίθησι
683 4117 725 4200 τῦ
758 4125 906 4217 Πνεῦμα
938 4117 1070 4216 διδοῦς,
1101 4116 1162 4200 ἀτε
1192 4117 1236 4219 δή
1269 4124 1328 4200 καὶ

132 4250 383 4328 σννενιοθεῖσιν
414 4245 511 4350 αὐτῷ
544 4241 602 4324 διά
634 4277 673 4324 τε
705 4246 769 4342 τῆς
800 4243 958 4328 πίστεως
989 4245 1047 4322 καὶ
1077 4245 1141 4342 τῆς
1173 4243 1328 4324 είσιίπαν

167 4457 194 4514 6.
214 4457 241 4513 ἐν
252 4457 360 4530 οδτῷτε
373 4455 414 4510 καὶ
428 4455 458 4526 ἐξ
470 4457 549 4510 αι’ποῦ
560 4455 667 4511 inverso
679 4454 773 4512 ordine
786 4453 857 4510 Cau.
1034 4471 1074 4510 ιο.
1094 4455 1245 4527 οογγινείος
1258 4454 1329 4510 Catt.

137 4549 177 4656 13.
197 4525 441 4655 agouffl-kgv
453 4526 504 4652 ᾗ.
517 4525 601 4582 invito
614 4525 646 4582 E.
907 4523 949 4580 16.
968 4525 1090 4596 ἐπιδείξει
1104 4525 1136 4582 E.
1149 4523 1263 4596 ἐπιδείξῃ
1277 4525 1330 4583 Ed.

137 4617 216 4657 ι.π
251 4621 276 4654 ιν
314 4637 320 4653 .
345 4619 385 4668 μπ
421 4619 445 4652 ιν
502 4635 510 4652 .
