3238 5114
542 1235 783 1311 ΚΕΦΑΛΗ
828 1235 894 1311 ΙΑ.

108 1522 184 1587 Ὀτι
214 1529 346 1606 φυσικῶς
374 1525 391 1588 ὅ
419 1523 490 1594 ’Υἱὸς
521 1526 555 1591 ἔν
584 1528 649 1591 ἐστι
677 1526 751 1609 πρὸς
779 1527 832 1592 τὸν
861 1530 966 1592 ἑαυτοῦ
995 1527 1115 1610 Πατέρα
1145 1529 1236 1607 Θεὸν,
1266 1531 1315 1594 καὶ

203 1642 291 1712 αὐτὸς
312 1645 368 1725 μὲν
390 1646 424 1710 ἐν
445 1647 551 1728 Πατρὶ,
573 1648 590 1710 ὁ
612 1646 717 1728 Πατὴρ
739 1648 772 1712 δὲ
795 1647 829 1712 ἐν
851 1647 939 1734 αὐτῷ,
963 1647 1036 1712 κατά
1058 1674 1095 1730 γε
1116 1649 1168 1714 τὸν
1189 1649 1316 1730 οὗσιῶδπ

202 1767 254 1844 τῆς
284 1765 422 1843 ἑνότητος
450 1767 618 1846 σύνδεσμόν
647 1792 680 1832 τε
709 1767 758 1832 καὶ
787 1769 907 1850 τρόπον·
946 1771 1051 1849 ὁμοίως
1083 1771 1116 1834 δὲ
1151 1769 1199 1832 καὶ
1233 1771 1317 1849 ἡμεῖς

76 1895 99 1957 5
202 1883 285 1949 αὐτοὶ
306 1885 361 1965 τὴν
383 1888 425 1952 εἰς
448 1885 537 1950 αὐτὸν
558 1885 794 1968 παραδεξάμενοι
816 1889 927 1964 πίστιν,
951 1889 985 1953 ἓν
1006 1891 1080 1970 πρός
1105 1913 1138 1952 τε
1165 1887 1345 1968 ἆλλήλονςθ

202 2005 250 2070 καὶ
273 2003 356 2071 Θεὸν
378 2007 618 2086 ἆναδεικνύμεθα,
642 2013 812 2088 σωματικῶς
832 2033 865 2074 τε
887 2009 936 2073 καὶ
958 2013 1169 2088 πνευματικῶς.

116 2257 164 2324 Οὐ
183 2255 255 2348 περὶ
273 2260 399 2326 τούτων
418 2258 454 2325 δὲ
472 2258 591 2349 ὲρωτῶ
608 2261 720 2340 μόνον,
738 2258 822 2324 ἀλλὰ
844 2258 897 2324 καὶ
915 2259 990 2348 περὶ
1008 2259 1074 2326 τῶν
1093 2260 1314 2326 πιστευόντων
1330 2292 1368 2333 20

168 2383 220 2450 διὰ
248 2389 305 2449 τοῦ
333 2385 429 2459 λότου
456 2385 565 2450 αὐτῶν
590 2381 637 2450 εἶα
664 2381 733 2466 ἐμὲ,
757 2385 810 2449 ἵνα
837 2385 956 2451 πάντες
982 2387 1018 2452 ἓν
1043 2381 1115 2465 ὦσι,
1140 2385 1248 2450 καθὼς
1276 2386 1313 2454 σὺ
1330 2400 1364 2441 21

167 2509 277 2600 Πάτερ
304 2511 339 2576 ὲν
366 2509 440 2588 ἐμοὶ
468 2511 557 2586 κάτώ
584 2511 619 2576 ὲν
647 2509 707 2590 σοὶ,
726 2509 779 2576 ἵνα
807 2511 861 2575 καί
888 2510 981 2575 αὐτοὶ
1004 2510 1040 2576 ὲν
1066 2507 1140 2588 ἡμῖν
1163 2511 1198 2576 ἓν
1224 2507 1314 2593 ὦσιν,

57 2663 101 2706 10
165 2636 219 2702 ἵνα
246 2639 265 2704 ὁ
292 2639 413 2716 κόσμος
439 2639 595 2728 πιστεύσῃ
621 2639 671 2704 ὅτι
700 2637 737 2703 σύ
763 2659 802 2713 με
829 2635 1038 2703 ἀπέστειλας.

143 2861 406 2942 '’AHAPXH
430 2860 496 2960 μὲν
513 2859 638 2965 ὥσπερ
663 2869 736 2942 τῶν
757 2861 1036 2965 ἀνακτιζομνων
1054 2866 1102 2945 εἷς
1127 2860 1351 2962 καινότηταᾱ

116 2981 205 3086 ζωῆς
223 2983 381 3092 πέφηνεν
399 2987 420 3064 ὁ
439 2985 601 3090 Χριστὸς
619 2989 676 3066 καὶ
693 2992 836 3089 πρῶτος
859 2983 965 3069 αὐτὸς
990 2982 1151 3087 οὐράνιος
1175 2983 1314 3086 ἅνθρω-

116 3139 197 3192 πος.
248 3107 340 3190 κατὰ
366 3109 439 3211 γάρ
466 3143 521 3190 τοι
548 3107 615 3210 τὴν
642 3118 707 3191 τοῦ
735 3107 889 3191 Παύλου
917 3107 1051 3216 φωνὴν,
1071 3109 1128 3188 “ὃ
1155 3105 1316 3209 δεύτερος
1360 3123 1442 3237 {vcor-

117 3239 139 3280 “
157 3230 277 3330 Ἀδὰμ
295 3234 315 3312 ὁ
337 3235 469 3336 Κύριος
486 3233 531 3341 ἐξ
546 3233 733 3337 οὐρανοῦ·”
765 3232 823 3316 διὰ
846 3241 952 3314 τοῦτο
971 3235 1028 3316 καὶ
1047 3231 1186 3338 ἔφασκε
1204 3241 1226 3278 “
1242 3233 1314 3311 Καὶ
1360 3199 1453 3334 §pbss'

65 3387 104 3448 15
118 3364 140 3406 “
158 3357 269 3440 οὐδεὶς
287 3357 510 3458 ἀναβέβηκεν
528 3363 576 3441 εἷς
593 3357 658 3439 τὸν
676 3358 836 3462 οὐρανὸν,
855 3363 885 3438 εἰ
902 3356 953 3458 μὴ
972 3360 992 3438 ὁ
1013 3360 1052 3437 ἐκ
1076 3365 1139 3438 τοῦ
1164 3357 1315 3460 οὐρανοῦ
1359 3333 1448 3384 m.13.

117 3490 139 3528 “
157 3479 328 3580 καταβὰς,
348 3481 368 3561 ὁ
386 3478 475 3565 Υἱὸς
492 3488 557 3561 τοῦ
574 3482 799 3585 ἀνθρώπου.”
828 3487 1019 3586 προσεχῶς
1037 3479 1075 3561 δὲ
1093 3486 1138 3586 τῇ
1155 3481 1313 3584 ἀπαρχῇ,

116 3607 175 3684 καὶ
193 3603 291 3685 πολὺ
308 3610 454 3704 μᾶλλον
472 3611 545 3686 τῶν
562 3606 690 3710 ἑτέρων
706 3606 860 3707 γείτονες
882 3611 916 3686 οἱ
937 3611 1071 3709 πρῶτον
1091 3599 1181 3707 πρδς
1199 3608 1316 3704 μαθη·

116 3726 214 3808 τείαν
231 3727 479 3835 ἐξειλεγμένοι,
493 3731 551 3809 καὶ
570 3725 612 3809 τὸ
630 3733 693 3829 τῆς
712 3727 987 3829 ἀκολουθήσεως
1003 3725 1144 3812 ἑλόντες
1163 3726 1315 3834 ἀξίωμα,

116 3851 151 3934 οἳ
169 3855 227 3932 καὶ
244 3849 418 3934 αὐτόπται
439 3855 497 3934 καὶ
515 3855 641 3956 θεωροὶ
660 3851 834 3956 γεγόνασι
853 3857 916 3952 τῆς
934 3853 1043 3958 δόξης
1060 3852 1179 3948 αὐτοῦ,
1197 3882 1345 3954 προσ-ο

65 4017 103 4060 κο
116 3976 314 4081 εδρεύυντές
340 4011 378 4058 τε
403 3979 456 4057 ἀεὶ
481 3979 540 4056 καὶ
565 3977 856 4078 συνδιαιτώμενοι
881 3979 938 4056 καὶ
964 3974 1026 4059 τὰς
1051 3977 1114 4073 τῆς
1140 3972 1314 4078 ὠφελείας

115 4099 281 4206 ἀπαρχὰς
308 4103 346 4181 ἐν
370 4100 510 4184 οἰκείαις
537 4104 673 4206 ψυχαῖς
700 4099 986 4203 συγκομίζοντες.
1034 4095 1130 4198 ἦσαν
1156 4096 1219 4176 οὖν
1243 4093 1315 4196 ἄρα

115 4225 177 4305 καί
191 4231 262 4304 εἱσι
279 4221 369 4324 μετὰ
391 4223 457 4324 τὴν
475 4229 548 4304 τῶν
567 4223 664 4303 ὅλων
681 4227 740 4305 καὶ
766 4223 854 4327 ὑπὲρ
878 4223 1015 4306 πάντας
1033 4233 1054 4270 “
1068 4217 1232 4326 κεφαλὴν
1249 4226 1314 4298 τοῦ
1359 4251 1478 4303 Come.

116 4359 137 4396 “
155 4351 219 4448 τῆς
246 4348 441 4449 ἐκκλησίας
464 4347 666 4448 σώματος,”
695 4345 741 4428 τὰ
769 4346 868 4447 τίμιαί
895 4381 933 4428 τε
961 4348 1018 4426 καὶ
1047 4343 1314 4452 ἀξιολογώτερα
