<?xml version="1.0" encoding="UTF-8"?>
<!DOCTYPE html PUBLIC "-//W3C//DTD XHTML 1.0 Transitional//EN"
    "http://www.w3.org/TR/xhtml1/DTD/xhtml1-transitional.dtd">
<html xmlns="http://www.w3.org/1999/xhtml" xml:lang="en" lang="en">
 <head>
  <title>
</title>
<meta http-equiv="Content-Type" content="text/html;charset=utf-8" />
  <meta name='ocr-system' content='tesseract 3.04.00' />
  <meta name='ocr-capabilities' content='ocr_page ocr_carea ocr_par ocr_line ocrx_word'/>
</head>
<body>
  <div class='ocr_page' id='page_1' title='image "./sanctipatrisnos02pusegoog_0745.png"; bbox 0 0 3238 5114; ppageno 0'>
   <div class='ocr_carea' id='block_1_1' title="bbox 101 281 1301 418">
    <p class='ocr_par' dir='ltr' id='par_1_1' title="bbox 101 281 1301 418">
     <span class='ocr_line' id='line_1_1' title="bbox 101 281 1301 418; baseline 0.008 -23"><span class='ocrx_word' id='word_1_1' title='bbox 101 330 181 396; x_wconf 81' lang='lat' dir='ltr'><strong>xvii.</strong></span> <span class='ocrx_word' id='word_1_2' title='bbox 196 352 245 418; x_wconf 87' lang='lat'>13.</span> <span class='ocrx_word' id='word_1_3' title='bbox 293 331 349 397; x_wconf 94' lang='lat' dir='ltr'>IN</span> <span class='ocrx_word' id='word_1_4' title='bbox 376 332 410 398; x_wconf 83' lang='lat' dir='ltr'>S.</span> <span class='ocrx_word' id='word_1_5' title='bbox 433 331 686 398; x_wconf 80' lang='lat' dir='ltr'><strong>JOANNEM.</strong></span> <span class='ocrx_word' id='word_1_6' title='bbox 732 332 913 400; x_wconf 80' lang='lat' dir='ltr'>111B.X1.</span> <span class='ocrx_word' id='word_1_7' title='bbox 959 334 1061 400; x_wconf 82' lang='lat' dir='ltr'>cAP.</span> <span class='ocrx_word' id='word_1_8' title='bbox 1085 335 1145 399; x_wconf 92' lang='lat' dir='ltr'>IX.</span> <span class='ocrx_word' id='word_1_9' title='bbox 1239 281 1301 405; x_wconf 74' lang='lat'>767</span> 
     </span>
    </p>
   </div>
   <div class='ocr_carea' id='block_1_2' title="bbox 43 495 1439 4435">
    <p class='ocr_par' dir='ltr' id='par_1_2' title="bbox 43 495 1439 4435">
     <span class='ocr_line' id='line_1_2' title="bbox 102 495 1302 605; baseline 0.003 -28"><span class='ocrx_word' id='word_1_10' title='bbox 102 495 223 596; x_wconf 95' lang='grc' dir='ltr'>μένοις</span> <span class='ocrx_word' id='word_1_11' title='bbox 247 499 425 604; x_wconf 77' lang='grc' dir='ltr'>ἐνέργειαν</span> <span class='ocrx_word' id='word_1_12' title='bbox 443 506 587 602; x_wconf 76' lang='grc' dir='ltr'>μᾶλλον</span> <span class='ocrx_word' id='word_1_13' title='bbox 607 499 654 580; x_wconf 81' lang='grc' dir='ltr'>θιν</span> <span class='ocrx_word' id='word_1_14' title='bbox 669 498 798 605; x_wconf 82' lang='grc' dir='ltr'>πρέποι</span> <span class='ocrx_word' id='word_1_15' title='bbox 820 505 866 605; x_wconf 84' lang='grc' dir='ltr'>τῇ</span> <span class='ocrx_word' id='word_1_16' title='bbox 893 503 957 600; x_wconf 87' lang='grc' dir='ltr'>τῆς</span> <span class='ocrx_word' id='word_1_17' title='bbox 983 498 1148 600; x_wconf 77' lang='grc' dir='ltr'>θεότητος</span> <span class='ocrx_word' id='word_1_18' title='bbox 1173 502 1302 581; x_wconf 57' lang='grc' dir='ltr'>ἀπονει</span> 
     </span>
     <span class='ocr_line' id='line_1_3' title="bbox 103 621 1303 731; baseline 0.001 -29"><span class='ocrx_word' id='word_1_19' title='bbox 103 627 251 722; x_wconf 82' lang='grc' dir='ltr'>μεῖσθαι</span> <span class='ocrx_word' id='word_1_20' title='bbox 278 623 379 731; x_wconf 71' lang='grc' dir='ltr'>δόξῃ.</span> <span class='ocrx_word' id='word_1_21' title='bbox 414 621 576 728; x_wconf 80' lang='grc' dir='ltr'>ἡγιάζετο</span> <span class='ocrx_word' id='word_1_22' title='bbox 600 621 673 728; x_wconf 74' lang='grc' dir='ltr'>γ’ἀρ</span> <span class='ocrx_word' id='word_1_23' title='bbox 691 627 750 704; x_wconf 81' lang='grc' dir='ltr'>καὶ</span> <span class='ocrx_word' id='word_1_24' title='bbox 771 623 857 704; x_wconf 79' lang='grc' dir='ltr'>αὐτὸ</span> <span class='ocrx_word' id='word_1_25' title='bbox 880 623 923 705; x_wconf 86' lang='grc' dir='ltr'>τὸ</span> <span class='ocrx_word' id='word_1_26' title='bbox 948 632 1013 705; x_wconf 83' lang='grc' dir='ltr'>τοῦ</span> <span class='ocrx_word' id='word_1_27' title='bbox 1036 625 1170 729; x_wconf 83' lang='grc' dir='ltr'>Κυρίου</span> <span class='ocrx_word' id='word_1_28' title='bbox 1192 631 1303 724; x_wconf 81' lang='grc' dir='ltr'>σῶμα</span> 
     </span>
     <span class='ocr_line' id='line_1_4' title="bbox 103 743 1304 852; baseline 0.005 -26"><span class='ocrx_word' id='word_1_29' title='bbox 103 751 153 851; x_wconf 76' lang='grc' dir='ltr'>τῇ</span> <span class='ocrx_word' id='word_1_30' title='bbox 189 751 253 827; x_wconf 81' lang='grc' dir='ltr'>τοῦ</span> <span class='ocrx_word' id='word_1_31' title='bbox 282 746 471 832; x_wconf 80' lang='grc' dir='ltr'>ἑνωθέντος</span> <span class='ocrx_word' id='word_1_32' title='bbox 503 744 627 850; x_wconf 92' lang='grc' dir='ltr'>Λόγου</span> <span class='ocrx_word' id='word_1_33' title='bbox 658 745 813 848; x_wconf 84' lang='grc' dir='ltr'>δυνάμει,</span> <span class='ocrx_word' id='word_1_34' title='bbox 844 747 989 852; x_wconf 81' lang='grc' dir='ltr'>ἐνεργὸν</span> <span class='ocrx_word' id='word_1_35' title='bbox 1020 746 1059 828; x_wconf 80' lang='grc' dir='ltr'>δὲ</span> <span class='ocrx_word' id='word_1_36' title='bbox 1090 749 1183 828; x_wconf 80' lang='grc' dir='ltr'>οὕτω</span> <span class='ocrx_word' id='word_1_37' title='bbox 1212 743 1304 851; x_wconf 81' lang='grc' dir='ltr'>πρὸς</span> 
     </span>
     <span class='ocr_line' id='line_1_5' title="bbox 105 869 1304 973; baseline 0 -23"><span class='ocrx_word' id='word_1_38' title='bbox 105 871 276 973; x_wconf 84' lang='grc' dir='ltr'>εὐλογίαν</span> <span class='ocrx_word' id='word_1_39' title='bbox 302 871 387 972; x_wconf 82' lang='grc' dir='ltr'>ἡμῖν</span> <span class='ocrx_word' id='word_1_40' title='bbox 413 873 636 952; x_wconf 73' lang='grc' dir='ltr'>ἀποτελεῖται</span> <span class='ocrx_word' id='word_1_41' title='bbox 662 870 729 972; x_wconf 85' lang='grc' dir='ltr'>τῆν</span> <span class='ocrx_word' id='word_1_42' title='bbox 755 869 943 972; x_wconf 77' lang='grc' dir='ltr'>μυστικὴν,</span> <span class='ocrx_word' id='word_1_43' title='bbox 966 873 1015 957; x_wconf 84' lang='grc' dir='ltr'>ὡς</span> <span class='ocrx_word' id='word_1_44' title='bbox 1042 873 1101 953; x_wconf 81' lang='grc' dir='ltr'>καὶ</span> <span class='ocrx_word' id='word_1_45' title='bbox 1128 871 1304 953; x_wconf 90' lang='grc' dir='ltr'>δύνασθαι</span> 
     </span>
     <span class='ocr_line' id='line_1_6' title="bbox 65 992 1304 1101; baseline 0.004 -28"><span class='ocrx_word' id='word_1_46' title='bbox 65 992 172 1087; x_wconf 59' lang='grc' dir='ltr'>θεὸν</span> <span class='ocrx_word' id='word_1_47' title='bbox 199 994 288 1074; x_wconf 80' lang='grc' dir='ltr'>ἴδιον</span> <span class='ocrx_word' id='word_1_48' title='bbox 314 995 406 1095; x_wconf 77' lang='grc' dir='ltr'>ἡμῖν·</span> <span class='ocrx_word' id='word_1_49' title='bbox 425 993 634 1101; x_wconf 80' lang='grc' dir='ltr'>ε’μφυτεύειν</span> <span class='ocrx_word' id='word_1_50' title='bbox 660 993 856 1096; x_wconf 83' lang='grc' dir='ltr'>ἁγιασμόν.</span> <span class='ocrx_word' id='word_1_51' title='bbox 901 995 1083 1100; x_wconf 79' lang='grc' dir='ltr'>τοιγάρτοι</span> <span class='ocrx_word' id='word_1_52' title='bbox 1111 997 1170 1076; x_wconf 82' lang='grc' dir='ltr'>καὶ</span> <span class='ocrx_word' id='word_1_53' title='bbox 1197 993 1304 1079; x_wconf 82' lang='grc' dir='ltr'>αότός</span> 
     </span>
     <span class='ocr_line' id='line_1_7' title="bbox 106 1115 1303 1270; baseline 0.003 -73"><span class='ocrx_word' id='word_1_54' title='bbox 106 1120 128 1197; x_wconf 88' lang='grc' dir='ltr'>ό</span> <span class='ocrx_word' id='word_1_55' title='bbox 148 1115 276 1221; x_wconf 81' lang='grc' dir='ltr'>Σωτὴρ</span> <span class='ocrx_word' id='word_1_56' title='bbox 293 1117 358 1203; x_wconf 77' lang='grc' dir='ltr'>τοῖς</span> <span class='ocrx_word' id='word_1_57' title='bbox 379 1118 470 1222; x_wconf 79' lang='grc' dir='ltr'>πρὸς</span> <span class='ocrx_word' id='word_1_58' title='bbox 486 1117 678 1202; x_wconf 76' lang='grc' dir='ltr'>Ἰουδαίους</span> <span class='ocrx_word' id='word_1_59' title='bbox 700 1115 789 1198; x_wconf 79' lang='grc' dir='ltr'>ποτὲ</span> <span class='ocrx_word' id='word_1_60' title='bbox 813 1118 986 1226; x_wconf 80' lang='grc' dir='ltr'>διαλέξεις</span> <span class='ocrx_word' id='word_1_61' title='bbox 1007 1119 1229 1270; x_wconf 80' lang='grc' dir='ltr'>ποιούμενος,</span> <span class='ocrx_word' id='word_1_62' title='bbox 1245 1122 1303 1200; x_wconf 80' lang='grc' dir='ltr'>καὶ</span> 
     </span>
     <span class='ocr_line' id='line_1_8' title="bbox 104 1237 1300 1396; baseline 0 -74"><span class='ocrx_word' id='word_1_63' title='bbox 104 1239 233 1322; x_wconf 86' lang='grc' dir='ltr'>πολλά</span> <span class='ocrx_word' id='word_1_64' title='bbox 259 1275 340 1346; x_wconf 87' lang='grc' dir='ltr'>περι</span> <span class='ocrx_word' id='word_1_65' title='bbox 367 1245 431 1342; x_wconf 84' lang='grc' dir='ltr'>τῆς</span> <span class='ocrx_word' id='word_1_66' title='bbox 458 1239 547 1326; x_wconf 84' lang='grc' dir='ltr'>ῖδίας</span> <span class='ocrx_word' id='word_1_67' title='bbox 572 1241 690 1396; x_wconf 84' lang='grc' dir='ltr'>λέγων</span> <span class='ocrx_word' id='word_1_68' title='bbox 717 1237 864 1345; x_wconf 83' lang='grc' dir='ltr'>σαρκός,</span> <span class='ocrx_word' id='word_1_69' title='bbox 887 1242 996 1344; x_wconf 85' lang='grc' dir='ltr'>ἀρτον</span> <span class='ocrx_word' id='word_1_70' title='bbox 1016 1278 1055 1324; x_wconf 86' lang='grc' dir='ltr'>τε</span> <span class='ocrx_word' id='word_1_71' title='bbox 1079 1245 1190 1343; x_wconf 72' lang='grc' dir='ltr'>αὐτὴν</span> <span class='ocrx_word' id='word_1_72' title='bbox 1208 1245 1300 1324; x_wconf 88' lang='grc' dir='ltr'>ἀπο-</span> 
     </span>
     <span class='ocr_line' id='line_1_9' title="bbox 106 1363 1432 1517; baseline 0.002 -73"><span class='ocrx_word' id='word_1_73' title='bbox 106 1371 231 1444; x_wconf 84' lang='grc' dir='ltr'>καλῶν</span> <span class='ocrx_word' id='word_1_74' title='bbox 247 1363 458 1468; x_wconf 80' lang='grc' dir='ltr'>ζωοιτοιόν”</span> <span class='ocrx_word' id='word_1_75' title='bbox 435 1398 546 1450; x_wconf 88' lang='grc' dir='ltr'>ουτως</span> <span class='ocrx_word' id='word_1_76' title='bbox 570 1399 629 1446; x_wconf 87' lang='grc' dir='ltr'>και</span> <span class='ocrx_word' id='word_1_77' title='bbox 615 1363 824 1464; x_wconf 88' lang='grc' dir='ltr'>ἀληθινόν</span> <span class='ocrx_word' id='word_1_78' title='bbox 842 1376 864 1414; x_wconf 87' lang='grc'><strong>“</strong></span> <span class='ocrx_word' id='word_1_79' title='bbox 877 1363 991 1446; x_wconf 96' lang='grc' dir='ltr'>Ο</span> <span class='ocrx_word' id='word_1_80' title='bbox 924 1398 1018 1517; x_wconf 90' lang='grc' dir='ltr'>γαρ</span> <span class='ocrx_word' id='word_1_81' title='bbox 1042 1366 1159 1470; x_wconf 78' lang='grc' dir='ltr'>ἄρτος,</span> <span class='ocrx_word' id='word_1_82' title='bbox 1177 1369 1304 1473; x_wconf 84' lang='grc' dir='ltr'>φησιν,</span> <span class='ocrx_word' id='word_1_83' title='bbox 1317 1369 1432 1499; x_wconf 63' lang='lat' dir='ltr'>bSPW</span> 
     </span>
     <span class='ocr_line' id='line_1_10' title="bbox 107 1445 1437 1645; baseline 0.002 -77"><span class='ocrx_word' id='word_1_84' title='bbox 107 1486 164 1536; x_wconf 82' lang='lat'>‘⁴</span> <span class='ocrx_word' id='word_1_85' title='bbox 149 1522 191 1569; x_wconf 92' lang='grc' dir='ltr'>ον</span> <span class='ocrx_word' id='word_1_86' title='bbox 209 1489 279 1592; x_wconf 79' lang='grc' dir='ltr'>ἐγὼ</span> <span class='ocrx_word' id='word_1_87' title='bbox 302 1488 453 1569; x_wconf 74' lang='grc' dir='ltr'>διύσω’</span> <span class='ocrx_word' id='word_1_88' title='bbox 435 1493 517 1588; x_wconf 83' lang='grc' dir='ltr'>υμῖν</span> <span class='ocrx_word' id='word_1_89' title='bbox 538 1523 561 1588; x_wconf 92' lang='grc' dir='ltr'>η</span> <span class='ocrx_word' id='word_1_90' title='bbox 550 1485 689 1595; x_wconf 82' lang='grc' dir='ltr'>σάρξ</span> <span class='ocrx_word' id='word_1_91' title='bbox 710 1516 779 1586; x_wconf 86' lang='grc' dir='ltr'>μου</span> <span class='ocrx_word' id='word_1_92' title='bbox 803 1490 901 1569; x_wconf 80' lang='grc' dir='ltr'>ἐστὶν</span> <span class='ocrx_word' id='word_1_93' title='bbox 917 1485 963 1589; x_wconf 83' lang='grc' dir='ltr'>ἢν</span> <span class='ocrx_word' id='word_1_94' title='bbox 980 1488 1051 1592; x_wconf 79' lang='grc' dir='ltr'>ε’γῖυ</span> <span class='ocrx_word' id='word_1_95' title='bbox 1080 1490 1234 1570; x_wconf 78' lang='grc' dir='ltr'>δόσω“</span> <span class='ocrx_word' id='word_1_96' title='bbox 1216 1487 1305 1645; x_wconf 78' lang='grc' dir='ltr'>ρπέρ</span> <span class='ocrx_word' id='word_1_97' title='bbox 1415 1445 1437 1487; x_wconf 49' lang='grc'>’</span> 
     </span>
     <span class='ocr_line' id='line_1_11' title="bbox 43 1609 1304 1716; baseline 0.002 -24"><span class='ocrx_word' id='word_1_98' title='bbox 43 1653 94 1692; x_wconf 83' lang='grc' dir='ltr'>ιο</span> <span class='ocrx_word' id='word_1_99' title='bbox 106 1616 213 1712; x_wconf 85' lang='grc' dir='ltr'>“τῆς</span> <span class='ocrx_word' id='word_1_100' title='bbox 228 1620 294 1692; x_wconf 84' lang='grc' dir='ltr'>τοῦ</span> <span class='ocrx_word' id='word_1_101' title='bbox 311 1609 451 1710; x_wconf 85' lang='grc' dir='ltr'>κόσμου</span> <span class='ocrx_word' id='word_1_102' title='bbox 470 1610 593 1716; x_wconf 45' lang='grc' dir='ltr'>ζωῆςθ</span> <span class='ocrx_word' id='word_1_103' title='bbox 625 1610 978 1714; x_wconf 86' lang='grc' dir='ltr'>καταπεπληγμένων</span> <span class='ocrx_word' id='word_1_104' title='bbox 994 1647 1034 1693; x_wconf 90' lang='grc' dir='ltr'>τε</span> <span class='ocrx_word' id='word_1_105' title='bbox 1053 1614 1172 1694; x_wconf 92' lang='grc' dir='ltr'>λίαν’</span> <span class='ocrx_word' id='word_1_106' title='bbox 1153 1613 1304 1714; x_wconf 87' lang='grc' dir='ltr'>εκείνων,</span> 
     </span>
     <span class='ocr_line' id='line_1_12' title="bbox 106 1732 1306 1845; baseline 0.002 -29"><span class='ocrx_word' id='word_1_107' title='bbox 106 1737 167 1816; x_wconf 82' lang='grc' dir='ltr'>καὶ</span> <span class='ocrx_word' id='word_1_108' title='bbox 194 1741 271 1820; x_wconf 82' lang='grc' dir='ltr'>πῶς</span> <span class='ocrx_word' id='word_1_109' title='bbox 299 1732 344 1815; x_wconf 81' lang='grc' dir='ltr'>ἂν</span> <span class='ocrx_word' id='word_1_110' title='bbox 362 1735 481 1820; x_wconf 82' lang='grc' dir='ltr'>αύτοῖς</span> <span class='ocrx_word' id='word_1_111' title='bbox 504 1735 801 1837; x_wconf 78' lang='grc' dir='ltr'>ἡτῆςγηγενούς</span> <span class='ocrx_word' id='word_1_112' title='bbox 827 1735 964 1838; x_wconf 86' lang='grc' dir='ltr'>σαρκὸς</span> <span class='ocrx_word' id='word_1_113' title='bbox 991 1737 1104 1844; x_wconf 85' lang='grc' dir='ltr'>φύσις</span> <span class='ocrx_word' id='word_1_114' title='bbox 1130 1736 1306 1845; x_wconf 79' lang='grc' dir='ltr'>πρόξενος</span> 
     </span>
     <span class='ocr_line' id='line_1_13' title="bbox 106 1857 1300 1964; baseline 0.002 -26"><span class='ocrx_word' id='word_1_115' title='bbox 106 1858 245 1962; x_wconf 87' lang='grc' dir='ltr'>γένοιτο</span> <span class='ocrx_word' id='word_1_116' title='bbox 263 1861 327 1960; x_wconf 87' lang='grc' dir='ltr'>τῆς</span> <span class='ocrx_word' id='word_1_117' title='bbox 351 1858 492 1939; x_wconf 81' lang='grc' dir='ltr'>αἰωνίου</span> <span class='ocrx_word' id='word_1_118' title='bbox 504 1857 617 1961; x_wconf 71' lang='grc' dir='ltr'>ζωῆς,</span> <span class='ocrx_word' id='word_1_119' title='bbox 638 1859 680 1938; x_wconf 89' lang='grc' dir='ltr'>ού</span> <span class='ocrx_word' id='word_1_120' title='bbox 698 1857 848 1960; x_wconf 88' lang='grc' dir='ltr'>μετρίως</span> <span class='ocrx_word' id='word_1_121' title='bbox 867 1858 1143 1964; x_wconf 86' lang='grc' dir='ltr'>διηπορηκότων,</span> <span class='ocrx_word' id='word_1_122' title='bbox 1162 1861 1300 1942; x_wconf 86' lang='grc' dir='ltr'>ἀπολο-</span> 
     </span>
     <span class='ocr_line' id='line_1_14' title="bbox 106 1979 1439 2090; baseline 0.002 -29"><span class='ocrx_word' id='word_1_123' title='bbox 106 1981 281 2084; x_wconf 71' lang='grc' dir='ltr'>γούμενος</span> <span class='ocrx_word' id='word_1_124' title='bbox 307 1983 467 2090; x_wconf 80' lang='grc' dir='ltr'>ἔφασκεν</span> <span class='ocrx_word' id='word_1_125' title='bbox 487 1991 509 2030; x_wconf 91' lang='lat'><strong>“</strong></span> <span class='ocrx_word' id='word_1_126' title='bbox 525 1982 576 2061; x_wconf 78' lang='lat' dir='ltr'>‘H</span> <span class='ocrx_word' id='word_1_127' title='bbox 596 1979 699 2088; x_wconf 80' lang='grc' dir='ltr'>σὰρξ</span> <span class='ocrx_word' id='word_1_128' title='bbox 724 1983 788 2062; x_wconf 89' lang='grc' dir='ltr'>ούκ</span> <span class='ocrx_word' id='word_1_129' title='bbox 808 1985 946 2088; x_wconf 85' lang='grc' dir='ltr'>ὠφελεῖ</span> <span class='ocrx_word' id='word_1_130' title='bbox 968 1983 1079 2083; x_wconf 79' lang='grc' dir='ltr'>οὐδέν,</span> <span class='ocrx_word' id='word_1_131' title='bbox 1098 1982 1140 2064; x_wconf 82' lang='grc' dir='ltr'>τὸ</span> <span class='ocrx_word' id='word_1_132' title='bbox 1165 1983 1305 2082; x_wconf 84' lang='grc' dir='ltr'>πνεῦμά</span> <span class='ocrx_word' id='word_1_133' title='bbox 1350 1989 1390 2040; x_wconf 72' lang='lat'>1¹³·</span> <span class='ocrx_word' id='word_1_134' title='bbox 1398 1988 1439 2054; x_wconf 79' lang='lat'>⁶³·</span> 
     </span>
     <span class='ocr_line' id='line_1_15' title="bbox 107 2102 1304 2210; baseline 0.002 -24"><span class='ocrx_word' id='word_1_135' title='bbox 107 2119 130 2154; x_wconf 93' lang='lat'>“</span> <span class='ocrx_word' id='word_1_136' title='bbox 147 2108 227 2186; x_wconf 87' lang='grc' dir='ltr'>ε’στι</span> <span class='ocrx_word' id='word_1_137' title='bbox 258 2103 301 2186; x_wconf 79' lang='grc' dir='ltr'>τό</span> <span class='ocrx_word' id='word_1_138' title='bbox 336 2105 539 2209; x_wconf 80' lang='grc' dir='ltr'>ζωοποιοῦν·</span> <span class='ocrx_word' id='word_1_139' title='bbox 579 2102 626 2184; x_wconf 88' lang='grc' dir='ltr'>τά</span> <span class='ocrx_word' id='word_1_140' title='bbox 656 2103 799 2210; x_wconf 85' lang='grc' dir='ltr'>ῥήματα</span> <span class='ocrx_word' id='word_1_141' title='bbox 835 2103 860 2184; x_wconf 85' lang='grc' dir='ltr'>ἀ</span> <span class='ocrx_word' id='word_1_142' title='bbox 894 2105 966 2209; x_wconf 76' lang='grc' dir='ltr'>ἐγὼ</span> <span class='ocrx_word' id='word_1_143' title='bbox 1002 2105 1172 2207; x_wconf 76' lang='grc' dir='ltr'>ἐλάλησα</span> <span class='ocrx_word' id='word_1_144' title='bbox 1210 2109 1304 2206; x_wconf 83' lang='grc' dir='ltr'>ὑμῖν,</span> 
     </span>
     <span class='ocr_line' id='line_1_16' title="bbox 48 2227 1307 2333; baseline 0.002 -23"><span class='ocrx_word' id='word_1_145' title='bbox 48 2270 92 2330; x_wconf 85' lang='lat'>¹5</span> <span class='ocrx_word' id='word_1_146' title='bbox 108 2239 133 2276; x_wconf 92' lang='lat'><strong>“</strong></span> <span class='ocrx_word' id='word_1_147' title='bbox 149 2227 289 2327; x_wconf 84' lang='grc' dir='ltr'>πνεῦμά</span> <span class='ocrx_word' id='word_1_148' title='bbox 317 2230 398 2310; x_wconf 81' lang='grc' dir='ltr'>ἐστι</span> <span class='ocrx_word' id='word_1_149' title='bbox 425 2229 483 2308; x_wconf 82' lang='grc' dir='ltr'>καὶ</span> <span class='ocrx_word' id='word_1_150' title='bbox 511 2227 582 2333; x_wconf 75' lang='grc' dir='ltr'>ζωή</span> <span class='ocrx_word' id='word_1_151' title='bbox 607 2229 721 2308; x_wconf 87' lang='grc' dir='ltr'>έστι·”</span> <span class='ocrx_word' id='word_1_152' title='bbox 760 2232 943 2310; x_wconf 84' lang='grc' dir='ltr'>κάνταῦθα</span> <span class='ocrx_word' id='word_1_153' title='bbox 963 2227 1035 2333; x_wconf 77' lang='grc' dir='ltr'>γὰρ</span> <span class='ocrx_word' id='word_1_154' title='bbox 1062 2229 1186 2328; x_wconf 89' lang='grc' dir='ltr'>πάλιν,</span> <span class='ocrx_word' id='word_1_155' title='bbox 1205 2231 1307 2312; x_wconf 81' lang='grc' dir='ltr'>οὐδέν</span> 
     </span>
     <span class='ocr_line' id='line_1_17' title="bbox 106 2349 1304 2458; baseline 0.003 -26"><span class='ocrx_word' id='word_1_156' title='bbox 106 2356 260 2458; x_wconf 79' lang='grc' dir='ltr'>ὠφελεῖν</span> <span class='ocrx_word' id='word_1_157' title='bbox 278 2351 454 2432; x_wconf 91' lang='grc' dir='ltr'>δύνασθαι</span> <span class='ocrx_word' id='word_1_158' title='bbox 480 2349 547 2454; x_wconf 80' lang='grc' dir='ltr'>τὴν</span> <span class='ocrx_word' id='word_1_159' title='bbox 565 2349 687 2455; x_wconf 86' lang='grc' dir='ltr'>σάρκα</span> <span class='ocrx_word' id='word_1_160' title='bbox 714 2355 840 2458; x_wconf 77' lang='grc' dir='ltr'>φησὶν,</span> <span class='ocrx_word' id='word_1_161' title='bbox 868 2350 960 2457; x_wconf 76' lang='grc' dir='ltr'>πρὸς</span> <span class='ocrx_word' id='word_1_162' title='bbox 987 2351 1171 2456; x_wconf 79' lang='grc' dir='ltr'>ἁγιασμόν</span> <span class='ocrx_word' id='word_1_163' title='bbox 1189 2359 1304 2455; x_wconf 89' lang='grc' dir='ltr'>δηλο-</span> 
     </span>
     <span class='ocr_line' id='line_1_18' title="bbox 108 2473 1306 2581; baseline 0.003 -24"><span class='ocrx_word' id='word_1_164' title='bbox 108 2473 184 2557; x_wconf 92' lang='grc' dir='ltr'>νότι</span> <span class='ocrx_word' id='word_1_165' title='bbox 212 2479 269 2557; x_wconf 78' lang='grc' dir='ltr'>καὶ</span> <span class='ocrx_word' id='word_1_166' title='bbox 297 2475 512 2581; x_wconf 82' lang='grc' dir='ltr'>ζωοποίησιν</span> <span class='ocrx_word' id='word_1_167' title='bbox 539 2481 612 2556; x_wconf 81' lang='grc' dir='ltr'>τῶν</span> <span class='ocrx_word' id='word_1_168' title='bbox 643 2474 841 2581; x_wconf 87' lang='grc' dir='ltr'>δεχομένων</span> <span class='ocrx_word' id='word_1_169' title='bbox 869 2475 989 2578; x_wconf 78' lang='grc' dir='ltr'>αὐτὴν,</span> <span class='ocrx_word' id='word_1_170' title='bbox 1022 2476 1113 2558; x_wconf 81' lang='grc' dir='ltr'>ὅσον</span> <span class='ocrx_word' id='word_1_171' title='bbox 1140 2477 1225 2579; x_wconf 77' lang='grc' dir='ltr'>ἧκεν</span> <span class='ocrx_word' id='word_1_172' title='bbox 1257 2483 1306 2562; x_wconf 85' lang='grc' dir='ltr'>είς</span> 
     </span>
     <span class='ocr_line' id='line_1_19' title="bbox 107 2597 1336 2706; baseline 0.002 -27"><span class='ocrx_word' id='word_1_173' title='bbox 107 2597 244 2703; x_wconf 81' lang='grc' dir='ltr'>σαρκός</span> <span class='ocrx_word' id='word_1_174' title='bbox 270 2601 493 2702; x_wconf 81' lang='grc' dir='ltr'>ἀνθρωπίνης</span> <span class='ocrx_word' id='word_1_175' title='bbox 515 2598 643 2706; x_wconf 82' lang='grc' dir='ltr'>φύσιν·</span> <span class='ocrx_word' id='word_1_176' title='bbox 685 2599 773 2679; x_wconf 87' lang='grc' dir='ltr'>όταν</span> <span class='ocrx_word' id='word_1_177' title='bbox 800 2597 837 2679; x_wconf 82' lang='grc' dir='ltr'>δέ</span> <span class='ocrx_word' id='word_1_178' title='bbox 859 2603 982 2700; x_wconf 78' lang='grc' dir='ltr'>νοῆται</span> <span class='ocrx_word' id='word_1_179' title='bbox 1009 2603 1068 2680; x_wconf 78' lang='grc' dir='ltr'>καὶ</span> <span class='ocrx_word' id='word_1_180' title='bbox 1094 2601 1336 2703; x_wconf 87' lang='grc' dir='ltr'>πιστεύηταιο</span> 
     </span>
     <span class='ocr_line' id='line_1_20' title="bbox 108 2718 1307 2829; baseline 0.003 -26"><span class='ocrx_word' id='word_1_181' title='bbox 108 2731 173 2804; x_wconf 83' lang='grc' dir='ltr'>τοῦ</span> <span class='ocrx_word' id='word_1_182' title='bbox 201 2721 326 2826; x_wconf 89' lang='grc' dir='ltr'>Λόγου</span> <span class='ocrx_word' id='word_1_183' title='bbox 354 2722 447 2822; x_wconf 82' lang='grc' dir='ltr'>ναὸς,</span> <span class='ocrx_word' id='word_1_184' title='bbox 471 2721 552 2804; x_wconf 87' lang='grc' dir='ltr'>τότε</span> <span class='ocrx_word' id='word_1_185' title='bbox 580 2721 624 2823; x_wconf 79' lang='grc' dir='ltr'>δὴ</span> <span class='ocrx_word' id='word_1_186' title='bbox 651 2718 794 2808; x_wconf 86' lang='grc' dir='ltr'>πάντως</span> <span class='ocrx_word' id='word_1_187' title='bbox 821 2722 925 2804; x_wconf 79' lang='grc' dir='ltr'>ἔσται</span> <span class='ocrx_word' id='word_1_188' title='bbox 951 2727 1010 2808; x_wconf 82' lang='grc' dir='ltr'>καὶ</span> <span class='ocrx_word' id='word_1_189' title='bbox 1038 2726 1220 2829; x_wconf 85' lang='grc' dir='ltr'>ἁγιασμοῖι</span> <span class='ocrx_word' id='word_1_190' title='bbox 1248 2727 1307 2806; x_wconf 83' lang='grc' dir='ltr'>καὶ</span> 
     </span>
     <span class='ocr_line' id='line_1_21' title="bbox 52 2845 1307 2955; baseline -0.003 -23"><span class='ocrx_word' id='word_1_191' title='bbox 52 2891 95 2932; x_wconf 84' lang='lat'>20</span> <span class='ocrx_word' id='word_1_192' title='bbox 109 2846 199 2951; x_wconf 78' lang='grc' dir='ltr'>ζωῆς</span> <span class='ocrx_word' id='word_1_193' title='bbox 225 2845 414 2955; x_wconf 79' lang='grc' dir='ltr'>πρόξενος,</span> <span class='ocrx_word' id='word_1_194' title='bbox 437 2846 537 2948; x_wconf 83' lang='grc' dir='ltr'>πλὴν</span> <span class='ocrx_word' id='word_1_195' title='bbox 561 2847 603 2927; x_wconf 87' lang='grc' dir='ltr'>ού</span> <span class='ocrx_word' id='word_1_196' title='bbox 630 2845 774 2931; x_wconf 86' lang='grc' dir='ltr'>πάντως</span> <span class='ocrx_word' id='word_1_197' title='bbox 801 2845 845 2926; x_wconf 87' lang='grc' dir='ltr'>δι’</span> <span class='ocrx_word' id='word_1_198' title='bbox 865 2846 1002 2949; x_wconf 82' lang='grc' dir='ltr'>ἑαυτὴν,</span> <span class='ocrx_word' id='word_1_199' title='bbox 1030 2847 1131 2928; x_wconf 86' lang='grc' dir='ltr'>ἀλλά</span> <span class='ocrx_word' id='word_1_200' title='bbox 1158 2847 1216 2929; x_wconf 81' lang='grc' dir='ltr'>διὰ</span> <span class='ocrx_word' id='word_1_201' title='bbox 1243 2847 1307 2929; x_wconf 84' lang='grc' dir='ltr'>τὸν</span> 
     </span>
     <span class='ocr_line' id='line_1_22' title="bbox 110 2966 1307 3076; baseline 0.002 -26"><span class='ocrx_word' id='word_1_202' title='bbox 110 2967 282 3051; x_wconf 83' lang='grc' dir='ltr'>ἔνωθέντα</span> <span class='ocrx_word' id='word_1_203' title='bbox 307 2969 413 3070; x_wconf 83' lang='grc' dir='ltr'>θεὸν,</span> <span class='ocrx_word' id='word_1_204' title='bbox 440 2970 480 3056; x_wconf 88' lang='grc' dir='ltr'>ός</span> <span class='ocrx_word' id='word_1_205' title='bbox 507 2972 606 3050; x_wconf 85' lang='grc' dir='ltr'>ἐστιν</span> <span class='ocrx_word' id='word_1_206' title='bbox 631 2966 732 3072; x_wconf 84' lang='grc' dir='ltr'>ἅγιος</span> <span class='ocrx_word' id='word_1_207' title='bbox 760 2967 819 3050; x_wconf 79' lang='grc' dir='ltr'>καὶ</span> <span class='ocrx_word' id='word_1_208' title='bbox 848 2969 931 3074; x_wconf 77' lang='grc' dir='ltr'>ζωή.</span> <span class='ocrx_word' id='word_1_209' title='bbox 972 2978 1018 3076; x_wconf 81' lang='grc' dir='ltr'>τῆ</span> <span class='ocrx_word' id='word_1_210' title='bbox 1047 2977 1111 3070; x_wconf 86' lang='grc' dir='ltr'>τῆς</span> <span class='ocrx_word' id='word_1_211' title='bbox 1141 2972 1307 3071; x_wconf 88' lang='grc' dir='ltr'>θεότητος</span> 
     </span>
     <span class='ocr_line' id='line_1_23' title="bbox 110 3091 1311 3202; baseline 0.001 -29"><span class='ocrx_word' id='word_1_212' title='bbox 110 3102 300 3199; x_wconf 85' lang='grc' dir='ltr'>τοιγαροῦν</span> <span class='ocrx_word' id='word_1_213' title='bbox 327 3092 483 3202; x_wconf 77' lang='grc' dir='ltr'>ἐνεργείᾳ</span> <span class='ocrx_word' id='word_1_214' title='bbox 509 3093 551 3173; x_wconf 78' lang='grc' dir='ltr'>τὸ</span> <span class='ocrx_word' id='word_1_215' title='bbox 579 3091 729 3189; x_wconf 78' lang='grc' dir='ltr'>σύμπαν</span> <span class='ocrx_word' id='word_1_216' title='bbox 757 3091 956 3191; x_wconf 78' lang='grc' dir='ltr'>ἀποδιδοὺς,</span> <span class='ocrx_word' id='word_1_217' title='bbox 982 3092 1128 3196; x_wconf 82' lang='grc' dir='ltr'>ἀζήμιον</span> <span class='ocrx_word' id='word_1_218' title='bbox 1156 3093 1311 3176; x_wconf 79' lang='grc' dir='ltr'>ἔσεσθαί</span> 
     </span>
     <span class='ocr_line' id='line_1_24' title="bbox 112 3215 1307 3324; baseline 0.003 -27"><span class='ocrx_word' id='word_1_219' title='bbox 112 3223 208 3324; x_wconf 84' lang='grc' dir='ltr'>φησι</span> <span class='ocrx_word' id='word_1_220' title='bbox 244 3225 318 3304; x_wconf 86' lang='grc' dir='ltr'>τοῖς</span> <span class='ocrx_word' id='word_1_221' title='bbox 353 3221 478 3298; x_wconf 83' lang='grc' dir='ltr'>ἑαυτοῦ</span> <span class='ocrx_word' id='word_1_222' title='bbox 513 3223 697 3317; x_wconf 83' lang='grc' dir='ltr'>μαθηταῖς,</span> <span class='ocrx_word' id='word_1_223' title='bbox 728 3216 819 3298; x_wconf 88' lang='grc' dir='ltr'>όσον</span> <span class='ocrx_word' id='word_1_224' title='bbox 849 3217 933 3319; x_wconf 78' lang='grc' dir='ltr'>ἧκεν</span> <span class='ocrx_word' id='word_1_225' title='bbox 965 3223 1014 3302; x_wconf 86' lang='grc' dir='ltr'>είς</span> <span class='ocrx_word' id='word_1_226' title='bbox 1048 3215 1090 3298; x_wconf 81' lang='grc' dir='ltr'>τὸ</span> <span class='ocrx_word' id='word_1_227' title='bbox 1121 3224 1307 3320; x_wconf 86' lang='grc' dir='ltr'>τηρεῖσθαι</span> 
     </span>
     <span class='ocr_line' id='line_1_25' title="bbox 112 3337 1302 3447; baseline 0.002 -26"><span class='ocrx_word' id='word_1_228' title='bbox 112 3337 225 3442; x_wconf 78' lang='grc' dir='ltr'>ζητεῖν</span> <span class='ocrx_word' id='word_1_229' title='bbox 242 3339 308 3442; x_wconf 84' lang='grc' dir='ltr'>τῆν</span> <span class='ocrx_word' id='word_1_230' title='bbox 323 3341 414 3442; x_wconf 80' lang='grc' dir='ltr'>μετὰ</span> <span class='ocrx_word' id='word_1_231' title='bbox 441 3340 577 3444; x_wconf 84' lang='grc' dir='ltr'>σαρκὸς</span> <span class='ocrx_word' id='word_1_232' title='bbox 604 3341 859 3447; x_wconf 87' lang='grc' dir='ltr'>ἀποφοίτησιν.</span> <span class='ocrx_word' id='word_1_233' title='bbox 899 3347 929 3421; x_wconf 80' lang='grc' dir='ltr'>εἰ</span> <span class='ocrx_word' id='word_1_234' title='bbox 956 3339 1112 3444; x_wconf 78' lang='grc' dir='ltr'>γὰρκαὶ</span> <span class='ocrx_word' id='word_1_235' title='bbox 1138 3341 1302 3423; x_wconf 86' lang='grc' dir='ltr'>συστέλ-</span> 
     </span>
     <span class='ocr_line' id='line_1_26' title="bbox 56 3461 1306 3569; baseline -0.002 -21"><span class='ocrx_word' id='word_1_236' title='bbox 56 3503 96 3562; x_wconf 84' lang='lat'>25</span> <span class='ocrx_word' id='word_1_237' title='bbox 112 3473 212 3544; x_wconf 91' lang='grc' dir='ltr'>λοιτο</span> <span class='ocrx_word' id='word_1_238' title='bbox 228 3463 339 3569; x_wconf 84' lang='grc' dir='ltr'>τυχὸν</span> <span class='ocrx_word' id='word_1_239' title='bbox 356 3471 404 3549; x_wconf 87' lang='grc' dir='ltr'>είς</span> <span class='ocrx_word' id='word_1_240' title='bbox 421 3463 603 3569; x_wconf 86' lang='grc' dir='ltr'>ούράνους,</span> <span class='ocrx_word' id='word_1_241' title='bbox 625 3465 709 3543; x_wconf 70' lang='grc' dir='ltr'>ἀλλ’</span> <span class='ocrx_word' id='word_1_242' title='bbox 729 3465 794 3544; x_wconf 86' lang='grc' dir='ltr'>ούκ</span> <span class='ocrx_word' id='word_1_243' title='bbox 813 3461 968 3544; x_wconf 87' lang='grc' dir='ltr'>ἀπέσται</span> <span class='ocrx_word' id='word_1_244' title='bbox 991 3471 1064 3545; x_wconf 81' lang='grc' dir='ltr'>τῶν</span> <span class='ocrx_word' id='word_1_245' title='bbox 1082 3465 1306 3568; x_wconf 82' lang='grc' dir='ltr'>ἀγαπώντων</span> 
     </span>
     <span class='ocr_line' id='line_1_27' title="bbox 111 3584 1304 3698; baseline 0.002 -31"><span class='ocrx_word' id='word_1_246' title='bbox 111 3585 219 3668; x_wconf 81' lang='grc' dir='ltr'>αὐτὸν</span> <span class='ocrx_word' id='word_1_247' title='bbox 236 3589 257 3668; x_wconf 90' lang='grc' dir='ltr'>ό</span> <span class='ocrx_word' id='word_1_248' title='bbox 276 3587 415 3692; x_wconf 82' lang='grc' dir='ltr'>Σωτὴρ,</span> <span class='ocrx_word' id='word_1_249' title='bbox 434 3587 608 3669; x_wconf 80' lang='grc' dir='ltr'>συνέσται</span> <span class='ocrx_word' id='word_1_250' title='bbox 627 3584 665 3668; x_wconf 81' lang='grc' dir='ltr'>δέ</span> <span class='ocrx_word' id='word_1_251' title='bbox 682 3584 796 3668; x_wconf 85' lang='grc' dir='ltr'>πάλιν</span> <span class='ocrx_word' id='word_1_252' title='bbox 813 3593 858 3693; x_wconf 83' lang='grc' dir='ltr'>τῆ</span> <span class='ocrx_word' id='word_1_253' title='bbox 875 3591 938 3688; x_wconf 85' lang='grc' dir='ltr'>τῆς</span> <span class='ocrx_word' id='word_1_254' title='bbox 956 3586 1122 3690; x_wconf 89' lang='grc' dir='ltr'>θεότητος</span> <span class='ocrx_word' id='word_1_255' title='bbox 1144 3589 1304 3698; x_wconf 76' lang='grc' dir='ltr'>ἐξουσίᾳ.</span> 
     </span>
     <span class='ocr_line' id='line_1_28' title="bbox 157 3709 1306 3818; baseline 0.006 -26"><span class='ocrx_word' id='word_1_256' title='bbox 157 3709 235 3792; x_wconf 81' lang='grc' dir='ltr'>Ἵνα</span> <span class='ocrx_word' id='word_1_257' title='bbox 252 3713 372 3792; x_wconf 89' lang='grc' dir='ltr'>τοίνυν</span> <span class='ocrx_word' id='word_1_258' title='bbox 385 3713 497 3818; x_wconf 82' lang='grc' dir='ltr'>ἔχοιεν</span> <span class='ocrx_word' id='word_1_259' title='bbox 512 3709 566 3806; x_wconf 76' lang='grc' dir='ltr'>τῆν</span> <span class='ocrx_word' id='word_1_260' title='bbox 581 3709 692 3816; x_wconf 75' lang='grc' dir='ltr'>χαρῖιι</span> <span class='ocrx_word' id='word_1_261' title='bbox 705 3709 760 3804; x_wconf 78' lang='grc' dir='ltr'>τῆν</span> <span class='ocrx_word' id='word_1_262' title='bbox 774 3711 851 3818; x_wconf 75' lang='grc' dir='ltr'>ε’μῆν</span> <span class='ocrx_word' id='word_1_263' title='bbox 862 3711 1117 3818; x_wconf 79' lang='grc' dir='ltr'>πεπληρωμένην</span> <span class='ocrx_word' id='word_1_264' title='bbox 1128 3712 1157 3794; x_wconf 78' lang='grc' dir='ltr'>ἒν</span> <span class='ocrx_word' id='word_1_265' title='bbox 1169 3713 1306 3810; x_wconf 71' lang='grc' dir='ltr'>ἑαυτοῖς,</span> 
     </span>
     <span class='ocr_line' id='line_1_29' title="bbox 109 3833 1343 3944; baseline 0.001 -29"><span class='ocrx_word' id='word_1_266' title='bbox 109 3837 219 3916; x_wconf 79' lang='grc' dir='ltr'>ταότα</span> <span class='ocrx_word' id='word_1_267' title='bbox 246 3835 434 3937; x_wconf 82' lang='grc' dir='ltr'>λελάληκα</span> <span class='ocrx_word' id='word_1_268' title='bbox 460 3835 490 3917; x_wconf 79' lang='grc' dir='ltr'>έν</span> <span class='ocrx_word' id='word_1_269' title='bbox 507 3833 554 3942; x_wconf 72' lang='grc' dir='ltr'>τῆ</span> <span class='ocrx_word' id='word_1_270' title='bbox 581 3837 699 3942; x_wconf 80' lang='grc' dir='ltr'>κόσμῳ</span> <span class='ocrx_word' id='word_1_271' title='bbox 725 3837 831 3940; x_wconf 82' lang='grc' dir='ltr'>φησί.</span> <span class='ocrx_word' id='word_1_272' title='bbox 871 3835 924 3920; x_wconf 91' lang='grc' dir='ltr'>τίς</span> <span class='ocrx_word' id='word_1_273' title='bbox 942 3836 1005 3916; x_wconf 81' lang='grc' dir='ltr'>οὖν</span> <span class='ocrx_word' id='word_1_274' title='bbox 1023 3835 1045 3936; x_wconf 88' lang='grc' dir='ltr'>ῆ</span> <span class='ocrx_word' id='word_1_275' title='bbox 1064 3833 1343 3944; x_wconf 71' lang='grc' dir='ltr'>πεπληρωμένηδ</span> 
     </span>
     <span class='ocr_line' id='line_1_30' title="bbox 111 3956 1307 4067; baseline 0.002 -31"><span class='ocrx_word' id='word_1_276' title='bbox 111 3959 168 4037; x_wconf 78' lang='grc' dir='ltr'>καὶ</span> <span class='ocrx_word' id='word_1_277' title='bbox 194 3959 315 4039; x_wconf 88' lang='grc' dir='ltr'>τελεία</span> <span class='ocrx_word' id='word_1_278' title='bbox 340 3956 459 4067; x_wconf 74' lang='grc' dir='ltr'>χαράς</span> <span class='ocrx_word' id='word_1_279' title='bbox 497 3957 539 4038; x_wconf 84' lang='grc' dir='ltr'>τὸ</span> <span class='ocrx_word' id='word_1_280' title='bbox 568 3957 694 4038; x_wconf 79' lang='grc' dir='ltr'>εἰδέναι</span> <span class='ocrx_word' id='word_1_281' title='bbox 721 3961 780 4038; x_wconf 84' lang='grc' dir='ltr'>καὶ</span> <span class='ocrx_word' id='word_1_282' title='bbox 806 3960 997 4058; x_wconf 78' lang='grc' dir='ltr'>πιστεύειν,</span> <span class='ocrx_word' id='word_1_283' title='bbox 1021 3961 1087 4063; x_wconf 83' lang='grc' dir='ltr'>οὐχ</span> <span class='ocrx_word' id='word_1_284' title='bbox 1115 3957 1170 4040; x_wconf 79' lang='grc' dir='ltr'>θτι</span> <span class='ocrx_word' id='word_1_285' title='bbox 1196 3957 1307 4058; x_wconf 90' lang='grc' dir='ltr'>μόνον</span> 
     </span>
     <span class='ocr_line' id='line_1_31' title="bbox 56 4077 1308 4187; baseline 0.002 -28"><span class='ocrx_word' id='word_1_286' title='bbox 56 4129 97 4186; x_wconf 83' lang='lat'>30</span> <span class='ocrx_word' id='word_1_287' title='bbox 112 4081 191 4161; x_wconf 85' lang='grc' dir='ltr'>καθ’</span> <span class='ocrx_word' id='word_1_288' title='bbox 211 4082 304 4180; x_wconf 84' lang='grc' dir='ltr'>ἡμᾶς</span> <span class='ocrx_word' id='word_1_289' title='bbox 324 4079 370 4182; x_wconf 88' lang='grc' dir='ltr'>ῆν</span> <span class='ocrx_word' id='word_1_290' title='bbox 388 4081 575 4187; x_wconf 79' lang='grc' dir='ltr'>ἅνθρωπος</span> <span class='ocrx_word' id='word_1_291' title='bbox 593 4083 613 4162; x_wconf 87' lang='grc' dir='ltr'>ό</span> <span class='ocrx_word' id='word_1_292' title='bbox 631 4081 805 4185; x_wconf 82' lang='grc' dir='ltr'>Χριστός,</span> <span class='ocrx_word' id='word_1_293' title='bbox 825 4082 910 4162; x_wconf 79' lang='grc' dir='ltr'>ἀλλ’</span> <span class='ocrx_word' id='word_1_294' title='bbox 936 4079 992 4161; x_wconf 83' lang='grc' dir='ltr'>ὅτι</span> <span class='ocrx_word' id='word_1_295' title='bbox 1015 4080 1105 4181; x_wconf 83' lang='grc' dir='ltr'>μετὰ</span> <span class='ocrx_word' id='word_1_296' title='bbox 1130 4089 1195 4162; x_wconf 86' lang='grc' dir='ltr'>τοῦ</span> <span class='ocrx_word' id='word_1_297' title='bbox 1220 4077 1308 4161; x_wconf 81' lang='grc' dir='ltr'>εἶναι</span> 
     </span>
     <span class='ocr_line' id='line_1_32' title="bbox 111 4201 1303 4311; baseline 0.001 -28"><span class='ocrx_word' id='word_1_298' title='bbox 111 4205 192 4284; x_wconf 84' lang='grc' dir='ltr'>καθ’</span> <span class='ocrx_word' id='word_1_299' title='bbox 220 4205 322 4305; x_wconf 79' lang='grc' dir='ltr'>ἡμᾶς,</span> <span class='ocrx_word' id='word_1_300' title='bbox 340 4205 424 4311; x_wconf 89' lang='grc' dir='ltr'>δίχα</span> <span class='ocrx_word' id='word_1_301' title='bbox 450 4202 562 4306; x_wconf 92' lang='grc' dir='ltr'>μόνης</span> <span class='ocrx_word' id='word_1_302' title='bbox 589 4205 773 4308; x_wconf 79' lang='grc' dir='ltr'>ἁμαρτίας,</span> <span class='ocrx_word' id='word_1_303' title='bbox 801 4207 860 4284; x_wconf 80' lang='grc' dir='ltr'>καὶ</span> <span class='ocrx_word' id='word_1_304' title='bbox 879 4201 971 4288; x_wconf 84' lang='grc' dir='ltr'>Θεός</span> <span class='ocrx_word' id='word_1_305' title='bbox 998 4207 1099 4286; x_wconf 79' lang='grc' dir='ltr'>ἐστιν</span> <span class='ocrx_word' id='word_1_306' title='bbox 1121 4201 1303 4305; x_wconf 86' lang='grc' dir='ltr'>ἀληθινός.</span> 
     </span>
     <span class='ocr_line' id='line_1_33' title="bbox 109 4324 1306 4435; baseline -0.001 -29"><span class='ocrx_word' id='word_1_307' title='bbox 109 4324 293 4430; x_wconf 87' lang='grc' dir='ltr'>πρόδηλον</span> <span class='ocrx_word' id='word_1_308' title='bbox 317 4328 380 4408; x_wconf 80' lang='grc' dir='ltr'>οὖν</span> <span class='ocrx_word' id='word_1_309' title='bbox 401 4327 471 4432; x_wconf 83' lang='grc' dir='ltr'>ἀρα</span> <span class='ocrx_word' id='word_1_310' title='bbox 499 4331 557 4408; x_wconf 78' lang='grc' dir='ltr'>καὶ</span> <span class='ocrx_word' id='word_1_311' title='bbox 586 4327 781 4427; x_wconf 81' lang='grc' dir='ltr'>οὐδαμόθεν</span> <span class='ocrx_word' id='word_1_312' title='bbox 808 4329 1028 4435; x_wconf 84' lang='grc' dir='ltr'>ἀμφίβολον,</span> <span class='ocrx_word' id='word_1_313' title='bbox 1048 4327 1102 4408; x_wconf 84' lang='grc' dir='ltr'>ότι</span> <span class='ocrx_word' id='word_1_314' title='bbox 1129 4325 1306 4430; x_wconf 87' lang='grc' dir='ltr'>παρέσται</span> 
     </span>
    </p>
   </div>
   <div class='ocr_carea' id='block_1_3' title="bbox 146 4569 1269 4732">
    <p class='ocr_par' dir='ltr' id='par_1_3' title="bbox 146 4569 1269 4732">
     <span class='ocr_line' id='line_1_34' title="bbox 146 4569 1269 4644; baseline 0.004 -22"><span class='ocrx_word' id='word_1_315' title='bbox 146 4583 170 4622; x_wconf 80' lang='lat'>2.</span> <span class='ocrx_word' id='word_1_316' title='bbox 190 4571 235 4623; x_wconf 65' lang='grc' dir='ltr'>τδῦ</span> <span class='ocrx_word' id='word_1_317' title='bbox 248 4570 335 4640; x_wconf 82' lang='grc' dir='ltr'>κυρίου</span> <span class='ocrx_word' id='word_1_318' title='bbox 348 4571 378 4626; x_wconf 84' lang='grc' dir='ltr'>τδ</span> <span class='ocrx_word' id='word_1_319' title='bbox 391 4572 496 4628; x_wconf 78' lang='lat' dir='ltr'>inverso</span> <span class='ocrx_word' id='word_1_320' title='bbox 509 4569 602 4625; x_wconf 83' lang='lat' dir='ltr'>ordine</span> <span class='ocrx_word' id='word_1_321' title='bbox 616 4569 647 4624; x_wconf 83' lang='lat' dir='ltr'>E.</span> <span class='ocrx_word' id='word_1_322' title='bbox 817 4585 859 4642; x_wconf 79' lang='lat'>²5·</span> <span class='ocrx_word' id='word_1_323' title='bbox 877 4572 998 4642; x_wconf 81' lang='grc' dir='ltr'>ούράνουτ</span> <span class='ocrx_word' id='word_1_324' title='bbox 1013 4573 1044 4629; x_wconf 84' lang='lat' dir='ltr'>E.</span> <span class='ocrx_word' id='word_1_325' title='bbox 1057 4573 1205 4644; x_wconf 75' lang='grc' dir='ltr'>ἀνθρώπους</span> <span class='ocrx_word' id='word_1_326' title='bbox 1218 4571 1269 4627; x_wconf 83' lang='lat' dir='ltr'>Ed.</span> 
     </span>
     <span class='ocr_line' id='line_1_35' title="bbox 662 4671 756 4732; baseline 0.021 -16"><span class='ocrx_word' id='word_1_327' title='bbox 662 4671 684 4732; x_wconf 83' lang='grc'>4</span> <span class='ocrx_word' id='word_1_328' title='bbox 699 4671 720 4716; x_wconf 81' lang='lat' dir='ltr'>x</span> <span class='ocrx_word' id='word_1_329' title='bbox 738 4671 756 4718; x_wconf 83' lang='lat'>2</span> 
     </span>
    </p>
   </div>
   <div class='ocr_carea' id='block_1_4' title="bbox 0 0 1637 5114">
    <p class='ocr_par' dir='ltr' id='par_1_4' title="bbox 0 0 1637 5114">
     <span class='ocr_line' id='line_1_36' title="bbox 0 0 1637 5114; baseline 0 0"><span class='ocrx_word' id='word_1_330' title='bbox 0 0 1637 5114; x_wconf 95' lang='lat' dir='ltr'> </span> 
     </span>
    </p>
   </div>
  </div>
 </body>
</html>
