3274 5118
304 355 370 420 οιο
606 355 1202 422 B.0YR1LL1ALEXANDR.
1337 377 1391 419 ιι.
1405 374 1438 441 9,
1453 371 1500 416 ιο.
1607 299 1608 358 ¹

276 524 363 602 οκαὶ
381 521 551 627 ὑπάρχων
568 523 635 628 οῦχ
652 521 702 608 εἷς
718 529 792 602 τῶν
809 521 1026 620 κτισμάτων,
1045 521 1140 602 κατά
1155 555 1196 624 γε
1215 519 1281 621 τὴν
1299 518 1500 618 ταυτότητά

303 643 370 745 τὴν
401 648 441 726 ἐκ
466 650 530 746 τῆς
562 647 686 732 οῦσίοις
714 647 832 744 αὑτοῦ,
860 644 919 724 διά
949 654 1054 726 τοῦτο
1086 645 1274 745 νοοῦμενός
1300 677 1339 724 τε
1367 645 1427 723 καὶ
1453 638 1502 720 εῦν

139 775 225 896 ff·
305 770 451 869 ἀληθῶς
477 767 612 854 παντὸς
639 769 836 876 ῦφιίματος
864 769 1023 850 ἐπέκεινα
1052 779 1190 870 νοητοῦ,
1219 767 1321 848 ἀλλὰ
1350 770 1410 847 καὶ
1440 769 1503 864 τῆς

307 891 416 998 δόξης
437 892 570 996 Κύριος
600 893 694 974 κατὰ
721 892 786 978 τὰς
816 894 920 995 ἁγίας
948 894 1107 999 γραφάς.
1158 889 1259 972 ἀλλὰ
1288 894 1356 988 ναὶ,
1376 889 1503 997 φησὶν,

307 1017 463 1122 ὑψοῦται
482 1020 539 1097 καὶ
558 1015 754 1124 δοξάζεται,
771 1023 849 1102 πἰῦς
871 1015 908 1096 δέ
926 1013 949 1118 ἢ
967 1014 1056 1098 πότε
1075 1019 1134 1098 καὶ
1152 1016 1233 1097 τίνοι
1254 1012 1414 1120 τρόπον;
1445 1012 1531 1100 ὅτε5
1607 1071 1608 1146 ή

307 1139 474 1240 δηλονότι
502 1141 649 1244 γέγονεν
671 1143 775 1246 ε’ντῇ
803 1148 868 1220 τοῦ
896 1139 1027 1220 δούλου
1054 1146 1190 1246 μορφῇ,
1209 1141 1267 1219 καὶ
1295 1141 1333 1218 ἐν
1360 1143 1413 1245 τῷ
1441 1140 1504 1235 τῆς
1607 1147 1608 1242 ί

305 1263 552 1350 ταπεινώσεως
569 1263 741 1370 σχήματι,
760 1263 956 1362 τουτέστιν,
975 1262 1163 1367 ἅνθρωπος
1182 1264 1263 1343 καθ’
1285 1263 1388 1362 ήμοῖς.
1410 1263 1499 1341 ἀνα·
1607 1259 1608 1340 ί

141 1413 258 1472 em.
277 1388 421 1492 ιτρέχει
448 1387 520 1492 γάρ
540 1391 598 1468 καὶ
626 1387 714 1488 μετὰ
739 1385 876 1492 σαρκὸς
899 1393 947 1471 είς
974 1384 1017 1468 τῦ
1036 1392 1294 1492 συνυφοῦσθαι
1312 1384 1427 1467 πάλιν
1445 1386 1504 1463 καὶ

306 1509 592 1618 συνδοξάζεσθαι
612 1518 664 1620 τῷ
684 1513 815 1614 Πατρί·
857 1509 1028 1614 ἠγαπήθη
1047 1545 1085 1592 τε
1103 1510 1188 1614 παρ’
1207 1511 1328 1608 αι’ποῦ,
1345 1512 1405 1589 καὶ
1425 1509 1504 1612 οὐχὶ

305 1631 387 1713 τότε
414 1640 567 1736 πρῶτον,
587 1633 646 1714 ὅτε
672 1633 739 1734 τὴν
760 1633 924 1715 ἑκούσιον
953 1634 1137 1736 ὑποταγὴν
1164 1634 1392 1737 πεπλήρωκε,
1417 1631 1503 1732 νοή-
1519 1670 1552 1712 ιο

306 1791 382 1842 σεις
397 1757 435 1838 δέ
453 1765 599 1856 μᾶλλον
615 1760 764 1842 ε’κείνως.
801 1757 910 1861 ὅνπερ
929 1756 1001 1860 γάρ
1019 1757 1154 1862 τρόπον
1172 1755 1315 1864 ὑψηλὸς
1331 1755 1507 1861 ὑπάρχων

307 1883 360 1960 ἀεὶ
387 1884 446 1961 καὶ
470 1881 742 1989 δεδοξασμένος,
767 1879 857 1962 ὅσον
879 1887 927 1967 εἰς
953 1883 1044 1962 ἰδίαν
1068 1880 1193 1989 φύσιν,
1217 1879 1440 1992 δεδοξάσθαι
1467 1913 1506 1959 τε

306 2006 365 2084 καὶ
394 2007 567 2110 ῦφῶσθαι
594 2005 747 2108 λέγεται,
768 2005 826 2084 ὅτε
845 2004 995 2109 γέγονεν
1012 2005 1210 2108 ἅνθρωπος,
1230 2006 1250 2084 ὃ
1268 2008 1332 2104 τῆς
1350 2008 1502 2105 θεοπρε-

305 2136 396 2210 ποῦς
415 2113 523 2236 δάξης
547 2129 675 2232 έρημος
694 2126 754 2226 ὧν,
774 2129 864 2208 ὅσον
884 2135 932 2215 είς
950 2128 1225 2234 ἀνθρωπότητος
1243 2125 1369 2228 λόγον·
1412 2129 1506 2207 οὕτω

306 2255 364 2332 καὶ
383 2253 427 2359 έξ
442 2257 564 2357 ἀρχῆς,
585 2253 639 2332 ἀεί
654 2287 693 2333 τε
712 2257 769 2333 καὶ
789 2251 847 2332 διὰ
865 2253 1002 2338 παντὸς
1020 2253 1269 2354 ἀγαπώμενος,
1290 2253 1506 2353 ἠγαπῆσθαι
1520 2283 1550 2344 15

272 2377 448 2479 Ιιλέγεται
467 2382 524 2456 καὶ
543 2377 633 2477 μετά
652 2375 798 2480 σαρκός.
838 2378 975 2484 πέφηνε
993 2377 1066 2480 γὰρ
1086 2376 1145 2457 διὰ
1162 2384 1269 2456 τοῦτο
1288 2375 1371 2454 καθ’
1392 2376 1503 2475 ἡμᾶς,

305 2500 479 2597 τουτέστι,
499 2499 732 2606 κεχρημάτικε
754 2506 812 2581 καὶ
830 2501 976 2604 γέγονεν
1000 2503 1202 2604 ἅνθρωπος,
1221 2500 1280 2579 ’ίνοι
1304 2497 1369 2580 τὸν
1387 2500 1506 2579 πάλαι

304 2623 548 2722 μεμισημένον
576 2623 634 2702 διὰ
661 2625 727 2724 τὴν
758 2627 796 2704 έν
830 2629 924 2730 ἀρχῇ
956 2623 1169 2730 παράβασιν
1201 2627 1260 2703 καὶ
1290 2619 1358 2722 τήν
1387 2625 1427 2702 έν
1456 2627 1507 2730 τῷ

304 2745 440 2852 μεταξὺ
475 2746 812 2852 παρεισφρήσασαν
848 2749 1035 2852 ἁμαρτίαν,
1073 2745 1262 2852 ἀγαπητὸν
1298 2747 1506 2852 ἀποτελέσῃ

304 2875 356 2978 τῷ
375 2874 470 2977 Θεῷ.
509 2870 601 2975 θῦμα
628 2870 700 2975 γάρ
722 2871 779 2952 διὰ
801 2880 909 2952 τοῦτο
933 2875 991 2952 καὶ
1015 2871 1108 2977 ἀρχὴ
1137 2876 1195 2952 καὶ
1224 2870 1307 2956 ὁδὸς
1334 2868 1556 2950 ἀπάισωνιο

304 2993 389 3094 ἡμῖν
405 3000 478 3073 τῶν
499 2997 645 3096 ἀγαθῶν
667 2995 864 3102 πεφηνέναι
892 2997 1035 3099 λέγεται
1053 2993 1228 3100 Χριστός.
1269 2990 1339 3098 ἆρα
1368 2993 1413 3094 δή
1443 3029 1507 3074 σοι

304 3117 435 3198 λοιπὸν
462 3117 691 3220 ἀνεγκλήτως
717 3119 844 3200 ἑαυτὸν
869 3121 1086 3222 ἦγαπῆσθαί
1114 3127 1211 3227 φησι
1239 3116 1298 3199 διὰ
1326 3117 1368 3196 τὸ
1397 3152 1502 3218 τετη-

303 3245 438 3344 ρῆσθαι
470 3244 553 3343 παρ’
585 3245 693 3323 αὐτοῦ
722 3241 787 3330 τέις
815 3247 870 3324 τοῦ
899 3245 1033 3350 Πατρὶς
1061 3243 1221 3339 ἐντολάς,
1260 3243 1332 3345 ἅμα
1360 3239 1412 3340 μή
1443 3276 1507 3322 σοι

276 3364 437 3469 οτραχύς
456 3366 476 3444 ὁ
494 3374 558 3445 τοῦ
582 3367 782 3468 μυστηρίου
810 3366 994 3473 κατεφάνη
1022 3365 1143 3471 λόγος,
1170 3370 1228 3447 καὶ
1256 3371 1320 3466 τῆς
1347 3363 1391 3444 δι’
1412 3366 1508 3465 ἡμᾶς

305 3488 560 3588 τετελεσμένης
588 3492 787 3588 οἰκονομίας
814 3490 857 3571 τὸ
884 3491 1000 3587 βάθος
1026 3491 1076 3590 μή
1099 3489 1319 3597 δυσέφικτόν
1346 3524 1427 3574 πως
1454 3493 1509 3596 τῷ
1523 3515 1557 3577 25

138 3619 228 3752 Q
305 3614 363 3716 σῷ
380 3611 505 3712 γέγονε
525 3618 599 3718 νῷ;
631 3615 716 3693 ἀλλ’
737 3614 837 3694 ἔστιν
856 3625 879 3663 “
891 3617 1024 3696 ε’νιῦπια
1042 3623 1116 3699 τοῖς
1135 3623 1303 3696 συνιοῦσι
1330 3616 1389 3694 καὶ
1413 3613 1509 3717 ὀρθὰ

306 3741 329 3778 “
345 3733 465 3814 πάντα
482 3741 555 3818 τοῖς
574 3735 700 3839 έχουσι
718 3740 890 3838 γνῶσιν,”
912 3738 1003 3818 κατὰ
1021 3737 1063 3820 τὸ
1081 3737 1342 3842 γεγραμμένον.

338 3856 507 3947 ,Μείνατε
533 3860 653 3939 τοίνυν
681 3864 797 3967 φησὶν
825 3863 854 3941 ἐν
877 3865 918 3973 τῇ
937 3862 1063 3979 ἀγάπη
1082 3867 1123 3972 τῇ
1140 3865 1212 3974 ἐμή,
1240 3860 1418 3952 τουτέστι,
1448 3861 1511 3940 διὰ

304 3984 467 4081 σπουδῆς
494 3982 641 4084 ἀπάσης
669 3987 728 4064 καὶ
755 3988 955 4089 προθυμίας
987 3984 1181 4091 ἐρχόμενοι,
1209 3987 1507 4091 διαπραγματεῦ·

303 4103 428 4185 σασθέ
454 4139 492 4186 τε
522 4111 580 4188 καὶ
609 4109 893 4210 ε’πιτηδειίσασθε
924 4110 966 4190 τὸ
996 4111 1161 4213 τοιαύτης
1190 4113 1384 4220 ἀξιοῦσθαι
1418 4112 1509 4215 παρ’
1525 4145 1560 4204 3⁰

304 4229 391 4327 ἐμοῦ
407 4233 471 4330 τῆς
490 4231 643 4333 ἀγάπης,
658 4234 784 4314 ὁποίαν
803 4233 874 4338 έχω
893 4234 993 4336 κάγὼ
1011 4233 1111 4338 παρὰ
1130 4239 1181 4343 τῷ
1195 4241 1278 4343 Θεῷ
1296 4237 1355 4315 καὶ
1372 4238 1510 4340 Πατρί.

305 4352 437 4456 γέγονα
464 4354 529 4456 μέν
556 4354 628 4460 γάρ
650 4356 804 4459 ὑπήκοος
822 4355 893 4461 ε’γιῦ
911 4361 969 4438 καὶ
988 4365 1060 4439 τῶν
1078 4368 1142 4440 τοῦ
1162 4356 1309 4462 Πατρὸς
1337 4357 1507 4460 θελημά·

763 4615 803 4666 19.
814 4596 980 4652 ἀποτελέσαι
995 4597 1027 4652 Ε.
