3274 5118
315 341 379 404 588
618 339 658 402 Β.
682 335 888 402 CYRILLI
918 333 1209 400 ALEXANDR.
1406 325 1535 394 xv.18.

149 530 266 590 ενοι
285 504 429 588 οοῦδενὶ
463 503 506 585 τὸ
543 504 714 609 παράπαν
751 503 815 585 τὸν
851 507 1006 610 ὠφελεῖν
1042 501 1217 608 ἰσχύοντα
1257 493 1535 603 προϊσχόμεναι

315 625 438 732 λόγον,
457 629 648 736 κομψείαις
673 627 711 710 δὲ
734 635 880 728 μᾶλλον
902 627 1115 712 ἐπιδιδόντες
1139 625 1186 707 τὰ
1210 621 1446 730 φρονήματα,
1470 621 1533 700 καὶ

314 751 378 832 τὸν
395 750 461 851 μὲν
478 754 517 832 έκ
534 753 739 857 παῤῥησίας
757 755 821 851 τῆς
840 749 932 833 κατά
950 749 1046 832 Θεὸν
1062 750 1322 832 συστείλαντες
1345 744 1530 851 ἔλεγχον,

313 873 357 955 τὸ
395 872 509 977 γεμὴν
541 875 686 984 ἑκάστῳ
722 881 870 974 μᾶλλον
906 871 973 975 ήδῦ
1007 871 1205 957 λαλοῦντές
1241 905 1280 954 τε
1306 872 1377 951 ,καὶ
1416 875 1528 970 ‘²⁰⁷1-

314 999 508 1102 γούμενοι;
1541 1021 1560 1082 5

370 1124 570 1226 Ἀναγκοιία
595 1132 784 1228 τοιγαροῦν
802 1123 825 1224 ἡ
845 1123 1054 1226 παραίνεσις
1075 1129 1140 1203 τοῦ
1157 1120 1207 1223 μὴ
1226 1118 1375 1228 σφόδρα
1394 1125 1523 1228 φιλεῖ-

314 1253 404 1328 σθαι
423 1245 547 1348 ζητεῖν,
566 1254 747 1329 ποιεῖσθαι
772 1247 811 1327 δὲ
832 1248 916 1350 παρ’
937 1243 1038 1328 οῦδὲν
1056 1245 1099 1326 τὸ
1123 1249 1183 1326 καὶ
1205 1243 1263 1326 διά
1279 1246 1414 1343 μίσους
1432 1243 1525 1322 ἰέναι

314 1375 423 1469 τισὶν,
442 1371 518 1452 ἔστ’
538 1369 583 1451 ἀν
601 1373 721 1456 αὐτοῖς
739 1371 780 1452 τό
799 1373 838 1450 ἐκ
856 1375 921 1472 τῖγς
938 1371 1125 1454 νουθεσίας
1143 1368 1296 1474 ὑπάρχοι
1318 1365 1520 1474 χρήσιμον.

314 1494 420 1577 τοῦτό
446 1530 501 1576 τοι
530 1499 588 1575 καὶ
612 1500 764 1576 Παῦλον
786 1494 982 1599 δεδρακότα
1007 1495 1237 1598 θεωρήσομεν
1265 1494 1323 1573 καὶ
1350 1491 1523 1594 εἰρηκότα

146 1619 268 1696 αλιιοζ
280 1640 302 1706 b
315 1625 447 1725 σοφοῖς
466 1629 488 1666 “
499 1617 610 1721 Ἀρτι
629 1617 700 1723 γάρ
722 1620 933 1723 ἀνθρώπους
957 1618 1068 1700 πείθω
1094 1617 1117 1720 ἢ
1142 1617 1207 1700 τὸν
1225 1617 1320 1698 Θεόν
1336 1650 1348 1714 3
1378 1613 1403 1716 ἢ
1423 1616 1521 1720 ζητῶ
1539 1653 1576 1696 το

316 1755 337 1792 “
355 1743 557 1845 ἀνθρώποις
585 1745 750 1847 ἀρέσκειν
762 1776 773 1842 ;
808 1750 839 1825 εί
865 1744 915 1824 ἔτι
943 1743 1108 1846 ἀρέσκειν
1135 1742 1336 1847 ἀνθρώποις
1363 1741 1518 1841 ἤθελον,

315 1877 337 1914 “
356 1872 521 1970 Χριστοῦ
547 1871 675 1952 δοῦλος
700 1869 764 1948 οῦκ
791 1866 836 1948 ἀν
855 1869 983 1968 ἤμην.”
1012 1867 1225 1970 ἐπιτιμήσας
1248 1865 1286 1947 δὲ
1310 1863 1426 1946 πόλιν
1443 1871 1520 1945 τοῖν

172 2088 193 2138 c
242 2089 258 2102 ..
314 1993 352 2074 έν
383 1992 550 2100 Κορίνθῳ
586 1994 664 2088 τινὶ,
695 1990 886 2098 ἀφορήτους
922 2027 962 2073 τε
999 1991 1083 2072 λίαν
1114 1989 1352 2094 ἀπηλγηκότα
1386 1996 1520 2070 τοῦτον

149 2102 161 2136 2
194 2105 228 2140 Οἳ·
241 2105 267 2140 11,

150 2167 171 2202 ι.
314 2113 450 2214 μαθὼν,
479 2115 595 2221 φησίν
623 2120 702 2195 “Εί
729 2114 801 2220 γάρ
829 2115 900 2218 ἐγὼ
928 2122 1032 2196 λωτοῦ
1061 2117 1162 2216 ὑμᾶς,
1191 2117 1249 2194 καὶ
1278 2116 1332 2199 τίς
1364 2115 1518 2194 ε’στινό

146 2244 270 2296 ΜΗΘ·
316 2249 338 2285 “
355 2240 555 2344 εὐφραίνων
577 2273 622 2339 με
647 2244 677 2318 εί
704 2239 755 2340 μὴ
783 2241 803 2319 ό
827 2239 1050 2339 λυπούμενος
1073 2239 1118 2346 ἐξ
1138 2243 1224 2338 ε’μοῦ
1236 2271 1247 2336 ;
1278 2237 1300 2338 ἡ
1325 2235 1398 2341 γάρ
1423 2235 1517 2318 κατὰ
1533 2273 1566 2332 15

316 2372 338 2408 “
357 2360 453 2442 Θεὸν
475 2361 575 2462 λόπη
601 2363 792 2462 μετάνοιαν
814 2367 863 2448 είς
889 2363 1072 2466 σωτηρίαν
1094 2359 1366 2462 ἀμεταμέλητον
1383 2394 1513 2464 κατερ-

315 2494 338 2532 “
356 2482 529 2586 γάζεται.”
558 2484 663 2565 ἔσται
681 2495 872 2590 τοιγαροῦν
890 2485 1087 2587 οὐδαμόθεν
1105 2486 1325 2593 ἀμφίλογον,
1337 2487 1386 2570 ὡς
1404 2493 1517 2564 κολα·

315 2607 435 2686 κεύσει
459 2605 524 2706 μὲν
547 2605 611 2687 τὸν
636 2607 777 2708 κόσμον
800 2610 892 2714 ἤπερ
919 2609 1042 2712 ὀνήσει
1068 2611 1253 2709 μιῖλλονό
1281 2607 1363 2689 καθ’
1382 2607 1516 2708 ἡδονὴν

285 2736 388 2814 οτοῖς
413 2731 648 2834 ἀκροωμεῖιοις
674 2731 843 2833 ἐσόμενος
867 2732 989 2837 λόγος,
1007 2737 1066 2815 καὶ
1090 2736 1170 2838 οῦχὶ
1193 2730 1260 2833 τὴν
1277 2741 1341 2812 τοῦ
1363 2733 1511 2838 συμφέ-

313 2887 440 2956 ροντος
464 2853 612 2955 γνώμην
637 2859 857 2960 παρατιθείς·
887 2859 907 2937 ό
935 2857 975 2939 δὲ
1001 2865 1075 2943 τοῖς
1102 2865 1166 2938 τοῦ
1191 2860 1359 2960 Σωτῆρος
1385 2854 1509 2936 πειθό·
1528 2897 1567 2940 το

314 3011 419 3075 μενος
437 2979 571 3080 λόγοις,
591 2979 672 3085 οῦχὶ
689 2989 794 3060 τοῦτο
812 2980 1042 3085 πρεσβεύσει·
1066 2981 1195 3076 πόθεν;
1219 2986 1422 3084 προελεῖται
1439 2979 1513 3083 γὰρ

314 3107 460 3200 μᾶλλον
478 3102 520 3182 τὸ
545 3104 708 3207 ἀρέσκειν
726 3106 834 3214 αὐτῷ,
853 3108 910 3186 καὶ
935 3104 1173 3204 πνευματικὸν
1192 3102 1367 3206 ἡγήσεται
1391 3111 1509 3185 πλοῦ·

315 3257 379 3304 του
403 3228 462 3304 καὶ
487 3223 529 3305 τὸ
554 3234 743 3325 μισεῖσθαι
768 3229 898 3310 λοιπὸν
922 3229 1022 3335 παρὰ
1046 3235 1119 3311 τῶν
1141 3228 1307 3332 ἡγεῖσθαι
1330 3237 1512 3329 πολεμιω·

315 3347 427 3447 πότην
444 3347 510 3448 τὴν
529 3349 657 3452 ἀρετὴν
677 3349 868 3452 ἑλομένων.

364 3469 486 3550 Ὅταν
514 3474 642 3572 τοίνυν,
671 3479 775 3581 φησὶ,
804 3483 880 3560 ταῖς
909 3478 1089 3580 ὑμετέραις
1116 3475 1390 3580 εῦδοκιμήσεσιν
1416 3477 1514 3558 ἀντι-
1527 3515 1563 3578 ²5

313 3590 484 3693 πράττειν
501 3595 583 3675 ἔσθ’
604 3596 663 3678 ότε
682 3600 797 3707 ὁρῷτο
816 3601 1041 3701 κεκινημένον
1059 3600 1101 3681 τὸ
1119 3609 1307 3700 μισεῖσθαι
1324 3599 1425 3706 παρὰ
1448 3611 1513 3682 τοῦ

313 3714 466 3815 κόσμου·
498 3717 670 3820 νικόσθω,
689 3727 747 3803 καὶ
765 3733 872 3804 τοῦτο
892 3725 1161 3831 διαῤῥίπτεσθαι
1179 3723 1222 3807 τῦ
1239 3725 1512 3830 παραπόδισμα,

279 3839 372 3918 ᾶδιά
408 3849 472 3922 τοῦ
505 3841 557 3943 μή
590 3845 674 3924 λίαν
706 3845 903 3953 ἐφήδεσθαι
935 3857 1012 3934 ταῖς
1043 3857 1116 3930 τῶν
1147 3851 1373 3954 ἀγαπώντων
1404 3850 1515 3932 αὑτὸν

313 3971 440 4063 τιμαῖς,
475 3973 506 4046 εί
542 3966 593 4068 μὴ
629 3977 694 4049 τοῦ
732 3968 932 4077 πεφυκότος
975 3977 1129 4079 ὠφελεῖν
1165 3977 1348 4081 ἀνέχοιντο
1384 3972 1512 4077 λόγου·

314 4088 462 4190 όράσθω
493 4089 532 4170 δὲ
559 4095 732 4194 μηδαμῶς
764 4090 806 4172 τό
842 4101 1031 4192 μισεῖσθαι
1068 4097 1251 4208 φορτικὸν,
1283 4101 1370 4197 ἐμοῦ
1406 4107 1514 4180 τοῦτο
1529 4133 1567 4194 ³0

312 4214 614 4314 προπεπονθότος.
654 4219 723 4316 εἰμὶ
757 4214 795 4298 δὲ
827 4216 993 4317 δηλονότι
1022 4218 1156 4324 Κύριος
1184 4225 1243 4302 καί
1274 4219 1510 4307 διδάσκαλος.

349 4437 375 4488 9.
392 4441 433 4475 τοι
446 4421 510 4476 E.F.
523 4421 575 4478 Ed.
585 4441 641 4500 mg.
653 4448 678 4482 τι
690 4425 742 4482 Ed.
887 4443 928 4499 13.
946 4431 1039 4484 τοῦτον
1051 4429 1084 4485 Ε.
1096 4433 1173 4487 τοῦτο
1185 4429 1237 4486 Ed.
1375 4449 1418 4502 14.
1437 4431 1512 4490 ἔστιν

312 4499 527 4618 ηηηοτηιρὲατοακ
540 4493 573 4549 E.
705 4496 746 4565 τό,
764 4497 958 4570 ἀμεταμέλητον
969 4499 1001 4555 E.
1015 4498 1194 4572 ἀμετάβλητον
1206 4501 1257 4560 Ed.
1383 4505 1427 4560 τ8.
1443 4503 1510 4576 ἄγα-
