3238 5114
123 355 199 421 xvii.
215 377 244 427 α.
290 357 347 424 IN
378 357 690 425 S.JOANNEM.
738 359 834 425 LIB.
858 359 919 426 XI.
966 359 1067 426 CAP.
1092 359 1151 424 1v.
1260 361 1322 424 665

123 524 271 628 τρόπον·
320 527 414 608 οὕτω
448 525 546 608 θέλω
582 525 642 607 ἵνα
678 526 789 627 μηδὲν
819 533 893 606 τῶν
925 525 1098 608 δοθέντων
1129 523 1322 624 ἀπόληται·

123 647 215 758 δόξα
233 649 305 755 γὸρ
323 654 381 731 καὶ
399 653 489 752 αῦτη
506 649 606 755 παρὸ
627 647 694 750 μέν
711 659 776 730 τοῦ
795 649 941 754 Πατρός
960 657 1009 735 εῖς
1026 650 1090 731 τὸν
1106 649 1206 746 Υῖὸν,
1225 649 1325 752 παρὸ

122 771 160 854 δέ
187 783 251 854 τοῦ
268 777 360 855 Υῖοῦ
386 779 435 859 εῖς
460 774 523 856 τὸν
542 775 689 878 Πατέρα
716 778 957 878 διαδραμεῖται
984 771 1111 856 πόλιν.
1153 774 1221 854 ἔδει
1251 772 1324 874 γὰρ

122 897 192 978 ἔδει
220 896 263 979 τὸ
293 898 509 1006 ῦπεξοῦσων
541 897 637 983 ὅλως
670 901 728 979 καὶ
761 896 830 979 ὑπὸ
862 905 963 1005 χεῖρα
995 896 1229 1000 γεγενημένον
1260 905 1355 977 τοῦο

88 1021 242 1110 5πάντα
273 1021 463 1128 ἰσχύοντος
496 1027 592 1102 Θεοῦ
623 1020 756 1126 Λόγον,
789 1023 1085 1120 διασεσωσμένον
1116 1019 1228 1128 ἅπαξ,
1265 1023 1324 1101 καὶ

121 1145 160 1224 ἐν
185 1142 429 1246 ἀτελειπήτοις
455 1152 572 1247 μεῖναι
596 1153 671 1232 τοῖς
700 1148 859 1249 ἀγαθοῖς,
878 1149 926 1231 ὦς
953 1145 1079 1246 μηκέτι
1106 1143 1171 1243 μὲν
1195 1178 1322 1248 τυραν·

123 1273 262 1350 νεῖσθαι
290 1269 444 1380 θαναίτῳ,
462 1268 513 1372 μὴ
532 1275 654 1378 φθορᾷ
681 1276 890 1375 κρατεῖσθαι
916 1273 974 1350 καὶ
996 1269 1194 1374 ἁμαρτίαις,
1211 1267 1325 1370 ἤγουν

122 1393 174 1473 ἔτι
192 1401 267 1478 τοῖς
282 1395 441 1499 ἀρχαίοις
460 1396 669 1475 ὑποκεῖσθαι
688 1401 819 1478 κακοῖς.

177 1517 325 1619 Ἐπειδὴ
345 1517 382 1598 δὲ
400 1518 443 1600 τό
463 1513 627 1605 Δέδωιιιις
646 1524 738 1627 αὐτῷ
756 1518 906 1626 ἐξουσίαν
928 1516 1047 1610 πόσης
1065 1515 1193 1625 σαρκὸς
1212 1522 1320 1619 θορυ-

68 1641 252 1741 ιοβήσειν
270 1641 361 1728 εῖκὸς
389 1648 463 1724 τιῦν
480 1643 741 1747 ἁπλουστέρων
758 1641 868 1739 τινάς,
887 1640 973 1750 φέρε
1002 1640 1046 1742 δὴ
1074 1641 1187 1724 πάλιν
1215 1641 1324 1744 ὀλίγα

121 1763 212 1844 ἀττα
237 1767 425 1872 χρησίμως
452 1771 502 1851 εἱς
528 1773 635 1846 τοῦτο
662 1765 836 1868 λέγωμεν,
865 1765 929 1845 οῦκ
957 1767 1142 1848 ὀκνοῦντες
1171 1761 1229 1844 διὸ
1259 1762 1325 1864 τὴν

121 1887 254 1994 χρείαν,
271 1895 301 1970 εῖ
320 1893 377 1970 καὶ
397 1893 544 1971 ἀσθενεῖ
566 1895 637 1974 τοῖς
665 1888 776 1991 λόγος
801 1895 850 1972 εἷς
867 1886 935 1989 τὴν
951 1891 1032 1991 περὶ
1058 1895 1131 1968 τῶν
1154 1886 1360 1967 τοιούτωνᾱ

120 2011 309 2118 ἐξήγησιν.
350 2013 516 2114 μα’λιστα
543 2011 609 2112 μέν
640 2011 712 2116 γὰρ
741 2015 814 2116 ε’ρεῖ
842 2015 901 2092 καὶ
932 2020 1038 2092 τοῦτο
1065 2010 1275 2116 πρεπόντως
1304 2013 1324 2091 ό

123 2135 256 2240 Κύριος
274 2144 325 2246 τῷ
343 2137 518 2245 ληφθεῖσι
534 2135 706 2242 σχήματι,
724 2142 776 2244 τῷ
794 2141 857 2236 τῆς
876 2135 1126 2221 ταπεινώσεως
1148 2135 1246 2237 λέγω
1265 2139 1324 2216 καὶ

68 2297 107 2357 ¹5
120 2268 194 2344 τοῖς
212 2265 276 2356 τῆς
293 2258 568 2365 ἀνθρωπότητος
585 2260 738 2364 μέτροις.
775 2263 834 2340 καὶ
855 2260 961 2365 δέχου
978 2258 1042 2340 τὸν
1062 2257 1253 2362 λογισμόν.
1294 2265 1325 2339 εὶ

119 2383 186 2484 μέν
213 2383 286 2489 γὰρ
315 2387 530 2490 ε’ρυθριῶμεν
557 2385 745 2469 ἀκούοντες
773 2383 828 2464 ὅτι
857 2389 985 2468 δοῦλος
1013 2383 1248 2490 κεχρημάτικε
1279 2383 1323 2464 δι’

120 2509 224 2609 ἡμᾶς,
242 2511 356 2590 καίτοι
380 2515 453 2590 τῶν
472 2508 570 2590 ὅλων
590 2508 722 2612 Κύριος
746 2506 796 2590 (ὸν
814 2508 905 2607 μετὰ
929 2517 995 2589 τοῦ
1014 2509 1170 2613 Πατρός,
1191 2512 1248 2588 καὶ
1270 2507 1324 2588 ότι

121 2633 402 2738 κεχειροτόνηται
430 2631 636 2728 “βασιλεῦς
661 2633 718 2713 ε’πὶ
748 2633 843 2742 Σιὸνν
870 2630 952 2735 ὅρος
979 2630 1021 2712 τὸ
1050 2629 1153 2735 ἀγιον
1180 2631 1323 2723 αὐτοῦ,”
1369 2643 1412 2695 1²⁸·
1420 2645 1447 2694 ὓ·
1459 2642 1484 2694 ⁶·

121 2755 234 2838 καίτοι
262 2754 304 2839 τὸ
331 2756 520 2864 κατάρχειν
549 2757 727 2837 δυ’νασθαι
753 2763 827 2838 τῶν
846 2755 943 2837 όλων
970 2759 1008 2836 έν
1031 2756 1102 2864 ῖδίρ
1130 2755 1239 2862 φύσει
1267 2759 1325 2836 καὶ

67 2919 107 2960 αο
122 2882 186 2960 οῦκ
218 2882 406 2984 ἐπίκτητον
426 2881 542 2987 έχων,
576 2883 741 2984 ἐρυθριᾶν
777 2879 978 2961 ἀκόλουθον
1011 2878 1078 2960 κάν
1112 2881 1147 2960 εί
1170 2915 1205 2960 τι
1232 2880 1355 2986 λέγηθ

122 3004 290 3109 δέχεσθαι
317 3005 431 3087 πόλιν
454 3009 502 3089 ὡς
527 3003 725 3108 ἅνθρωπος.
763 3010 792 3085 εὶ
821 3003 859 3085 δὲ
886 3001 1109 3106 θαυμάᾇνμεν
1127 3006 1166 3084 ε’ν
1184 3005 1326 3088 ἐκείνοις

121 3126 188 3228 τὴν
212 3127 376 3209 ἑκούσιον
398 3127 592 3231 ὑποταγὴν,
613 3126 656 3209 τὸ
684 3129 867 3212 οῦσιωδιῦς
891 3129 1093 3234 ἐμπεφυκὸς
1118 3129 1183 3208 οὐκ
1211 3130 1321 3229 ἀγνο-

122 3260 243 3337 οῦντες
270 3253 422 3360 ἀξίωμα,
440 3253 479 3332 τί
502 3251 553 3354 μὴ
577 3251 669 3356 πρὸς
686 3253 829 3336 ἐκείνοις
846 3254 905 3330 καὶ
923 3259 1029 3331 τοῦτο
1047 3251 1320 3350 τεθαύμασται,

121 3375 240 3457 πάντα
269 3376 341 3479 γὰρ
358 3375 459 3481 ἔχων,
478 3378 527 3461 ὡς
544 3373 653 3470 Θεὸς,
675 3359 985 3482 δέχεσθαίφησιν
1004 3377 1053 3460 ὡς
1079 3371 1325 3483 ἀνθρωπος,ᾧ

69 3531 107 3592 ²5
120 3497 163 3581 τὸ
190 3501 409 3600 βασιλεύειν,
428 3502 492 3581 οῦκ
520 3501 699 3596 οὐσιῶδες,
715 3497 816 3578 ἀλλά
843 3496 958 3579 δοτόν·
1000 3509 1022 3547 “
1036 3500 1074 3580 τί
1097 3498 1169 3603 γὰρ
1193 3499 1282 3605 ἔχεις
1303 3497 1323 3580 ὸ
1368 3496 1449 3626 ἔρξ’·

121 3635 143 3672 “
161 3625 224 3705 οῦκ
242 3621 403 3725 έλαβες,”
432 3631 506 3710 τοῖς
526 3630 600 3704 τῶν
623 3629 782 3728 γενητῶν
801 3621 953 3726 ἁρμόσει
981 3623 1135 3728 μέτροις·
1175 3623 1324 3726 γενητὸς

120 3747 234 3829 δὲκαὶ
252 3751 272 3829 ὁ
291 3748 463 3853 Χριστὸς,
482 3747 572 3829 καθὸ
598 3747 745 3852 γέγονεν
764 3745 962 3852 ἅνθρωπος,
981 3749 1096 3827 καίτοι
1121 3745 1188 3847 τὴν
1207 3747 1324 3852 φύσιν

119 3871 288 3974 ἀγένητος
316 3871 375 3972 ὢν,
407 3870 496 3954 καθὸ
525 3871 683 3977 πέφηνεν
715 3873 754 3952 έκ
786 3877 892 3953 Θεοῦ.
940 3869 1151 3970 πάνταμὲν
1180 3869 1253 3973 γὸρ
1281 3874 1354 3950 εὐα
1375 3891 1492 3948 951Δ.

121 4001 205 4104 Θεῷ
232 4003 395 4104 φυσικοῖς
422 4030 460 4077 τε
488 3999 547 4077 καὶ
575 3997 669 4080 ἰδίως
697 3994 743 4075 τὸ
770 3993 891 4098 ἀγαθά
919 3994 1051 4074 νοεῖταί
1082 4027 1120 4073 τε
1153 3996 1212 4072 καὶ
1244 3993 1323 4073 ἔστι

67 4157 106 4214 30
121 4119 212 4200 κατὸ
237 4119 420 4222 ἀλήθειαν,
439 4117 631 4221 εἶσποιητὸ
653 4119 691 4199 δὲ
713 4122 751 4199 ἐν
770 4119 853 4218 ἡμῖν
876 4119 936 4196 καὶ
953 4115 1012 4197 διὸ
1029 4117 1124 4201 θείας
1148 4119 1324 4222 χορηγοῦ-

119 4257 209 4344 μενα
236 4241 393 4350 χάριτος.
433 4243 520 4325 όταν
544 4245 662 4324 τοίνυν
681 4246 730 4328 ὡς
752 4242 941 4344 ἅνθρωπος
967 4247 1015 4326 είς
1038 4239 1104 4341 τὴν
1122 4239 1205 4323 καθ’
1225 4242 1325 4342 ἡμῶν

120 4367 316 4468 τεθειμένος
352 4365 468 4474 ἀρχὴν
500 4367 670 4448 δεδόσθαι
704 4365 794 4472 λέγη
829 4365 927 4470 παρὸ
962 4361 1108 4470 Πατρός
1139 4365 1204 4466 τὴν
1234 4364 1324 4448 κατὰ

195 4606 235 4660 19.
254 4587 337 4662 ὅλων]
355 4595 382 4654 †
399 4587 484 4658 κύριος
497 4589 529 4646 E.
770 4587 813 4644 26.
832 4586 958 4660 γενητῶν]
972 4591 1130 4660 γεννητόρων
1144 4587 1205 4658 (sic)
1220 4587 1253 4643 E.

163 4691 235 4736 νου.
251 4691 289 4736 11.
680 4693 701 4752 4
718 4691 740 4750 Q
