3274 5118
107 363 304 454 xvi.12,13.
337 365 394 431 IN
424 365 459 432 S.
482 365 736 433 JOANNEM.
781 363 878 470 LIB.
901 364 943 430 X.
988 364 1091 431 OAP.
1114 364 1162 430 11.
1240 364 1305 430 629

108 538 183 629 τοῦ,
202 540 358 615 συνεπιεΐ
371 532 437 634 μὲν
458 535 560 634 ὑμᾶς,
576 535 636 614 καὶ
663 531 704 612 τῦ
725 537 805 638 περὶ
832 537 896 634 τῆς
920 533 1090 636 ἀληθείας
1117 532 1302 616 ἀποκαλύ-

108 660 175 759 ψει
190 655 399 761 μυστήριον·
432 655 589 758 λαλήσει
607 655 721 760 γεμήν
736 663 924 742 παντελῶς
941 656 1043 739 οὐδὲν
1056 663 1129 738 τιῦν
1146 655 1303 764 ἀπρδθν-

108 813 183 860 πων
198 781 287 880 ἐμοὶ,
305 781 390 860 ἀλλ’
410 779 491 862 οῦδὲ
509 779 614 888 ξένον
629 783 712 882 ῦμῖν
729 780 963 884 είσηγήσεται
981 777 1142 882 μάθημα·
1172 781 1214 862 οῦ
1231 779 1305 884 γὰρ

109 905 220 990 ἰδίους
246 903 357 1012 τυχὸν
382 905 530 987 εἰσοίσει
558 901 696 1006 νόμους·
729 904 849 1007 ἐπειδὴ
876 904 916 985 δὲ
936 911 1085 1006 Πνεῦμα
1113 907 1172 985 καὶ
1199 907 1305 986 οἱονεὶ

73 1037 193 1122 5νοῦς
219 1031 319 1110 ἐστιν
337 1027 430 1131 ε’μῦς,
450 1028 608 1132 λαλήσει
632 1029 676 1130 δή
700 1028 843 1116 πάντως
864 1028 912 1110 ποί
929 1031 968 1110 ἐν
984 1029 1072 1130 ἐμοί.
1112 1031 1171 1109 καὶ
1198 1026 1304 1110 τοῦτό

109 1161 227 1260 φησιν
244 1157 265 1236 ὃ
285 1153 424 1258 Σωτὴρ,
450 1155 518 1260 οῦχ
544 1153 603 1234 ἵνα
630 1158 767 1254 νοοῦμεν
785 1151 1001 1257 ῦπουργικῦν
1024 1152 1067 1234 τὸ
1090 1159 1239 1253 Πνεῦμα
1261 1151 1303 1234 τὸ

102 1275 236 1381 ’Ἂγιον
256 1277 348 1360 κατὰ
371 1277 438 1380 τὴν
456 1283 563 1359 τινοῦν
579 1278 748 1378 ἀμαθίαν·
786 1281 1071 1386 πληροφορῆσαι
1094 1276 1134 1358 δὲ
1158 1285 1334 1378 μῦλλονι
1354 1296 1470 1355 92η

109 1399 287 1503 ἐθελήσας
313 1400 397 1488 ποῦς
423 1399 597 1503 μαθητὰς,
624 1403 673 1486 ὡς
700 1401 767 1507 οῦχ
799 1401 919 1505 ἕτερον
946 1399 988 1482 ῦν
1014 1401 1098 1506 παρ’
1125 1399 1234 1482 αὑτὸν
1262 1400 1304 1483 τῦ

112 1531 261 1626 Πνεῦμα
288 1527 408 1625 αι’ποῦ,
428 1523 520 1606 καποί
545 1560 587 1628 γε
612 1524 675 1606 τὸν
701 1526 740 1606 ἒν
767 1522 1019 1627 ὁμοουσιόπηπι
1046 1525 1170 1630 λόγον,
1191 1534 1305 1607 ταῦτα

55 1688 97 1728 ιο
110 1649 155 1750 δὴ
173 1649 316 1736 πάντας
333 1651 480 1746 λαλήσει
498 1652 557 1730 καὶ
574 1647 757 1752 ἐνεργήσει
775 1651 833 1730 καὶ
851 1647 1086 1750 βουλήσεται.

166 1772 241 1854 Διὰ
259 1773 331 1878 γάρ
345 1808 400 1855 τοι
413 1782 519 1854 τοῦτο
536 1773 790 1876 προστέθεικεν
808 1772 863 1853 ὅτι
879 1781 939 1854 καὶ
953 1772 1000 1855 τῦι
1014 1774 1178 1881 ίρχίμιιιι
1194 1779 1306 1878 ιἰιιιγ-

109 1902 211 2000 γελιῖ
234 1902 322 2004 ὑμῖν,
342 1899 531 2004 μονονουχὶ
560 1895 680 2000 λέγων
700 1901 853 1997 Σημεΐον
877 1905 984 1977 τοῦτο
1010 1897 1114 1978 ἔσται
1141 1900 1232 1998 ῦμΐν,
1251 1899 1306 2007 ὅτι

110 2019 155 2122 δὴ
182 2021 325 2106 πιίνιως
352 2024 391 2102 ἐκ
417 2025 482 2122 τῆς
508 2023 595 2122 ε’μῆς
624 2019 749 2106 οὐσίας
778 2017 821 2101 τῦ
842 2018 993 2120 Πνεῦμιί
1020 2022 1115 2120 ε’σπι,
1144 2025 1202 2103 καὶ
1231 2020 1307 2103 οἶον

109 2143 193 2244 ε’μός
216 2148 296 2226 ε’σπι
324 2153 416 2244 νοῦς,
441 2142 484 2225 τῦ
508 2147 599 2250 ἐρεῖν
626 2141 735 2224 αῦπῦν
766 2141 813 2226 τὰ
842 2141 1007 2244 ἐσόμενα,
1032 2144 1194 2250 καθάπερ
1220 2147 1304 2249 ἐγώ.

57 2307 96 2368 15
109 2269 303 2373 προείρηκα
327 2268 414 2374 γὰρ,
436 2275 465 2350 εί
490 2273 548 2350 καὶ
570 2266 621 2370 μή
640 2266 836 2370 δεδύνησθε
860 2265 979 2350 πάντα
1003 2275 1140 2369 μαθεῖν.
1179 2271 1244 2351 οῦκ
1262 2267 1308 2351 ἂν

110 2394 174 2474 οῦν
191 2392 262 2497 ἄρα
289 2392 449 2497 καθάπερ
476 2392 548 2494 ε’γῦ
572 2399 718 2496 προερεῖ
741 2391 788 2474 τὰ
811 2389 977 2495 ἐσόμενα,
994 2392 1045 2494 μή
1064 2395 1144 2500 οῦχὶ
1164 2393 1308 2478 πάντως

111 2519 149 2597 ἐν
166 2517 247 2615 ε’μοί
261 2551 300 2598 τε
318 2515 479 2623 ὑπάρχον
497 2518 555 2597 καὶ
573 2518 616 2597 δι’
636 2519 721 2618 ε’μοῦ
740 2514 879 2622 προϊὸν,
897 2519 1038 2619 καὶτῆς
1056 2519 1164 2620 αὐτῆς
1182 2517 1308 2604 οὐσίας

112 2640 275 2748 ῦπιίρχον
292 2641 381 2742 ἐμοί.

441 2921 550 2970 mox
568 2921 634 2970 ΤΟΥ
654 2920 812 2970 umor
830 2920 974 2970 mutuor.

150 3263 175 3302 ν.
192 3246 268 3302 οὐδὲν
278 3249 410 3304 παντελῶς
421 3247 528 3304 inverso
539 3244 633 3302 ordino
644 3264 670 3318 q.
681 3245 795 3300 Vaccus.
904 3260 957 3386 pr
966 3239 1084 3312 Πνεῦμα]
1102 3247 1130 3307 4
1145 3241 1176 3296 τὸ
1187 3241 1261 3312 θγιον
1273 3241 1307 3296 Ε.

117 3333 158 3372 12.
177 3317 297 3392 σημεῖον]
314 3325 344 3385 ÷
358 3317 389 3388 δὴ
401 3337 429 3391 p.
688 3330 731 3385 15·
750 3313 891 3384 δεδύνησθι
967 3331 995 3387 q.
1007 3312 1121 3370 Vaccus.
1134 3312 1245 3383 δύνησθε
1255 3311 1307 3368 Ed.

118 3405 159 3458 ¹9·
177 3387 223 3444 Sic
236 3387 268 3445 E.
