3118 5132
32 321 175 408 t‘i'kzmss.
284 329 359 397 IN
401 333 455 399 S.
489 335 517 400 J
527 335 776 402 OANNEM.
809 319 920 401 ⁸LIB.
943 335 1005 402 IX.
1222 335 1287 402 373

35 491 211 592 δὲμᾶλλον
257 499 422 580 ἐλθεῖν
473 507 541 586 εἰς
584 499 651 582 τὸν
687 499 904 606 τριπόθητον
940 499 1065 606 καιρὸν
1096 503 1160 602 τῆς
1196 502 1289 581 οὕτω

37 625 163 722 θνατᾶς
190 623 394 726 {oman

69 745 135 824 Οόκ
161 745 293 828 εἰδότι
328 755 584 852 τοιγαροῦν
602 753 654 855 τῷ
678 757 832 857 σατανᾷ,
849 747 905 830 ὅτι
931 753 996 850 τῆς
1024 749 1151 829 ἑαυτοῦ
1177 775 1320 828 κατα-ο

38 869 247 970 στρατεύεται
289 876 529 980 κεφαλῆς,
560 869 788 974 ἀγνοήσαυτί
815 906 854 954 τε
886 878 1084 970 παντελῶς,
1115 871 1170 952 ότι
1200 868 1291 951 κατὰ

26 1002 164 1092 ειρημναῦ
199 994 373 1102 τρέχει,
412 993 498 1076 τὸν
532 997 591 1075 ἐπὶ
623 1003 688 1075 τοῦ
719 1003 880 1099 σταυροῦ
912 994 1090 1102 διατήξας
1122 993 1291 1088 θάνατον,

41 1115 172 1220 ἔφασκεν
192 1121 217 1200 ὁ
239 1119 420 1224 Σωτήρ
434 1117 500 1200 ’Ὀ
523 1122 631 1205 ποιεῖς
649 1121 782 1216 ποίησαν
800 1118 929 1219 τόχιον·
966 1121 1198 1203 ἀπειλοῦντος
1220 1117 1294 1222 γᾶρ

41 1243 202 1336 μιλλον
181 1281 209 1345 η
235 1275 570 1349 προπρεποντος
587 1277 607 1322 ο
593 1239 775 1345 λόγος’
756 1245 870 1323 εστίν.
893 1239 1037 1398 ῶσπερ
1059 1240 1130 1390 γὰρ
1156 1242 1293 1326 νεανίας

43 1398 96 1466 τρο
124 1369 228 1469 ἥβης
267 1372 348 1449 καὶ
386 1364 519 1450 καλος
550 1401 610 1447 και
596 1365 912 1490 σφριγῶσαν
887 1401 980 1472 εχων
1006 1368 1044 1446 ἐν
1071 1372 1123 1474 τῷ
1149 1365 1294 1465 σώματι

47 1489 243 1590 δύναμιν,
224 1497 319 1599 ορᾷ
359 1490 444 1590 μὲν
475 1489 578 1596 ἐφ’
560 1495 674 1597 εαυτῷ
693 1483 937 1594 δρομαῖον”
906 1523 1004 1571 ιοντα
1035 1489 1125 1590 τινὰ,
1154 1485 1294 1598 όξεΐδε

22 1647 40 1686 1:
48 1615 173 1695 τελὲκει
211 1615 299 1716 τὴν
345 1609 540 1720 δεξιαν’
521 1611 734 1717 εναρμόσας,
767 1647 827 1694 και
859 1612 1016 1700 εἰδῶς’
996 1647 1052 1694 οτι
1088 1611 1295 1720 τεθνήξεται

50 1737 184 1824 πόσεως
211 1737 385 1836 ε’λθδυν,
408 1735 678 1844 ἀναφθέγγοιτυ
702 1735 814 1842 τυχόν
828 1733 884 1818 Ὃ
902 1743 1015 1822 ποιεῖς
1038 1737 1130 1817 ποίει
1154 1735 1330 1842 τάχιονᾶ

50 1863 124 1966 ὄψει
162 1862 254 1966 γὰρ
302 1867 387 1961 τῆς
428 1861 514 1960 ε’μῆς
550 1860 670 1966 δεξιᾶς
705 1858 772 1961 τήν
802 1861 963 1960 δύναμιν·
1008 1864 1067 1940 καὶ
1102 1861 1145 1941 ού
1181 1857 1297 1961 δήπου

51 1987 222 2068 τεθνάναι
268 1980 565 2085 σπουδάζοντος
601 1984 675 2088 ε’ρεῖ
705 2018 759 2069 τις
796 1983 839 2090 τό
876 1987 984 2089 ῥῆμα,
1017 1983 1222 2088 προειδότος
1259 1983 1297 2064 δὲ

53 2115 202 2204 μᾶλλον
244 2109 317 2190 ὅτι
357 2103 501 2206 νικήσει
533 2107 592 2186 καὶ
627 2105 812 2211 περιίστα
848 2115 913 2188 τοῦ
949 2115 1080 2187 κακοῦν
1111 2103 1297 2191 ε’θίλοντος

20 2235 178 2316 ἶειειίτόν·
226 2236 368 2316 οὕτως
399 2231 419 2308 ό
449 2229 582 2333 Κύριος
608 2229 709 2330 ἡμῶν
727 2231 871 2331 Ἰησοῦς
899 2232 919 2310 ό
948 2228 1121 2335 Χριστὸς,
1139 2229 1296 2338 ὀξυτέρῳ

58 2355 201 2456 τρόπον
234 2353 334 2437 τινὰ
362 2355 563 2458 κεχρῆσθαι
589 2353 724 2433 κελεύει
752 2351 874 2464 δρόμιρ
901 2351 965 2434 τὸν
989 2359 1153 2434 σατανᾶν
1175 2358 1224 2437 είς
1251 2351 1297 2433 τὰ

60 2483 112 2558 ἐπ’
133 2484 248 2589 αὐτῷ
268 2475 515 2577 τολμήματα.
555 2477 662 2584 δείξει
681 2474 752 2580 γὰρ
768 2479 837 2579 ἤδη
855 2477 1018 2559 πεσόντα
1035 2483 1217 2580 γελᾶσθαι
1234 2477 1298 2560 τὸν

64 2605 284 2707 ἀλιτήριον,
322 2599 515 2704 ἐλευθέραν
550 2634 590 2680 τε
625 2599 693 2702 τὴν
725 2601 932 2702 οἰκουμένην
965 2604 1050 2682 ίδεῖν
1081 2609 1145 2684 τοῦ
1182 2601 1326 2683 πόλαιο

69 2729 346 2830 κρατήσαντος
374 2726 412 2802 ἐκ
436 2723 644 2830 πλεονεξίας
669 2727 728 2804 καὶ
752 2723 981 2826 νενικηκότος,
1001 2727 1049 2810 ὡς
1074 2725 1119 2834 ἐξ
1140 2724 1295 2826 ἀπάτης,

36 2854 120 2935 πῶς
147 2855 215 2932 καὶ
247 2853 323 2950 τῆς
352 2853 402 2932 είς
426 2845 521 2926 Θεὸν
542 2850 752 2945 ἀποστῆσαι
775 2849 944 2933 πίστεως.
982 2851 1156 2951 ἀγνοοῦσι
1184 2847 1299 2950 γεμὴν

75 2979 107 3052 οἱ
134 2975 317 3075 μαθηταὶ
344 2979 410 3050 τοῦ
437 2967 551 3072 λόγου
577 2969 644 3070 τὴν
671 2969 829 3069 δύναμιν,
852 2977 1092 3071 οἰκονομικῶς,
1113 2975 1162 3056 ῶς
1189 2969 1295 3070 εἰκὸς,

78 3098 140 3176 οῦκ
158 3091 555 3198 ἀποκαλύψαιπος’
513 3101 631 3179 αυτοῖς
655 3127 719 3174 του
702 3097 951 3198 Χριστοῦ,’
932 3131 1006 3176 επει
1031 3097 1090 3174 καὶ
1114 3096 1152 3174 ἐν
1170 3092 1299 3196 ετέροις

80 3223 260 3324 φαίνεται
295 3215 625 3321 προδιδάσκων
580 3252 657 3316 μεν,
687 3215 742 3298 ότι
775 3217 1126 3374 παραδοθήσεται’
1097 3251 1146 3302 εις
1179 3223 1300 3320 χεῖρας
1343 3230 1468 3282 ΒΜ·

82 3345 341 3448 ἁμαρτωλῶν,
371 3342 428 3420 καὶ
459 3338 514 3420 δτι
544 3340 852 3445 σπαυρωθήσεται,
882 3345 941 3422 καὶ
969 3337 1297 3440 ἀποκτανθήσεται,
1343 3298 1459 3494 ΞΞίΞίῘ

42 3475 142 3548 εεκαὶ
175 3465 438 3565 ἀναστήσεται
469 3468 514 3568 τῇ
545 3463 658 3572 ἡμέρα
689 3470 735 3571 τῇ
766 3466 883 3572 τρίτη
934 3464 1234 3569 παρεγγυῶμενος
1264 3462 1301 3544 δὲ
1345 3429 1441 3544 S.’Lu⁹‹{

81 3595 218 3692 ραγδενι
246 3589 295 3670 τὸ
322 3587 497 3692 παράπαν
517 3595 663 3668 τοιαῦτα
690 3597 831 3670 λαλεῖν.
870 3587 1081 3674 σκοπὸς
1035 3624 1109 3694 γαρ
1136 3587 1182 3692 ἦν
1206 3575 1381 3696 αιἰτῷ“

82 3723 220 3798 λαθεῖν
250 3710 321 3794 τὸν
348 3711 508 3817 ἄρχοντα
534 3719 598 3792 τοῦ
626 3716 753 3797 αἰῶνος
779 3711 920 3811 τούτου,
946 3712 999 3797 τίς
1031 3715 1177 3814 ἀληθῶς
1211 3708 1331 3794 κατόν
1352 3729 1417 3788 '142
1427 3728 1468 3783 Δ.

83 3841 211 3946 φύσιν
249 3839 366 3934 ἐστὶν,
403 3835 462 3915 ἵνα
499 3837 557 3915 καὶ
591 3834 709 3915 ε’λθῶν
744 3841 950 3942 σταυρωθῇ,
987 3840 1046 3916 καὶ
1082 3839 1303 3939 σταυρωθεὶς

83 3965 206 4071 όνέλῃ
234 3960 303 4044 τὸν
332 3959 501 4057 θάνατον,
527 3959 586 4038 καὶ
612 3965 687 4042 τοῖς
716 3964 765 4044 είς
794 3959 903 4040 αῦτὸν
932 3958 1145 4040 πιστεύουσι
1175 3989 1303 4058 κατορ-

41 4090 199 4196 man
230 4085 301 4190 τήν
337 4081 537 4186 σωτηρίαν.
586 4081 824 4186 κατακρύπτει
856 4090 1046 4186 τοιγαροῦν
1075 4085 1303 4180 οἶκονομικῶς

83 4211 130 4292 τὰ
163 4221 336 4296 πλεῖστα
373 4213 450 4288 τῶν
482 4205 698 4310 λεγομένων·
747 4205 867 4288 πάντα
899 4203 972 4310 γὰρ
1004 4201 1097 4285 οίδεν
1128 4205 1177 4288 ὡς
1210 4199 1303 4286 θεὸς

83 4335 130 4417 τὰ
161 4337 422 4448 συμφέροντα.

159 4589 184 4646 5.
202 4567 357 4638 διατήξας
371 4562 408 4618 Fa·
575 4561 601 4616 8.
619 4559 736 4632 προήβης
749 4557 781 4614 Ε.
949 4574 974 4628 9.
993 4556 1040 4626 δρᾷ
1054 4552 1087 4610 Ε.
1100 4553 1167 4626 δρῦν
1180 4551 1231 4610 Ed.
