3142 5118
353 318 420 384 2⁷4
658 321 697 385 Β.
719 320 929 386 CYRILLI
959 319 1249 386 ALEXANDR.
1378 320 1421 384 xi.
1432 334 1529 406 25-27

356 490 378 528 “
394 479 598 589 πράξαντες
633 489 682 569 είς
717 482 924 566 ἀνάστασιν
960 487 1147 589 κρίσεως.”
1196 484 1325 586 ὁμοίως
1360 482 1399 564 δὲ
1434 485 1490 564 καὶ
1523 519 1529 560 ι

188 604 259 720 ¹¹³:st
353 604 514 692 Ἡσαΐας
538 609 576 687 ἐν
596 607 781 708 Πνεύματι
806 606 902 690 εἶπεν
921 619 943 657 “
960 607 1256 710 Ἀναστήσονται
1283 613 1318 689 οί
1345 611 1471 712 νεκροί,
1490 642 1529 687 κα

190 747 230 804 ¹⁹·
322 732 378 798 b“
395 730 653 834 ἐγερθήσονται
680 738 714 813 οί
741 736 780 814 ἐν
806 741 881 819 τοῖς
907 733 1123 834 μνημείοις.”
1161 735 1203 814 ού
1229 731 1302 837 γάρ
1329 735 1471 812 άπιστῶ
1497 741 1529 837 τί

354 857 418 953 τῆς
436 855 672 942 ἀναστάσεως
691 857 807 966 λόγῳ,
828 861 876 944 ὡς
896 863 929 938 οί
947 861 1193 938 Σαδδουκαῖοι.

306 1130 343 1191 ²5
359 1125 458 1200 Εἶπεν
489 1135 572 1224 αύτῷ
603 1135 622 1203 ὁ
652 1135 777 1202 Ἰιισούι
803 1135 894 1212 Ἐτώ
923 1133 988 1216 είμι
1019 1135 1038 1200 ιί
1070 1136 1246 1203 ἀνάστασις
1277 1132 1331 1199 καί
1361 1133 1381 1199 τί
1414 1131 1487 1223 ςωιί.
1528 1167 1529 1190 ι

306 1266 343 1322 26
406 1264 568 1328 πιστεύων
595 1259 642 1328 εἰς
670 1262 728 1340 ἐμὲ
761 1263 820 1330 κᾶν
847 1264 999 1354 ἀποθάνῃ
1029 1265 1166 1353 ρἰσεται,
1194 1257 1244 1326 καί
1271 1263 1336 1327 πᾶς
1363 1260 1382 1326 ύ
1411 1258 1471 1348 ςῶν
1497 1279 1529 1320 κο

406 1388 568 1454 πιστεύων
595 1385 643 1454 εἰς
672 1388 732 1466 ἐμὲ
762 1389 800 1455 ού
828 1389 872 1466 μιί
900 1389 1051 1480 ἀποθάνῃ
1078 1386 1207 1454 εἰστὸν
1234 1384 1348 1456 αἰῶνα.
1391 1383 1529 1450 πιστεύει

305 1518 341 1582 ²⁷
405 1515 523 1596 τούτο;
559 1515 645 1590 κύτει
672 1515 762 1600 αύτῷ
790 1515 851 1580 Ναί
880 1514 982 1604 Κύριε·
1018 1514 1085 1590 esd>
1110 1511 1308 1580 πεπίστευκα
1335 1513 1387 1579 ύτι
1414 1510 1451 1575 σύ
1479 1501 1507 1573 εί

405 1640 542 1728 Χριστόα
568 1640 588 1708 ὁ
613 1637 690 1708 Υίύο
716 1645 773 1708 τού
798 1641 883 1708 Θεού
907 1643 926 1710 ὁ
953 1638 1000 1708 εἰς
1027 1643 1084 1710 τὸν
1112 1642 1233 1718 κόσμον
1259 1639 1449 1729 ἐρχόμενος.

331 1821 334 1836 ’
413 1809 564 1916 Καρπδς
594 1811 709 1916 γεμὴν
741 1817 799 1894 καί
832 1815 918 1916 τιμὴ
950 1819 1015 1914 τῆς
1052 1820 1101 1900 είς
1132 1809 1299 1916 Χριστὸν
1330 1810 1498 1904 πίστεως,
1526 1845 1529 1856 ⁴

355 1937 493 2024 αίάνιας
526 1938 608 2043 ζωὴ,
644 1942 703 2020 καί
736 1941 799 2020 ούκ
831 1939 958 2024 άλλως
994 1945 1230 2045 προσγίνεται
1264 1947 1371 2019 τοῦτο
1409 1941 1455 2042 τῇ
1490 1970 1528 2014 το

354 2061 547 2166 άνθράπου
572 2069 688 2170 ψυχῇ.
731 2069 760 2145 εί
787 2062 859 2168 γάρ
885 2063 944 2144 διὰ
971 2064 1137 2168 Χριστὸν
1162 2062 1292 2147 πάντες
1319 2059 1529 2158 άνιστάμεθο

354 2185 455 2266 ἀλλὰ
480 2186 551 2291 ζωὴ
579 2191 669 2289 αύιη
694 2191 795 2269 ε’στίν
814 2187 963 2290 ἀληθὴς,
982 2187 1025 2269 τὸ
1051 2189 1293 2290 άτελευιήτως
1317 2189 1354 2267 ἐν
1376 2182 1527 2286 μοκοριό

325 2327 435 2412 οτητι
472 2310 553 2415 ζῆν·
596 2312 698 2394 οὐδὲν
733 2312 806 2417 γάρ
843 2311 1001 2420 διαφέρει
1036 2311 1204 2412 θανάτου,
1233 2310 1277 2393 τὸ
1312 2316 1360 2396 είς
1399 2309 1529 2390 κύλασι

354 2437 550 2531 ἀναβιῶναι
568 2437 690 2538 μόνον.
723 2443 753 2518 εί
771 2437 835 2518 οὖν
853 2439 922 2545 ὁρᾷ
939 2471 992 2522 τις
1010 2439 1068 2518 καί
1088 2435 1170 2523 τούς
1189 2437 1310 2539 ἁγίους
1329 2435 1529 2536 θνήσκοντα

353 2556 437 2643 τούς
469 2561 653 2654 λαβόντας
685 2561 903 2666 ὑποσχέσεις
935 2557 1035 2664 ζωῆς,
1064 2559 1166 2642 οὐδὲν
1193 2567 1309 2658 τοῦτο,
1337 2559 1451 2658 μόνον
1481 2558 1527 2658 γᾶ

354 2681 446 2764 ὅσον
464 2690 512 2770 είς
530 2683 573 2766 τὸ
591 2690 778 2786 συμβῆναι
796 2687 944 2789 γίνεται.
984 2691 1095 2794 καιρῷ
1119 2683 1158 2765 δὲ
1182 2690 1234 2793 τῷ
1259 2682 1433 2788 πρέποντι
1451 2680 1528 2782 τετή

352 2841 457 2910 ρηται
485 2809 508 2909 ἡ
535 2814 600 2909 τῆς
631 2807 777 2914 χάριτος
809 2807 996 2916 ἀνάδειξις,
1024 2811 1067 2889 ού
1095 2808 1187 2890 κατὰ
1218 2808 1324 2913 με’ρος
1359 2810 1528 2914 ἰσχύουσι

353 2934 438 3014 ἀλλ’
458 2935 496 3012 ἐν
512 2940 606 3014 πᾶσι
630 2938 796 3034 διηνεκῶς
822 2935 882 3014 καί
907 2941 981 3018 τοῖς
1006 2933 1076 3034 ἤδη
1100 2939 1421 3036 προαποθανοῦσιν
1440 2932 1528 3032 άγίοι

352 3055 443 3162 πρὸς
462 3058 590 3162 ὀλίγον
607 3059 841 3160 γευσαμένοις
864 3066 928 3138 τοῦ
954 3057 1121 3157 θανάτου,
1141 3058 1206 3141 ἕως
1229 3061 1294 3158 τῆς
1318 3059 1440 3156 κοινῆς
1465 3059 1527 3135 άνα

352 3180 532 3266 στάσεως.
584 3179 664 3262 τότε
697 3181 769 3286 γάρ
802 3187 904 3289 κοινῇ
937 3181 1070 3266 πάντες
1100 3187 1174 3262 τῶν
1206 3181 1353 3282 άγαθῶν
1384 3177 1527 3260 άπολαύ

353 3339 498 3386 σουσιν.
544 3303 653 3387 εἰπὼν
680 3304 718 3386 δὲ
746 3307 766 3386 ὃ
795 3303 924 3410 Σωτὴρ
951 3297 1006 3386 ὅτι
1033 3303 1112 3387 Ἐάν
1141 3301 1286 3420 ἀποθάνῃ
1314 3303 1464 3408 ζήσεται,
1491 3303 1527 3382 ού

321 3426 494 3508 ἆάνεΐλεν
510 3431 548 3509 ἐν
566 3435 618 3538 τῷ
637 3438 700 3511 νῦν
718 3436 819 3510 αίῶνι
841 3428 905 3510 τὸν
924 3427 1092 3510 θάνατον·
1124 3425 1225 3508 ἀλλὰ
1249 3435 1427 3507 τοσοΐπον
1445 3423 1527 3504 αὐτὸ

354 3553 482 3631 δίδωσι
513 3551 605 3632 κατὰ
637 3560 710 3633 τῶν
741 3559 885 3634 πιστῶν
914 3554 1065 3657 ἰσχύειν,
1093 3551 1184 3633 ὅσον
1214 3557 1262 3636 είς
1292 3549 1335 3632 τὸ
1367 3554 1526 3648 συμβῆνι

353 3673 476 3776 μόνον,
499 3683 611 3785 καιρῷ
638 3675 711 3782 γάρ
739 3683 790 3785 τῷ
814 3677 987 3781 πρέποντι
1015 3674 1183 3779 τετήρηκε
1208 3673 1275 3775 τὴν
1299 3679 1363 3774 τῆς
1387 3673 1526 3754 άναστά

353 3834 448 3884 σεως
479 3797 598 3906 χάριν.
653 3804 747 3907 φησὶ
778 3809 877 3905 γοῦν,
905 3800 959 3880 ὅτι
992 3801 1056 3879 οὐκ
1085 3801 1232 3903 ἄμοιρος
1261 3799 1364 3879 ἔσται
1393 3807 1459 3878 τοῦ
1492 3800 1526 3876 τί

354 3923 491 4029 σαρκὸς
531 3921 686 4006 θανάτου
728 3924 786 4004 διὰ
828 3921 894 4025 τὴν
931 3925 1160 4028 ἀνθρωπίνην
1196 3921 1310 4030 φύσιν
1346 3932 1362 4004 ὁ
1403 3930 1451 4009 είς
1496 3924 1526 4025 ἐρ

392 4179 416 4217 ι.
433 4162 578 4234 πράξοντες
595 4179 650 4218 om.
662 4161 717 4218 mk.
729 4161 830 4217 habent
847 4179 885 4218 m.
899 4160 959 4217 cut.
972 4161 1050 4217 Harl.
1103 4157 1228 4233 κρίσεως]
1240 4159 1328 4232 pergit
1339 4157 1380 4214 καί
1392 4159 1439 4214 ούκ
1451 4159 1525 4214 ἂπισι

354 4231 395 4302 (3)
408 4250 446 4288 m.
517 4235 635 4288 hom-a.
855 4249 880 4288 ν.
899 4234 940 4287 καί
952 4231 1136 4304 ι’γερθῆσοιπαι
1148 4233 1278 4287 offerrui:
1289 4231 1419 4302 μνημείοις
1430 4247 1487 4284 om.
1502 4249 1524 4282 a.

353 4317 415 4372 5-9.
434 4302 763 4374 ὀπιπεύων-ἐρχόμενος
774 4301 865 4358 addidi
877 4321 892 4358 e
903 4304 931 4358 k.
939 4303 1044 4358 favente
1055 4321 1080 4358 a.
1093 4303 1135 4357 καί
1146 4303 1179 4357 τύ
1191 4303 1251 4372 ε’ξῆς
1260 4301 1312 4356 Εύ.
1384 4317 1423 4356 12.
1436 4309 1525 4372 Χραπ

353 4373 429 4462 (επ.)
443 4373 515 4430 Αυύ.
528 4373 680 4428 emendavit
693 4373 796 4445 Migne.
917 4391 958 4445 ¹3·
976 4373 1080 4444 ἀληθῶς
1091 4373 1145 4428 κίε.
1261 4372 1302 4427 16.
1321 4371 1525 4444 ἰποσχέσειε]τ

351 4443 805 4517 ποσχίσειςίιηῆνύπύσχεσινι.
854 4441 952 4500 Statim
963 4444 1190 4515 rijudduntak.
1256 4457 1300 4499 σε.
1313 4447 1383 4514 κοινῇ
1396 4443 1452 4498 mk.
1466 4465 1525 4496 κοαι

353 4559 413 4617 ου.
426 4561 503 4618 μοι.
517 4563 568 4619 πο.
616 4564 866 4636 mmmm.
959 4581 1001 4638 23.
1019 4563 1236 4623 ιιοωυιικιυ.
1282 4529 1434 4620 ευίισο.
1449 4563 1524 4618 ιιιει,
