3082 5112
296 337 363 402 854
600 333 641 400 B.
664 332 874 399 OYRILLI
903 332 1194 398 ALEXANDR.
1297 327 1364 394 xiii.
1378 327 1427 404 16,
1442 339 1495 405 17.

256 486 261 495 ἰ
297 499 416 604 μεῖζον
433 498 636 604 αἱρούμεθα,
651 500 709 578 καί
727 505 801 582 τοῖς
820 497 1083 599 λαμπροτέροις
1101 497 1277 595 ἐπιπηδᾶν
1289 497 1327 572 αἰ
1345 488 1497 570 διάκενοι

232 613 238 618 ’
298 632 362 705 τοῦ
389 623 472 720 βίου
499 624 597 723 τιμαί
626 620 689 702 τὸν
712 618 904 702 εῦόλισθον
925 620 1027 719 ἡμῶν
1045 619 1279 698 ἀναπείθουσι
1304 621 1396 694 νοῦν.
1435 613 1499 691 ίυα

298 749 417 828 τοίνυν
454 749 518 848 τῆς
555 746 721 846 τοιαύτης
758 741 1019 850 καταλήξομεν
1054 741 1176 840 νόσου,
1209 745 1268 821 καί
1303 744 1367 838 τῆς
1401 738 1499 817 οὕτω

265 877 478 973 ᾱβδελυρᾶς
502 870 800 970 ἀποπαυσώμεθα
822 868 1019 966 ἐπιθυμίας·
1048 865 1170 966 ἀπάτη
1195 863 1267 969 γάρ
1295 867 1353 944 καί
1376 863 1500 964 ἕτερον

298 993 400 1075 οὐδέν
417 993 459 1075 τί)
483 993 684 1102 φιλόδοξον
700 992 829 1078 πάθος·
860 989 971 1072 αὐτὸν
986 995 1035 1075 εἰς
1059 996 1187 1070 οἰκεῖον
1204 987 1386 1093 δεχώμεθα
1410 993 1502 1064 νοῦν

297 1115 362 1198 τὸν
393 1116 563 1198 ἁπάντων
594 1115 754 1211 βασιλέα
788 1113 964 1218 Χριστὸν,
997 1112 1056 1195 διοί
1086 1121 1193 1194 τοῦτο
1230 1115 1386 1219 νίφαιπα
1421 1114 1503 1187 τῶν

297 1247 468 1342 μαθητῶν
485 1238 558 1326 τοῦς
577 1234 701 1336 πίθοις,
719 1239 779 1318 ἵνα
803 1241 861 1319 καί
886 1238 985 1338 ἡμεῖς
1009 1235 1091 1322 τοῦς
1115 1234 1303 1336 ἀλλήλων.
1344 1230 1401 1313 διά
1422 1231 1503 1333 γὰρ

297 1364 427 1444 τούτου
451 1361 723 1464 κολασθήσεται
749 1359 815 1461 μὲν
833 1357 928 1447 ἅπας
952 1358 1158 1463 ἀλαζονείας
1182 1357 1324 1463 τρόπος,
1343 1353 1438 1436 ἀπαν
1459 1353 1505 1434 δὲ

297 1483 389 1570 εἶδος
419 1490 595 1585 κοσμικῆς
626 1485 840 1593 φιλοδοξίας
872 1484 1032 1566 ε’κποδιίιν
1061 1481 1258 1588 οἰχήσεται.
1307 1487 1337 1562 εἰ
1369 1477 1442 1583 γάρ
1481 1481 1505 1558 ὁ

297 1610 408 1716 φάσει
433 1609 576 1713 Κύριος,
595 1611 644 1693 ὥς
668 1609 814 1708 οἰκέτης,
832 1615 910 1693 πῶς
934 1606 976 1688 τὸ
1002 1613 1135 1688 δοῦλον
1157 1608 1221 1686 οῦκ
1245 1603 1290 1686 ἀν
1315 1603 1436 1684 έλοιτό
1465 1639 1508 1684 τι

296 1740 424 1814 παθεῖν
460 1739 534 1813 τῦν
571 1733 667 1840 αὐτῷ
703 1731 1025 1836 πρεποδεστάτον,
1058 1734 1117 1812 καί
1153 1731 1233 1835 οῦχί
1269 1726 1399 1811 λοιπόν
1431 1728 1509 1829 τὴν

297 1857 453 1936 ἀπασῶν
480 1854 641 1962 ἐσχάτην
669 1856 830 1962 ἀποτίσῃ
859 1856 982 1956 δίκην;

267 1989 285 2036 e

248 2089 398 2178 ῐὸἈμιίν
434 2097 521 2175 ἀμιίν
557 2097 645 2172 λέγω
672 2092 764 2176 ὑμῖν,
795 2095 855 2162 οὐκ
889 2097 958 2163 ἔστι
993 2096 1108 2164 δοῦλοι
1143 2096 1259 2188 μείζων
1290 2103 1348 2164 τοῦ
1384 2095 1512 2186 κυρίου

248 2215 283 2279 ¹7
350 2223 461 2305 αὐτοῦ,
495 2223 572 2290 οὐδὲ
608 2221 794 2292 ἀπόστολοο
829 2221 944 2312 μείζων
979 2228 1036 2290 τοῦ
1076 2223 1267 2302 πέμψαντοο
1303 2221 1416 2289 αὐτόν.
1479 2221 1512 2288 εἰ

349 2354 451 2416 ταῦτα
477 2343 600 2430 οἴδατε,
627 2345 782 2436 μακάριοί
808 2348 882 2415 ἒοτε
909 2347 967 2414 ἒὰν
993 2354 1108 2414 ποιῆτε
1135 2347 1229 2413 αὐτά.

354 2503 493 2602 Νόμοις
520 2504 647 2607 ὥσπερ
674 2504 879 2605 ἀναγκαίοις
909 2504 1064 2608 ὀχυροῦν
1090 2503 1210 2584 ἕπεται
1239 2501 1406 2606 Χριστὸς
1436 2513 1512 2584 τοῦ

294 2627 549 2731 πεπραγμένου
584 2627 651 2726 τὴν
689 2627 849 2726 δύναμιν,
887 2632 945 2707 καί
984 2625 1276 2735 σφαλερωτάτην
1308 2635 1512 2714 παντελῶς

295 2752 487 2856 ἀποφαίνει
505 2747 572 2850 τὴν
590 2751 803 2854 παράβασιν
821 2754 885 2850 τῆς
902 2751 1154 2853 σωτηριοίδους
1172 2753 1331 2851 ἐντολῆς.
1362 2749 1410 2830 τὸ
1429 2751 1512 2857 γὰρ

129 2895 244 2959 ἰὀελ.
265 2873 391 2982 αὸρκιρ
429 2872 640 2972 βεβαιωθέν,
673 2875 738 2954 οῦκ
775 2875 999 2978 ἀνέγκλητον
1035 2873 1108 2980 ἔχει
1144 2873 1211 2974 τὴν
1246 2877 1512 2976 ποραδρομήν.

295 2995 532 3100 κατηγόρημα
563 2997 683 3077 τοίνυν
714 3001 831 3103 φησίν
860 2998 1145 3104 ἀπροφάσιστον
1173 3003 1248 3080 τοῖς
1280 2997 1449 3096 οἰκέταις,
1487 3035 1512 3080 ει

294 3119 346 3220 μὴ
365 3119 410 3200 τά
427 3120 493 3200 ’ίσα
512 3128 658 3228 φρονεῖν
676 3119 834 3201 ἐθέλοιεν
851 3129 926 3206 τοῖς
947 3123 1047 3207 ἰδίοις
1069 3119 1275 3206 δεσπόταις·
1304 3123 1512 3229 πλεονεξία

294 3243 368 3347 γὰρ
398 3243 479 3343 ἤδη,
507 3247 565 3323 καί
598 3243 719 3347 ἕτερον
750 3243 862 3344 οῦδὲν,
892 3243 935 3324 τὸ
967 3254 1031 3326 τοῦ
1062 3243 1220 3348 μείζονάς
1246 3279 1285 3325 τε
1316 3247 1377 3325 καί
1413 3247 1512 3352 ῦπέγ

295 3367 403 3472 ἀξίαν
430 3369 526 3470 ε’ράν·
566 3365 787 3451 ἀποστόλοις
818 3403 856 3448 τε
889 3369 1019 3467 ὁμοίως
1050 3367 1117 3469 τὴν
1144 3367 1255 3468 αὐτὴν
1282 3365 1328 3448 ἀν
1353 3368 1512 3458 εἰκότως

294 3489 438 3569 ἐποίσαι
457 3489 615 3596 γραφὴν,
635 3488 677 3569 τό
701 3492 738 3569 έν
757 3489 944 3590 ἀμείνοσιν
962 3487 1050 3571 εἰναι
1076 3491 1201 3596 ζητεῖν,
1219 3489 1243 3592 ἢ
1266 3493 1304 3572 ε’ν
1321 3489 1375 3576 οἷς
1400 3493 1512 3576 έστιι

295 3613 316 3692 ό
348 3612 569 3695 ἀποστείλας
601 3612 741 3696 αὐτούς.
800 3614 945 3718 ἀρκέσει
981 3611 1054 3718 γάρ
1091 3615 1210 3698 αὐτοῖς
1248 3620 1297 3700 εἰς
1333 3615 1512 3704 εὐκλείας

295 3731 443 3835 ἀπάσης
477 3735 618 3838 μέτρον,
649 3744 720 3816 τοῦ·
746 3737 983 3845 πεπομφότος
1013 3735 1056 3817 τῦ
1088 3738 1267 3846 φρόνημα.
1319 3747 1438 3820 τοῦτο
1484 3747 1512 3823 δ

295 3861 397 3940 ἐστιν
425 3857 538 3950 οὐδέν,
554 3857 675 3962 ἕτερον
704 3856 728 3960 ἢ
760 3862 871 3941 έκεῖνο
898 3859 1042 3945 πάντας
1069 3865 1188 3942 εἰπεῖν·
1227 3860 1282 3942 ίπι
1310 3867 1512 3968 γελασθή

296 3988 412 4063 σεσθε
441 3981 584 4066 δικαίως
614 3983 672 4062 ε’πί
704 3991 768 4062 τοῦ
798 3983 893 4064 θείου
924 3983 1097 4084 βήματος,
1126 3989 1156 4064 εἰ
1187 3993 1300 4066 ταῦτα
1333 3989 1435 4091 δρᾶν
1473 3998 1512 4072 εἰ

263 4103 484 4205 οάλλήλονς
512 4105 612 4185 αὐτοὶ
640 4113 872 4210 παραιτεῖσθε
902 4109 945 4188 δι’
977 4109 1189 4216 ὑπεροψίαν,
1216 4109 1332 4189 καίτοι
1363 4109 1412 4190 τὸ
1452 4121 1512 4216 τῆ

296 4231 460 4313 δουλείας
484 4227 597 4328 ὄνομα
623 4228 797 4334 λαχόντες
823 4229 951 4330 κοινόν,
970 4230 1062 4336 ἀπερ
1087 4237 1136 4317 εἰς
1160 4233 1251 4332 ὑμᾶς
1276 4231 1365 4336 ε’γάι,
1390 4241 1512 4322 καίτι

330 4404 357 4458 6.
376 4405 498 4476 νίψοντες
511 4404 544 4460 Ε.
654 4405 695 4462 16.
714 4405 825 4481 Νόμοις]
838 4407 877 4464 ἰσ.
890 4408 976 4482 ὅρκοις
989 4409 1041 4464 Ed.
1055 4425 1111 4480 mg.
1124 4408 1230 4465 favente
1241 4419 1269 4466 et
1280 4429 1305 4467 ι.
1318 4411 1512 4474 abbrevianu

293 4474 534 4612 fficmw]
548 4477 687 4548 κακηγορία
700 4477 736 4548 (ἰ)
748 4495 772 4534 a.
988 4493 1032 4550 27.
1052 4480 1125 4537 ε’στιν
1138 4479 1171 4536 Ε.
1183 4477 1215 4549 ἦν
1228 4480 1280 4538 Ed.
1358 4494 1512 4560 καταγελι
