3274 5118
349 313 412 379 σιν
652 319 691 384 Β.
716 303 929 384 cmm
959 318 1250 384 ALEXANDR.
1357 313 1538 398 xvi.19‚20·

349 487 371 524 “
389 479 527 586 καρδίᾳ,
557 478 617 579 ἐμὲ
645 481 683 562 δὲ
715 483 822 563 οίεται
851 483 1023 586 κρύπτειν
1035 483 1067 577 ;”
1108 486 1245 590 ὠφελεῖ
1274 484 1475 582 τοιγαροῦν
1499 471 1541 553 διιῖ

349 602 495 683 πάντων
525 603 663 703 αὐτοὺς,
690 611 749 687 καὶ
778 605 845 707 τὴν
872 607 1202 709 παρεμπίπτουσαν
1229 601 1410 711 ἀφορμὴν
1438 603 1542 703 ἀσφα-

351 733 438 810 λοῦς
455 731 514 807 καὶ
532 729 785 822 ἀνενδοιαίστου
803 732 961 816 πίστεως
979 738 1131 812 ποιεῖται
1146 727 1298 836 τροφόν.

304 977 458 1055 19“Ἐι·νω
488 981 506 1046 ὀ
537 980 665 1050 Ἰιιοοῦσ
700 985 750 1050 ὅτι
786 983 906 1050 ήθελον
935 983 1035 1052 αὐτὸν
1063 983 1204 1072 ἐρωτᾶν,
1233 980 1287 1046 καί
1319 973 1419 1046 εἶπεν
1452 969 1544 1039 αὐτοῖι

404 1106 483 1192 Περὶ
510 1108 626 1174 τούτου
651 1105 773 1198 ςήτεῖτε
800 1111 866 1186 μετ’
894 1109 1062 1189 ἀλλήλων,
1089 1111 1139 1176 ὄτι
1167 1101 1259 1173 εἷπον
1278 1105 1415 1194 Μικρὸν
1445 1101 1496 1166 καὶ
1517 1101 1561 1169 αὐτ

303 1240 340 1280 20
404 1228 558 1320 θεωρεῖτέ
586 1257 635 1313 με,
663 1233 716 1298 καί
743 1236 842 1300 πάλιν
869 1235 985 1324 μικρὸν
1013 1234 1066 1299 καί
1097 1235 1219 1314 ὄψεσθέ
1250 1256 1313 1314 με·;
1352 1229 1449 1307 ἀμήν
1475 1224 1544 1301 &W

404 1360 490 1432 λὲτω
521 1355 593 1434 ὑμῖν
623 1362 672 1426 ὅτι
703 1361 860 1426 κλαύσετε
891 1361 945 1426 καί
974 1361 1154 1448 θρηνήσετε
1183 1353 1285 1438 ὑμεῖσ,
1313 1357 1333 1424 ὁ
1365 1355 1407 1422 δὲ
1443 1353 1545 1428 αόθλ1οί

318 1477 339 1543 b
402 1485 588 1572 χαρήσεται·
634 1484 722 1561 ὑμεῖσ
759 1485 794 1551 δὲ
830 1487 1067 1568 λυπιιθήσεοθε,
1095 1487 1166 1552 ἀλλ’
1201 1486 1220 1550 ή
1257 1485 1343 1548 λύττή
1383 1480 1480 1557 ὑμῶν
1511 1472 1546 1540 εἰι

403 1611 505 1699 χαρὰν
533 1613 715 1685 τενήοεται.

409 1777 704 1854 Φιλοπευστοῦσι
727 1775 811 1854 λίαν
833 1777 963 1874 αὐτοῖς,
982 1777 1041 1856 καὶ
1062 1771 1333 1880 περιεργότερον
1350 1767 1579 1879 ἐξετάζουσαν

352 1903 425 1977 τῶν
438 1897 628 1999 εἰρημένων
642 1897 708 1999 τὴν
728 1897 888 1998 δύναμιν,
903 1898 1136 2007 σαφεστέραν
1153 1905 1301 1979 ποιεῖται
1318 1896 1390 1995 τὴν
1408 1903 1475 1976 τοῦ
1492 1889 1550 1972 πό-

354 2027 438 2105 θους
455 2021 638 2128 ἐξήγησιν,
654 2026 712 2102 καὶ
731 2023 819 2126 ὅπερ
838 2023 993 2123 έμελλον
1012 2021 1301 2122 ὑποστήσεσθαι,
1317 2029 1431 2101 τοῦτο
1449 2016 1550 2100 πάλιν

354 2147 473 2229 αὐτοῖς
496 2146 692 2248 προειδέναι
718 2147 906 2252 χαρίζεται,
927 2155 985 2227 καὶ
1010 2147 1158 2255 σφόδρα
1183 2147 1383 2252 χρησίμων.
1424 2145 1468 2224 οιῖ
1489 2140 1549 2245 γὰρ

352 2269 411 2348 ἵνα
441 2267 607 2372 πρόαρον
639 2271 760 2378 ἐντέκῃ
794 2269 857 2352 τὸν
887 2270 1055 2377 θόρυβον,
1083 2273 1130 2352 τὰ
1160 2279 1307 2352 τοιαῦτα
1339 2264 1549 2372 προμηνύειν

354 2391 444 2498 ᾤετο
474 2397 555 2488 δεῖν,
579 2395 664 2473 ἀλλ’
691 2395 750 2474 ἵνα
777 2401 823 2500 τῇ
850 2395 985 2497 γνώσει
1012 2392 1368 2500 προκεχαλκευμένοι,
1388 2387 1545 2472 νεανικοῖ-
1557 2421 1579 2477 15

355 2516 453 2616 τεροί
476 2551 553 2599 πως
581 2515 803 2620 εὑρίσκοιντο
830 2518 920 2624 πρὸς
949 2517 1016 2618 τὴν
1044 2527 1107 2599 τοῦ
1136 2518 1293 2620 θορύβου
1321 2511 1545 2621 προσβολήν.

327 2637 398 2718 οτδ
435 2639 507 2741 γὰρ
544 2640 695 2722 έσεσθαι
730 2642 990 2746 προσδοκηθέν,
1022 2651 1086 2722 ταῦ
1117 2643 1286 2742 μηδόλωο
1321 2638 1546 2720 ἐλπισθέντα

357 2764 595 2866 ἁπαλωτέραν
612 2764 683 2869 ἔχει
710 2764 818 2866 τὴνέ
885 2801 937 2846 ον.
979 2766 1066 2846 ὅταν
1088 2768 1208 2846 τοίνυν
1233 2767 1387 2864 ὑμεῖςοὶ
1416 2761 1546 2866 γνήσιοι

357 2891 415 2968 καὶ
438 2887 562 2994 ἀγάπῃ
587 2894 632 2995 τῇ
657 2887 748 2993 πρὸς
773 2889 833 2988 ε’μέ
859 2891 1150 2998 κατεσφιγμένον,
1167 2889 1232 2970 τὸν
1248 2891 1387 2968 ἑαυτῶν
1406 2889 1545 2989 θεωρῆτε

359 3013 580 3116 Καθηγητὴν
605 3017 663 3093 καὶ
692 3013 930 3094 Διδάσκαλον
957 3013 1003 3094 τὰ
1036 3017 1075 3093 ἐκ
1105 3019 1169 3114 τῆς
1197 3016 1395 3112 Ἰουδαῆς
1428 3005 1576 3107 ι’τττομέυ

358 3172 465 3218 νοντα
495 3138 690 3240 παροινίας,
721 3140 841 3238 ὕβρεις
873 3172 912 3218 τε
943 3141 1002 3217 καὶ
1032 3139 1229 3238 αἰκίσματα
1260 3140 1318 3218 καὶ
1347 3135 1394 3216 τὰ
1430 3139 1469 3216 ἐκ
1495 3135 1545 3230 τῆς

357 3262 493 3342 ἀτόπου
519 3264 647 3359 μανίας
671 3262 897 3362 τολμήματα,
917 3260 996 3342 τότε
1024 3260 1068 3362 δὴ
1099 3261 1269 3343 κλαόσετι
1298 3269 1358 3343 καὶ
1389 3260 1545 3368 θρηνήσετε,

357 3388 545 3492 χαρήσεται
573 3382 607 3466 δὲ
634 3395 648 3467 ί
676 3385 815 3490 κόσμος,
834 3385 1030 3485 τουτέστιν,
1049 3391 1082 3466 οἱ
1108 3392 1254 3492 φρονεῖν
1273 3387 1336 3465 οὐκ
1360 3385 1491 3468 είδότετ
1512 3377 1545 3459 τὰ

359 3514 529 3588 δοκοῦντα
559 3515 650 3618 Θεῷ,
680 3509 978 3613 προσηλωθέντες
1016 3509 1055 3589 δέ
1093 3511 1218 3615 ὥσπερ
1254 3517 1331 3592 ταῖν
1368 3512 1545 3610 κοσμικαῖς

326 3634 511 3732 θὴδοναῖσ.
549 3634 714 3732 σημαίνει
732 3632 769 3714 δέ
787 3633 900 3714 πάλιν
918 3633 984 3734 τήν
1002 3669 1041 3714 τε
1066 3635 1240 3737 ἀγελαίαν
1258 3637 1315 3712 καὶ
1341 3629 1574 3740 συρφετόδηθ

359 3763 431 3837 τοῖν
455 3759 637 3838 Ἰουδαίων
665 3756 818 3858 πληθὺν,
848 3763 905 3838 καὶ
934 3765 1007 3838 τῶν
1035 3765 1270 3860 καθηγεῖσθαι
1299 3757 1491 3862 λαχόντων
1514 3751 1545 3831 τὸ

360 3881 522 3980 θεομισές·
539 3885 596 3963 καῖ
616 3879 763 3961 ἀνόσιον
781 3889 925 3988 στῖφος,
944 3885 1175 3986 γραμματέαο
1192 3917 1230 3962 τε
1248 3885 1306 3962 καὶ
1327 3883 1545 3983 Φαρισαίους,

360 4007 393 4087 οῖ
411 4016 484 4093 τοῖς
503 4016 567 4087 τοῦ
586 4009 754 4107 Σωτῆρος
779 4005 1051 4110 έπιτωθοίζοντεο
1076 4013 1300 4112 πειρασμοῖς,
1320 4005 1452 4086 πολλὰ
1472 3997 1545 4084 κατῖ

192 4147 315 4198 S.Matth.
361 4135 424 4231 τῆς
454 4135 589 4212 ἑαυτῶν
619 4131 840 4238 ἐφθέγγοντο
870 4135 1042 4235 κεφαλῆς,
1072 4128 1158 4211 ποτὲ
1190 4135 1254 4230 μέν
1284 4130 1456 4231 λέγοντες
1483 4129 1545 4205 “Εῖ

194 4229 289 4340 ma
361 4267 383 4302 “
403 4255 476 4342 υίὸς
504 4253 537 4335 εἷ
566 4263 629 4335 τοῦ
660 4261 766 4354 Θεοῦ,
798 4254 975 4354 κατάβηθι
1005 4263 1068 4334 νῦν
1097 4255 1169 4336 ἀπὸ
1202 4263 1265 4335 τοῦ
1302 4264 1477 4358 σταυροῦ,
1502 4251 1571 4336 nais*

402 4501 425 4535 1.
444 4483 472 4536 δὲ
485 4485 621 4607 τοιγαροῦν
634 4481 666 4536 Ε.
819 4501 845 4550 4.
859 4482 960 4556 Ἔγνω]
977 4490 1006 4548 -Ιε
1021 4483 1066 4540 οὖν
1079 4483 1130 4538 Ed.
1142 4484 1226 4539 invito
1239 4484 1271 4539 Ε.
1430 4504 1473 4560 19.
1490 4504 1544 4541 τοτε·

365 4552 506 4622 σφιγμένοι
544 4553 582 4607 .F.
595 4553 814 4624 κατηρφιεσμένοι
827 4553 878 4608 Ed.
932 4557 1028 4610 ἑαυτῶν
1041 4555 1104 4610 RF.
1119 4553 1170 4610 Ed.
1183 4573 1238 4628 mg.
1251 4556 1341 4610 ἑαυτὸν
1354 4555 1407 4612 Ed.
