3142 5118
339 351 405 416 254
645 352 685 417 B.
710 351 922 417 CYRILLI
951 350 1240 420 ALEXANDR.
1300 345 1302 348 ’
1379 373 1410 414 x.
1426 349 1529 434 28-30

346 512 476 618 Πατὴρ
494 513 630 596 διδόναι
649 523 701 624 τῷ
719 522 807 625 Υίῷ,
826 519 892 623 οὐχ
918 521 966 602 ὡς
990 517 1041 618 μὴ
1066 519 1184 623 ἔχοντι
1201 519 1255 596 det
1273 513 1342 596 ύπδ
1359 521 1459 620 χεῖρα
1478 509 1529 611 τὴι

343 639 474 735 κτίσιν,
503 641 588 720 ἀλλ’
616 643 663 724 ὡς
692 640 767 720 ὄντι
796 643 893 748 αὐτῷ
921 641 1033 747 φύσει
1061 641 1144 745 ζωῇ,
1173 638 1424 742 προσκομίζων
1449 637 1529 736 ἡμᾶς

270 855 272 858 ,
343 763 426 848 τούς
450 765 693 862 ἐπιδεομένοος
716 765 816 868 ζωῆς,
835 765 893 844 ἵνα
917 763 975 844 διὰ
999 772 1063 844 τοῦ
1080 770 1171 844 Υὶοῦ
1190 764 1463 867 ζωοποιηθῶμεν
1482 771 1529 839 τοτ’

343 885 446 971 ὄντος
466 885 575 992 φύσει
595 888 694 990 ζωῆς,
714 891 772 967 καὶ
791 887 929 968 οἴκοθεν
946 889 1091 992 ἔχοντος
1109 895 1225 969 τούτο.
1261 885 1360 986 πλὴν
1378 889 1436 965 καὶ
1453 883 1529 963 aradi

316 1011 492 1112 ογέγονεν
511 1011 709 1114 ἅνθρωπος,
729 1012 871 1114 ἁρμόζει
896 1013 1002 1119 αὐτῷ
1016 1009 1059 1092 τὸ
1083 1017 1192 1090 αἰτεῖν
1209 1043 1248 1092 τε
1267 1013 1326 1090 καὶ
1343 1006 1529 1108 λαμβάνει

344 1132 444 1234 παρὰ
462 1143 526 1214 τοῦ
545 1133 690 1235 Πατρός
709 1131 733 1213 ἃ
751 1131 844 1238 εἶχεν
862 1139 909 1218 ὡς
929 1134 1038 1240 φύσει
1057 1132 1160 1218 θεός.

400 1258 539 1343 Ἐάσας
565 1257 638 1362 γάρ
664 1255 709 1337 τά
736 1259 943 1361 ἀνθρώπινα
967 1261 986 1338 ό
1008 1257 1181 1362 Χριστὸς,
1202 1260 1260 1339 ἐπὶ
1285 1257 1327 1337 τὸ
1352 1255 1529 1358 θεοπρεπέ

344 1383 453 1462 αὐτοῦ
476 1383 661 1486 ἀνατρέχει
688 1381 840 1488 ἀξίωμα,
859 1384 1139 1484 έναβρύνομενος
1157 1389 1231 1466 τοῖς
1249 1388 1416 1487 φυσικοῖς
1435 1382 1529 1458 αὐτο

178 1531 294 1590 dore.
316 1505 634 1606 οπλεονεκτήμασι
663 1503 721 1584 διὰ
749 1505 791 1586 τὸ
819 1505 1000 1610 χρήσιμον
1024 1513 1097 1585 τῶν
1119 1513 1262 1586 πιστῶν
1285 1509 1342 1584 καὶ
1370 1503 1436 1604 τὴν
1465 1505 1529 1604 ὑγο

344 1629 479 1726 πίστιν,
500 1631 576 1730 ἥτις
594 1631 673 1708 ἐστὶ
692 1627 734 1708 τὸ
752 1629 920 1728 μηδόλως
940 1629 1149 1710 ὑποπτεύειν
1167 1629 1343 1708 ἐλάττονα
1368 1625 1457 1706 εἶναι
1485 1661 1529 1706 το

347 1752 491 1856 Πατρός
524 1751 587 1834 τὸν
615 1751 716 1833 Υίόν.
764 1755 857 1832 οὕτω
889 1752 961 1855 γάρ
994 1755 1168 1833 δείκνυται
1196 1751 1299 1832 εἰκὼν
1326 1749 1455 1850 ἀσινὴς
1487 1785 1529 1828 το

347 1876 503 1980 Πατρός,
533 1874 738 1980 ὁλόκληρον
766 1878 804 1958 ἐν
831 1877 946 1984 ἑαυτῷ
973 1879 1031 1956 καὶ
1060 1879 1142 1976 ύγιῆ
1176 1875 1363 1978 διασῶζων
1389 1873 1457 1953 τόν
1487 1908 1529 1952 το

346 1998 492 2102 Πατρός
511 2003 732 2104 χαρακτῆρα.
770 1997 799 2081 ἓν
819 1998 856 2079 δὲ
875 1999 1028 2102 λέγομεν
1047 1998 1213 2080 τὸνΥίὸν
1231 2002 1290 2078 καὶ
1308 1998 1372 2078 τὸν
1386 1998 1529 2100 Πατέρι

343 2113 409 2202 οὐκ
438 2125 682 2231 άναφύροντες
709 2122 774 2208 τὰς
802 2127 840 2202 ἐν
864 2127 1005 2230 ἀριθμῷ
1032 2124 1201 2220 μονάδας,
1222 2122 1340 2204 καθώς
1365 2156 1459 2204 τινες
1488 2119 1529 2200 τό

344 2246 454 2328 αὐτὸν
472 2245 560 2328 εἶναι
579 2245 730 2348 λέγουσι
751 2249 899 2351 Πατέρα
916 2252 974 2326 καὶ
992 2245 1092 2346 Υὶόν,
1111 2245 1212 2325 ἀλλὰ
1230 2250 1325 2329 ἰδίως
1344 2243 1529 2350 ύφεστάνι

343 2372 574 2457 πιστεύοντες
590 2371 653 2453 τὸν
674 2371 831 2476 Πατέρα,
850 2374 909 2452 καὶ
936 2373 1031 2456 ἰδίως
1055 2369 1118 2451 τὸν
1136 2369 1237 2468 Υὶδν,
1255 2367 1338 2454 τούς
1356 2369 1393 2448 δὲ
1412 2367 1484 2448 δύο
1507 2404 1529 2447 ε,

343 2497 430 2595 μίαν
448 2497 574 2580 οὐσίας
601 2496 802 2596 ταυτότητά
827 2495 1059 2598 συνάγοντες,
1077 2497 1136 2574 καὶ
1160 2497 1247 2590 μίαν
1264 2493 1411 2598 ἔχοντας
1436 2491 1529 2598 ἱσχί

344 2619 484 2716 εἰδότες,
504 2621 551 2702 ὡς
571 2622 608 2698 έν
626 2625 677 2726 τῷ
696 2619 803 2726 ἑτέρῳ
822 2620 942 2722 ἕτερον
961 2619 1254 2720 ἀπαραλλάκτως
1273 2619 1441 2720 ὁρᾶσθαι.

399 2741 499 2845 Ἐγὼ
517 2745 574 2821 καὶ
595 2744 614 2821 ὁ
637 2739 766 2845 Πατὴρ
785 2743 823 2820 ἕν
841 2745 963 2842 ε’σμεν.
1003 2742 1061 2822 διὰ
1079 2740 1146 2840 μὲν
1164 2749 1229 2821 τοῦ
1241 2739 1312 2838 Ἓν,
1331 2737 1396 2840 τὴν
1413 2753 1529 2820 ταυτί

344 2899 436 2965 τητα
465 2869 530 2965 τῆς
559 2865 685 2949 οὐσίας
715 2865 897 2964 σημαίνει·
941 2863 1001 2945 διὰ
1033 2864 1071 2944 δὲ
1103 2873 1169 2946 τοῦ
1196 2864 1321 2972 ’Eo-pair
1351 2869 1399 2946 eie
1432 2865 1529 2943 dvoid

344 2989 461 3086 τέμνει
507 2989 549 3068 τό
596 2988 798 3088 νοούμενον,
836 2991 896 3070 καὶ
942 2987 1055 3070 πάλιν
1091 2995 1141 3076 εὶς
1183 2991 1269 3088 μίαν
1309 2989 1529 3093 περισφίγγ

344 3101 506 3212 θεότητα.

401 3235 509 3338 Πλὴν
523 3239 663 3316 κάκεΐνο
679 3235 771 3316 κατὰ
788 3235 986 3339 Ἀρειανῶν
999 3237 1227 3336 σημειωτέον,
1239 3237 1294 3317 ὅτι
1313 3240 1351 3316 έν
1364 3241 1416 3342 τῷ
1438 3241 1529 3315 εἶπε

342 3361 435 3464 Ἐγύ
463 3371 523 3442 καὶ
544 3369 558 3442 ὁ
581 3358 695 3469 Πατλρ
715 3360 744 3440 ἔν
763 3363 871 3466 ἐσμεν,
890 3362 932 3440 ού
954 3363 1017 3459 τῆς
1040 3361 1299 3454 ταύτοβονλίας
1324 3361 1346 3460 ἡ
1371 3359 1529 3458 δήλωσι

344 3487 428 3564 ἀλλ’
449 3485 471 3584 ἡ
489 3489 553 3582 τῆς
573 3486 699 3568 οὐσίας
725 3481 847 3584 ἑνότης
870 3484 1096 3584 σημαίνεται·
1128 3483 1183 3563 ὅτι
1208 3483 1280 3587 γάρ
1304 3487 1363 3564 καὶ
1380 3485 1529 3564 'londoni

343 3607 498 3708 ἐνόησαν
520 3607 574 3688 ότι
603 3617 711 3689 τοῦτο
739 3607 847 3688 εἰπὼν
867 3603 962 3688 Θεὸν
985 3606 1113 3687 ἑαυτὸν
1135 3603 1224 3687 εἶναι
1251 3605 1349 3709 λέγει
1376 3610 1437 3686 καὶ
1469 3609 1529 3688 ἴσι

401 3921 407 3934 .
420 3879 462 3934 dni
473 3879 526 3932 eir.
539 3877 589 3932 ὑπὸ
602 3877 675 3932 Aub.
687 3876 733 3948 qni
746 3877 798 3931 hoe
810 3877 923 3932 verbum
936 3878 964 3932 in
978 3876 1037 3932 Cat.
1052 3876 1129 3930 Heri.
1143 3875 1235 3930 deeeee
1247 3875 1363 3931 adnotet.
1440 3875 1470 3929 6.
1487 3878 1529 3932 ἅτ

344 3970 368 4007 a.
379 3896 397 4004 δ
409 3949 489 4003 hebet
501 3949 528 4001 k.
665 3963 689 4018 7.
711 3947 799 4001 Verba
810 3945 880 4019 Ἐγὼ
895 3949 935 4001 καί
949 3951 963 4001 d
975 3948 1059 4018 πατὴρ
1072 3947 1100 4000 έν
1112 3947 1192 4014 ε’σμεν
1204 3946 1248 3999 hic
1261 3949 1370 4002 collocet
1382 3943 1472 4012 Aub„
1488 3967 1529 4038 qt

344 4039 425 4104 supra
434 4021 490 4090 jam
503 4035 606 4089 ponens
618 4017 661 4072 hic
674 4018 778 4072 omitto.
852 4018 904 4072 Hic
916 4020 1032 4072 emissus
1046 4017 1186 4089 quaternio
1199 4035 1213 4070 e
1225 4017 1254 4071 k.
1421 4017 1451 4070 8.
1473 4041 1529 4076 am

343 4089 430 4163 pnue]
442 4092 534 4144 ἑαυτοῦ
546 4107 570 4143 a.
645 4105 686 4142 10.
705 4090 827 4158 μηδαμῶς
838 4106 862 4142 e.
875 4090 995 4158 μηδόλως
1008 4089 1087 4143 habet
1098 4088 1157 4141 Cet.
1169 4087 1244 4142 Harl.
1319 4101 1359 4156 15.
1377 4087 1529 4143 πιστεύον

343 4163 487 4232 ὑφεστάναι
499 4161 605 4214 inverso
618 4159 710 4212 ordine
723 4177 747 4212 a.
899 4160 939 4213 18.
958 4157 1083 4230 ὁρᾶσθαι]
1100 4158 1176 4217 Quae
1189 4156 1370 4230 sequebantur
1381 4158 1429 4212 τὰς
1443 4159 1476 4210 δέ
1491 4183 1529 4228 γι

343 4234 407 4285 κατὰ
418 4233 465 4287 τὰς
476 4233 565 4301 φωνάς
576 4229 611 4282 ed
624 4229 772 4298 Epistoiem
786 4227 819 4281 ed
833 4227 990 4282 Nestorium
1003 4247 1029 4298 p.
1038 4247 1071 4300 73
1082 4232 1232 4299 pertinent:
1251 4227 1347 4282 deinde
1359 4227 1398 4280 ἔτι
1410 4227 1436 4280 εἰ
1449 4231 1529 4285 πάντ

342 4304 501 4368 μείζων-τὰ
512 4299 642 4368 ποιήματα
654 4298 687 4351 ad
700 4297 870 4352 Thesaurum
880 4298 941 4369 326,
950 4310 1117 4422 ίηιιειρτοριοτ
1129 4301 1302 4354 omittuntur.
1379 4314 1483 4368 19—p.
1502 4319 1525 4354 2

344 4387 370 4426 τ.
388 4371 557 4425 Scholiorum
571 4369 627 4423 duo
639 4385 781 4438 parvorum
794 4369 868 4438 prius
880 4387 895 4422 e
908 4368 948 4422 Co
970 4369 1048 4423 .Vet.
1061 4369 1146 4423 edidit
1159 4370 1216 4423 Mai
1228 4371 1246 4423 1.
1259 4371 1305 4424 eit.
1318 4365 1392 4421 unde
1406 4369 1437 4421 M
1443 4373 1529 4439 igue,

342 4442 379 4494 ite
396 4459 421 4495 e.
438 4441 560 4508 f01.462.
595 4439 744 4493 Athanasio
762 4449 852 4492 eutem
869 4437 1004 4493 tribuente
1022 4439 1082 4492 Cet.
1100 4439 1178 4494 Harl.
1196 4439 1374 4508 praetermisit
1390 4439 1469 4494 dub.
1521 4473 1529 4496 ι

342 4519 484 4650 ῗθτριὲοὲγ
500 4527 516 4564 e
533 4511 580 4564 fol.
593 4509 655 4577 464.
668 4509 742 4564 edidi
758 4509 824 4580 ipee,
838 4525 887 4566 nec
907 4507 993 4564 dicere
1011 4507 1099 4565 eudeo
1117 4509 1150 4564 ed
1170 4508 1236 4580 qnid
1253 4509 1289 4564 D.
1303 4507 1399 4580 cyrilli
1419 4511 1529 4582 ecriptr
