3118 5132
292 327 360 394 414
597 331 638 396 B.
660 329 874 396 OYRILLI
901 329 1192 396 ALEXANDR.
1383 324 1447 389 xiv·
1466 335 1507 403 7·

292 501 368 580 τοῖς
401 493 535 603 ἔξωθεν
564 496 770 604 ἀξιώμασιν
801 498 823 577 ὁ
849 495 938 582 Υίδς
969 497 1054 597 ἡμῖν
1081 502 1130 582 εἰς
1160 493 1227 596 τὴν
1253 501 1318 576 τοῦ
1347 486 1509 592 Πατρὸς

293 616 445 720 ἰσότητα
463 619 729 726 οχηματίζεται,
748 625 807 702 καὶ
823 622 865 701 ού
882 619 1044 724 καθάπερ
1061 654 1115 706 τις
1132 622 1170 701 ε’ν
1186 619 1333 701 πίνακος
1351 617 1503 722 γραφῇ,

257 741 417 842 δμόναις
435 744 520 844 ἡμῖν
538 751 616 830 τοῖς
641 751 714 826 τῶν
732 741 934 850 χρωμάτων
952 743 1059 830 ἰδέαις
1083 741 1407 837 καταποικίλλεται,
1425 736 1508 836 τὴν

291 873 356 947 τοῦ
370 868 555 963 βασιλέως
572 868 821 970 πλαττόμενός
840 902 879 948 τε
897 871 956 949 καὶ
975 865 1194 975 ψευδόμενος
1216 863 1373 972 μορφὴν,
1391 860 1507 943 ἀλλὰ

291 990 477 1094 χαρακτήρ
510 994 591 1072 ἐστι
624 995 683 1071 καί
713 989 817 1072 εἰκὼν
842 994 987 1090 ἀληθῶς
1018 997 1083 1072 τοῦ
1115 989 1280 1074 τεκόντος
1307 985 1426 1086 αὐτὸν,
1454 989 1548 1066 ἐν5

292 1115 391 1198 ἰδίοις
415 1117 474 1195 καί
499 1121 668 1221 φυσικοῖς
691 1118 841 1217 ἀγαθοῖς
864 1113 931 1216 τὴν
948 1124 1013 1196 τοῦ
1037 1113 1183 1218 Πατρός
1211 1113 1326 1220 φύσιν
1349 1114 1505 1218 ἐμφανῆ

292 1236 478 1322 καθιστάς.
528 1237 587 1318 διὰ
611 1247 718 1320 τοῦτο
744 1239 817 1342 γὰρ
845 1236 1031 1343 ἀμήχανον
1052 1234 1142 1318 εἶναί
1164 1245 1281 1344 φησιν
1301 1234 1510 1338 ἐπιγνῶναί

292 1397 368 1444 τισι
386 1364 451 1445 τὸν
463 1364 619 1468 Πατέρα,
633 1363 684 1465 μὴ
702 1367 780 1470 ούχί
798 1364 975 1469 πρότερον
992 1361 1234 1467 έπεγυωκόσιν
1252 1359 1372 1460 αὐτόν,
1389 1393 1503 1440 τουτ-

292 1488 372 1568 έστι
390 1487 454 1569 τόν
470 1487 572 1569 Υἰόν.

421 1713 478 1779 Καὶ
504 1715 628 1805 όπάρτι
654 1714 829 1791 Γινώσκετε
855 1714 955 1780 αὐτὸν
984 1711 1037 1780 καί
1062 1713 1235 1804 ἑωράκατε
1263 1713 1371 1780 αὐτόν.
1522 1732 1538 1772 1

263 1893 281 1937 θ
342 1865 475 1975 Ἀξιον
493 1866 591 1970 οἰμαι
615 1869 812 1969 θαυμάσαι,
832 1873 891 1951 καί
915 1868 1031 1978 τούτιρ
1055 1868 1121 1968 τὴν
1139 1871 1293 1950 ἐνοῦσαν
1314 1865 1502 1978 τῷλόγῳ

292 1991 484 2093 διασκευὴν
506 1997 565 2074 καὶ
588 1995 793 2100 ἀπόρῤητον
814 1993 1029 2095 οἰκονομίαν.
1068 1991 1216 2096 εἰρηκὼς
1239 1993 1313 2097 γὰρ
1338 1993 1392 2073 ότι
1410 2003 1432 2039 “
1446 1997 1501 2072 Εἰ

293 2124 319 2164 “’
332 2115 524 2220 ἐγνώκειτέ
534 2151 579 2218 με
597 2116 738 2199 καὶτὸν
757 2117 905 2222 Πατέρα
923 2151 992 2212 μου
1010 2115 1055 2198 ἂν
1073 2115 1217 2224 ᾔδειτε,”
1233 2120 1292 2199 καί
1310 2122 1501 2215 νομισθεὶς

292 2240 458 2342 ἐγκαλεῖν
480 2248 554 2326 τοῖς
581 2248 757 2343 μαθηταῖς
785 2249 858 2323 τῶν
880 2243 993 2327 οὕτως
1018 2243 1221 2344 ἀναγκαίων
1243 2241 1496 2344 τὴνοῖγνοιαν,

291 2363 545 2467 τεθεράπευκεν
563 2367 665 2451 εὐθύς
683 2364 831 2474 Ἀπιίρτι
851 2365 971 2468 λέγων
989 2366 1170 2470 γινύσιιετι
1191 2367 1289 2447 αὐτόν
1309 2370 1371 2447 ιιιιί
1391 2365 1498 2473 ἓωριί-
1518 2389 1558 2448 ¹5

296 2523 381 2569 κατε
406 2493 513 2571 ιιύτίι.
551 2487 671 2590 ἐπειδὴ
700 2489 773 2595 γὰρ
801 2491 957 2589 ἔμελλον
975 2495 1047 2571 τῶν
1066 2487 1297 2596 ἁπανταχόσε
1325 2488 1500 2588 κειμένων

294 2611 497 2712 ἐκκλησιῶν
514 2613 684 2716 ἡγεμόνες
702 2615 863 2712 ἔσεσθαι,
880 2615 964 2718 παρ’
985 2615 1094 2695 αὐτοῦ
1112 2623 1176 2696 τοῦ
1196 2619 1362 2718 Σωτῆρος
1380 2615 1472 2694 ἀκού
1477 2661 1496 2675 -

124 2735 252 2869 {¹2¹5}ss
296 2767 427 2822 σαντες
450 2735 492 2817 τό
511 2748 532 2785 “
547 2737 784 2841 Πορευθέντες
807 2737 1058 2838 μαθητεύσατε
1083 2737 1203 2819 πάντα
1227 2737 1274 2819 τὰ
1297 2738 1413 2839 ἕθνη,”
1434 2737 1498 2818 διοί

125 2887 236 2946 'lm
266 2858 429 2960 ιταύτην
454 2863 502 2946 ὡς
530 2861 665 2967 ε’γφμαι
689 2861 855 2961 μάλιστα
879 2861 946 2962 τὴν
967 2863 1093 2960 αἰτίαν,
1116 2862 1379 2970 προαποδείξος
1405 2895 1497 2967 χρη-

295 2985 414 3082 σίμως
432 2988 491 3065 καὶ
509 2984 629 3066 κοινὸν
647 2982 772 3089 ὥσπερ
791 2990 840 3070 εἰς
858 2982 1019 3070 ἅπαντας
1042 2987 1285 3087 ποιησόμενος
1302 2987 1425 3090 λόγον,
1445 2989 1496 3070 ὡς
1513 3017 1555 3057 20

295 3109 328 3190 εἰ
356 3144 410 3196 τις
438 3111 543 3210 εἰδείη
570 3109 634 3190 τὸν
658 3108 759 3207 Υἰδν,
784 3109 916 3189 εἵσεται
948 3109 1064 3211 δήπου
1094 3109 1238 3195 πόντοις
1270 3114 1329 3191 καί
1361 3111 1425 3191 τὸν
1452 3111 1500 3218 ἐξ

295 3233 406 3337 οὗπέρ
436 3237 516 3316 ἐστι
544 3233 691 3338 Πατέρα
722 3235 781 3315 καὶ
809 3231 913 3332 Θεὸν,
942 3235 1175 3339 ἐπιμαρτυρεῖ
1197 3233 1387 3341 χρησίμως
1419 3243 1498 3321 τοῖς

295 3359 422 3438 ἑαυτοῦ
440 3364 615 3458 μαθηταῖς
633 3357 699 3458 τὴν
717 3358 913 3460 ε’πίγνωσιυ
932 3358 974 3438 ού
992 3359 1269 3463 κεχαρισμένοις·
1300 3362 1342 3440 ού
1360 3358 1432 3464 γὰρ
1450 3357 1498 3440 ἂν

296 3481 496 3588 φθέγξαιτό
523 3515 558 3561 τι
586 3489 659 3561 τῶν
686 3483 750 3562 οὐκ
778 3483 937 3582 ἀληθῶν·
977 3484 1063 3564 ἀλλ’
1086 3481 1197 3567 ὅντως
1226 3481 1340 3564 εἰδόσι
1365 3517 1405 3563 τε
1436 3485 1497 3563 καί

295 3601 549 3706 ἐπεγνωκόσιν.
604 3604 659 3685 ότι
692 3603 765 3709 γὰρ
792 3605 882 3686 Υίὸν
913 3609 1059 3707 ιίληθιῖς
1090 3603 1177 3686 εἶναι
1209 3615 1274 3687 τοῦ
1302 3613 1399 3688 Θεοῦ
1430 3607 1497 3689 τόν
1512 3635 1552 3697 τ5

298 3726 434 3830 Κύριον
456 3724 594 3833 ᾔδεσοίν
615 3762 654 3810 τε
681 3733 741 3809 καὶ
767 3731 1078 3827 πεπιστεύκεισαν,
1097 3729 1293 3830 οὐδαμόθεν
1315 3735 1395 3814 ε’στί
1420 3739 1498 3817 τοῖς

296 3851 335 3930 εὖ
354 3857 554 3958 φρονοῦσιν
572 3853 795 3958 ἀμφίβολον.
834 3855 908 3935 ε’πεὶ
926 3854 1019 3936 κατὰ
1040 3854 1119 3936 τίνα
1137 3854 1272 3959 τρόπον
1291 3854 1498 3956 Ναθαναὴλ

126 3975 236 4110 ῗξξΜ
296 3975 576 4080 όἸσραηλίτης
610 3975 770 4060 οἰκούσας
798 3989 820 4026 “
840 3977 921 4082 Πρὸ
954 3988 1019 4060 τοῦ
1047 4014 1093 4060 σε
1126 3982 1312 4061 Φίλιππον
1342 3979 1498 4060 καλέσαι

262 4110 318 4180 b“
336 4099 424 4182 ὄντα
453 4097 523 4182 ὑπὸ
551 4097 617 4201 τὴν
641 4105 758 4200 συκῆν
780 4097 875 4181 εἰδόν
898 4105 975 4200 σε,”
995 4107 1217 4210 παραχρῆμα
1247 4109 1311 4204 τῆς
1338 4103 1498 4188 πίστεως

333 4306 360 4355 4.
378 4286 447 4342 όλλδ
459 4285 590 4370 χαρακτήρ
602 4285 660 4342 έστι
673 4287 705 4342 Ε.
718 4286 779 4342 ἀλλ’
791 4287 849 4343 ίστι
858 4289 992 4372 χαρακτὴρ
1006 4287 1058 4345 Ed.
1231 4290 1258 4345 8.
1275 4289 1310 4360 μὴ
1322 4308 1377 4345 om.
1391 4289 1496 4360 Μίμας.

299 4373 341 4413 11.
361 4355 885 4430 xa2]xdvconj1c1thaudmaleAub.1n
898 4378 953 4432 mg.
1002 4361 1099 4416 Statim
1111 4359 1209 4416 τούτου
1221 4360 1254 4416 E.
1357 4377 1398 4431 ¹3·
1417 4361 1496 4432 ἐγνώ-

296 4449 357 4482 κατε
370 4428 631 4554 Ε.οί.ἰαίταέγτα.
684 4431 891 4498 μαοιιιωΕ.
1022 4445 1064 4504 15.
1082 4429 1168 4504 λέγων
1180 4431 1213 4485 Ε.
1226 4430 1278 4486 Ed.
1291 4447 1347 4503 mg.
1359 4432 1430 4503 λέγω
1444 4431 1495 4486 Ed.

298 4514 342 4553 το.
359 4499 522 4569 ποιησόμεθα
561 4539 568 4554 .
647 4499 692 4556 26.
709 4497 808 4570 ᾔδεσιίν
819 4523 847 4556 σε
860 4511 1029 4573 assumptum
1041 4521 1074 4558 ex
1090 4503 1130 4567 Ε..
1143 4502 1294 4556 faventibus
1310 4513 1337 4557 et
1348 4503 1400 4558 δα.
1413 4501 1495 4558 Cord.

297 4569 343 4640 qui
354 4566 454 4640 ᾔδεσαν
468 4567 588 4642 [ᾔδεισαν
600 4567 643 4644 b.]
656 4579 717 4626 ante
730 4572 790 4626 Υἰόν
802 4589 884 4643 supra
895 4571 1007 4630 addunt.
1061 4570 1265 4630 πεπιστεύκασιν
1277 4572 1309 4628 Ε.
