3238 5114
118 343 195 408 xvii.
213 363 323 432 [4,15.
358 349 414 414 IN
445 349 480 414 S.
499 347 758 418 JOANNEM.
803 348 899 414 LIB.
924 349 985 416 XI.
1029 349 1130 415 CAP.
1146 347 1206 414 IX.
1251 346 1315 412 709

117 507 231 612 τάτην
255 513 478 615 ἀγαπώντων
504 512 608 618 ζωήν.
647 515 690 594 οῦ
711 511 783 617 γάρ
807 513 900 613 ἡδεῖς
924 521 998 599 τοῖς
1024 516 1062 594 ἐν
1086 511 1214 622 κόσμῳ
1242 517 1316 592 τῶν

117 633 233 736 ἀγίων
257 639 291 716 οῖ
318 635 434 740 λόγοι,
454 638 684 742 διασύροντες
711 639 765 718 ἀεὶ
792 635 839 718 τά
866 639 904 718 ἐν
921 640 1012 746 τῷδε
1039 642 1091 744 τῷ
1117 637 1188 748 βίη)
1206 633 1312 732 κακά,

116 761 176 837 καὶ
202 759 384 862 βδελυρὰν
412 762 671 869 ἀποφαίνοντες
701 756 768 860 τὴν
796 762 836 840 έν
865 759 992 872 κόσμῳ
1024 759 1127 865 ζωὴν,
1155 792 1312 862 κατηγο·

115 883 260 983 ροῦντές
282 917 322 964 τε
348 888 412 984 τῆς
437 886 612 989 ἁμαρτίας
635 887 699 984 τῆς
724 887 762 964 ἐν
784 885 890 994 αι’πηῖ,
910 887 968 966 καὶ
990 891 1129 988 πικροῖς
1154 881 1316 988 ἐλέγχοις

81 1005 411 1114 εκατατοξειίοντες
433 1006 516 1093 τοῦς
543 1007 672 1112 οἷσπερ
697 1004 742 1090 άν
759 1007 923 1116 φαίνοιτο
943 1007 986 1090 τὸ
1009 1009 1149 1090 πταίειν
1166 1005 1234 1108 ἡδῦ
1257 1009 1316 1088 καὶ

117 1135 192 1214 τοῖς
228 1131 393 1234 ἐπιγείοις
427 1135 717 1236 ἐγκαλινδεῖσθαι
749 1139 880 1228 κακοῖς,
913 1134 971 1212 καῖ
1007 1129 1219 1238 πλεονεξίαις
1250 1127 1353 1230 μένᾶ

118 1251 265 1354 ἀπάσης
289 1253 667 1360 καταστρατευάμενοι,
694 1254 907 1363 φιλοδοξίαν
932 1252 970 1336 δέ
994 1253 1233 1352 διαπτῦοντες,
1258 1255 1318 1333 καὶ
1331 1317 1341 1334 ,,

117 1374 185 1475 τὴν
203 1377 358 1460 ἀπασῶν
373 1379 508 1484 μητέρα
529 1387 603 1461 τῶν
621 1385 741 1460 κακῶν
759 1379 1049 1487 φιλοχρηματίαν
1066 1377 1321 1480 παραιτεῖσθαί

117 1533 157 1580 τε
182 1503 241 1580 καὶ
265 1504 314 1586 ὡς
338 1501 558 1608 πορῥωτάτω
584 1509 766 1584 ποιεῖσθαι
790 1499 1029 1599 διδάσκοντες,
1047 1500 1148 1582 ἀλλὰ
1173 1502 1318 1598 καὶτῆς

60 1657 103 1700 ιο
117 1625 268 1730 ἀρχαίας
294 1626 434 1727 ἀπάτης
460 1625 530 1734 ἔξω
558 1626 734 1733 φέρεσθαι
761 1630 833 1707 δεῖν
859 1623 1115 1723 ἐπιτάττοντες,
1139 1627 1198 1704 καὶ
1224 1621 1316 1727 πρὸς

116 1745 182 1828 τὸν
212 1755 285 1829 τῶν
315 1748 412 1830 ὅλων
446 1749 532 1831 ἰέναι
562 1749 658 1831 Θεὸν
689 1756 764 1836 τοῖς
799 1748 942 1853 ἀρκύων
973 1748 1061 1830 ε’ίσω
1098 1753 1317 1845 διαβολικῶν

117 1871 351 1972 εἰλημμένας.

175 1996 406 2096 Μεμίοηνται
429 1996 549 2078 τοίνυν
576 1995 635 2077 διὰ
661 1994 775 2077 ταῦτά
799 1992 974 2104 φησιν,οἰ
998 1995 1135 2099 Πάτερ.
1174 1996 1217 2078 οῦ
1241 1993 1314 2099 γάρ

117 2117 179 2200 ἐπί
196 2153 272 2200 τισι
294 2125 368 2200 τῶν
393 2125 556 2225 αῖσχρῦν
580 2118 693 2223 ἤγουν
720 2121 876 2201 ἀνοσίων
903 2119 1200 2222 κατεγνωσμένοι,
1220 2122 1313 2200 δυσ-

63 2266 102 2330 15
118 2241 333 2348 αχθεῖιτεροί
343 2277 421 2327 πως
438 2251 512 2328 τοῖς
530 2245 568 2324 ἐν
585 2241 714 2352 κόσμῳ
730 2240 936 2347 γεγόνασιν,
947 2245 1031 2324 ἀλλ’
1047 2243 1188 2346 ἐπείπερ
1202 2246 1315 2330 αὐτοῖς

116 2367 170 2446 τὶν
197 2364 297 2470 παρὰ
323 2374 393 2448 σοῦ
420 2361 552 2450 δέδωκα
575 2369 688 2471 λίγιν,
712 2369 761 2452 ὡς
785 2365 844 2448 διὰ
867 2376 973 2448 τοῦτο
997 2365 1128 2452 λοιπὸν
1154 2365 1226 2474 ἔξω
1254 2368 1314 2448 καὶ

116 2489 244 2575 αῦτοῦς
261 2489 428 2594 γενέσθω
445 2499 510 2572 τοῦ
528 2489 678 2592 κόσμον,
696 2488 857 2596 καθάπερ
875 2491 954 2592 ἐγά.
995 2489 1226 2598 φρονήματος
1241 2489 1315 2594 γὰρ

29 2605 37 2626 ’
116 2620 180 2692 τοῦ
199 2611 440 2718 γεωδεστέρου
457 2616 517 2696 καὶ
534 2613 793 2700 καταστάσεως
812 2617 988 2715 κοσμικῆς
1012 2611 1198 2722 διφκισται
1222 2639 1314 2696 παν-

114 2742 228 2821 τελοῦς
244 2736 267 2837 ἡ
285 2737 322 2818 ἐν
340 2741 493 2846 Χριστῷ
510 2739 675 2820 πολιτεία
701 2741 760 2820 καῖ
787 2737 868 2842 ζωὴ,
887 2737 930 2840 ἧς
955 2740 1014 2820 καὶ
1038 2735 1188 2820 κατόπιν
1205 2735 1310 2844 ἐρχό-

59 2883 102 2930 ²0
114 2893 215 2960 μενοι
236 2858 329 2940 κατά
352 2894 394 2963 γε
418 2857 461 2941 τῦ
485 2859 631 2969 ἐφικτὸν
647 2861 920 2966 πορελάσαιμεν
941 2861 986 2944 ἀν
1005 2864 1062 2944 καὶ
1086 2863 1186 2942 αὐτοὶ
1207 2861 1250 2943 τὸ
1274 2862 1314 2942 ἐν

115 2989 189 3068 τοῖς
206 2985 244 3064 ἐν
261 2980 390 3092 κάσμιρ
408 2985 717 3090 καταλογίζεσθαι.
758 2984 816 3066 διά
833 2994 939 3066 τοῦτο
957 2991 1031 3070 τοῖς
1048 2985 1185 3090 ἴχνεσιν
1203 2985 1342 3066 αὐτοῖο
1365 3003 1478 3062 981Δ.

114 3113 391 3188 κατακολουθεῖν
418 3109 439 3189 ὁ
467 3109 660 3194 θεσπέσιος
687 3109 772 3209 ἡμῖν
796 3109 934 3216 διέταξε
955 3114 1113 3193 Παῦλος·
1149 3106 1313 3216 ἑψόμεθα
1357 3078 1457 3196 ῦῦάιῦ

115 3227 153 3310 δέ
184 3229 264 3310 τότε
295 3229 460 3330 μάλιστα
491 3238 624 3330 καλῶς,
652 3231 712 3314 ῦτε
739 3232 834 3334 μόνα
863 3236 1009 3339 φρονεῖν
1039 3233 1235 3335 ἀγαπῶμεν
1266 3230 1313 3312 τά
1359 3223 1398 3261 '¹‘

115 3351 349 3456 ῦπερκάσμια,
369 3358 427 3436 καὶ
448 3353 523 3436 ἀνω
545 3353 774 3462 φρονήματος
796 3363 970 3461 σαρκικοῦ
995 3354 1059 3436 τὸν
1076 3361 1202 3437 οῖκεῖον
1220 3354 1313 3456 στή-

60 3505 100 3567 ο5
114 3509 244 3561 σαντες
265 3486 359 3576 νοῦν,
378 3465 427 3563 εῖς
447 3477 542 3578 μόνα
561 3480 747 3581 βλέπομεν
763 3479 810 3562 τά
827 3482 866 3560 ἐν
883 3487 957 3565 τοῖς
974 3480 1146 3583 οῦρανοῖς.
1185 3477 1313 3564 ἑαυτὸν

114 3597 153 3680 δέ
179 3598 292 3712 πάλιν
318 3602 602 3704 συγκατατάττει
628 3610 702 3688 τοῖς
726 3608 901 3705 μαθηταῖς
923 3601 983 3684 διά
1010 3602 1053 3684 τὸ
1075 3602 1310 3706 ἀνθρώπινον,

114 3722 156 3802 οῦ
181 3727 240 3804 καῖ
264 3723 356 3806 κατά
380 3727 533 3826 μίμησιν
557 3725 645 3806 ὅταν
663 3734 779 3808 νοοῖτο
803 3724 914 3835 τυχὸν
931 3729 980 3812 ὧς
1005 3725 1194 3832 ἀνθρουτος
1218 3725 1311 3830 πρὸς

112 3853 187 3928 πᾶν
204 3843 295 3932 εἶδος
322 3847 445 3948 ἀνιμεν
463 3851 600 3953 ἀρετῆς,
625 3851 785 3954 καθάπερ
811 3851 940 3956 ἀρτίως
963 3851 1143 3954 ἐλέγομεν,
1162 3847 1312 3930 άπασαν

112 3967 178 4068 μέν
205 3969 271 4072 τὴν
298 3973 336 4052 ἐν
363 3971 491 4081 κόσμῳ
520 3973 719 4060 διαθέοντες
747 3974 936 4079 άμαρτίαν,
967 3971 1156 4077 ἀλλάτριοί
1184 4005 1224 4053 τε
1252 3974 1345 4068 'calb

58 4117 99 4176 30
113 4093 208 4199 ξένοι
243 4101 316 4176 τῶν
352 4097 390 4176 ἐν
426 4097 524 4204 αὐτῷ
557 4104 676 4180 κακῶν
707 4097 999 4202 ἀνοδεδειγμένοι.
1050 4095 1212 4198 καθάπερ
1248 4095 1312 4176 οὖν

111 4213 236 4316 ἀμέλει
263 4221 322 4300 καὶ
345 4220 476 4307 ὁθεῖος
501 4219 586 4320 ἡμῖν
609 4223 818 4304 ἐπιστέλλει
837 4227 987 4306 Παῦλος
1012 4219 1097 4324 περί
1120 4251 1158 4300 τε
1184 4221 1311 4301 ἑαυτοῦ

114 4505 349 4647 ημκφγὶιγὲοξὲαν
361 4507 393 4564 E.
406 4508 562 4580 φιλοδοξίας
575 4509 627 4565 Ed.
896 4512 922 4566 8.
942 4507 1037 4583 κακόν]
1051 4509 1089 4568 ἰ’σ.
1103 4515 1194 4568 κοκιῦν
1207 4510 1310 4584 Migne.
