3248 5112
88 328 226 395 mu.
285 331 344 398 IN
374 332 407 398 s.
432 311 690 400 ιοκυΝυΜ.
735 332 833 398 ΜΒ.
856 332 917 399 1x.
962 331 1064 398 cAP.
1087 329 1115 395 1.
1233 324 1298 390 ατο

88 495 140 578 ὧς
168 495 313 600 ε’ττείττερ
339 499 441 578 ἐστὶν
463 497 664 599 ὁμοοόσιος,
692 498 763 604 ἔχει
788 495 854 596 μὲν
880 498 919 578 ἐν
946 497 1059 605 ἐαυτῷ
1083 491 1147 576 τόν
1169 487 1335 595 γυνή-ἆ

88 651 226 716 σαντα,
265 619 454 727 ἐνυπάρχει
492 621 530 704 δέ
566 629 624 704 καὶ
665 621 771 706 αὐτὸς
812 624 919 730 αὐτῷ·
967 619 990 722 ή
1028 617 1299 702 διδασκᾶωσαν
1361 703 1365 712 .

87 741 339 844 παρελθόντες
363 751 398 826 οἱ
426 747 469 827 δι’
489 748 659 845 ἐναντίας,
678 746 734 827 ότι
761 746 868 850 γέρας
896 745 978 851 ἔχει,
995 745 1158 846 καθάπερ
1186 741 1298 842 ἡμεῖς,

89 863 136 945 τό
153 867 195 946 ἐν
214 874 267 976 τῷ
285 874 405 972 Πατρὶ
425 878 584 952 νοεῖσθαι
609 875 667 952 καὶ
693 870 809 968 αὐτὸς,
828 874 887 952 καὶ
910 870 1093 954 πολιτείας
1117 871 1181 966 τῆς
1207 863 1301 948 κατὰ

59 987 209 1090 ὅνόμον
237 993 481 1096 εόαγγελικόν,
508 997 723 1101 ἀντίρῤοπον
750 993 918 1097 ἀμοιβήν.
965 993 1052 1073 ἀλλ’
1072 989 1175 1073 οὐδέν
1203 988 1301 1090 οἶμαι

92 1113 214 1196 δεινὸν
244 1117 386 1203 ἐκείνοις
420 1119 583 1224 φαίνεται
619 1123 679 1200 καὶ
715 1128 831 1200 τοῦτο·
871 1117 924 1204 οἷς
961 1115 1034 1222 γὰρ
1070 1113 1161 1200 εἶδος
1198 1113 1302 1195 οὐδὲν

92 1242 371 1343 γλωσσαλγίας
394 1242 675 1344 ἀνεπιτήδευτον,
695 1242 732 1324 τί
752 1250 826 1324 τῶν
848 1245 933 1323 λίαν
951 1239 1214 1346 ἀπηχεστάτων
1233 1240 1302 1341 οὐχ

92 1363 333 1464 ῖτιττήλατονς
373 1365 465 1453 εἰκός
494 1369 557 1448 οὖν
584 1366 639 1448 ὅτι
671 1372 812 1448 κάκεῖνο
843 1370 998 1471 ἐροῦσιν,
1027 1368 1076 1449 ὡς
1105 1363 1158 1463 εἴη
1186 1359 1301 1462 μένό

91 1488 185 1574 Υἱός
212 1493 253 1569 ἐν
275 1493 396 1594 Πατρὶ
423 1489 482 1573 διά
509 1499 625 1588 τοῦτο,
647 1491 722 1598 ἐχοι
750 1489 788 1574 δέ
816 1492 862 1572 αὖ
888 1489 1002 1573 πόλιν
1030 1491 1068 1568 ἐν
1095 1487 1209 1596 ἐαυτῷ
1236 1483 1332 1566 τὸνο

48 1633 80 1673 ¹0
95 1613 260 1716 Πατέρα,
288 1616 431 1720 ἐπείπερ
461 1624 539 1702 ταῖς
567 1619 626 1696 καῖ
655 1617 740 1716 ἡμῖν
766 1619 926 1722 ἐφικταῖς
955 1617 1095 1718 ἀρεταῖς
1127 1615 1176 1696 ὡς
1208 1607 1302 1713 πρὸς

93 1735 207 1818 αὐτόν
224 1739 495 1844 οχηματίζεται.
536 1743 595 1821 καὶ
618 1740 657 1821 τί
678 1738 722 1841 δὴ
749 1736 922 1838 πάλιν,ιιἰ
945 1737 1145 1836 βέλτιστοι,
1165 1732 1299 1844 φαμέν,

94 1863 290 1942 Φιλιππου
318 1863 489 1966 λέγοντος
517 1874 539 1914 “
555 1864 666 1968 Κύριε
698 1865 816 1973 δεῖξον
843 1865 928 1964 ἡμῖν
954 1861 1019 1944 τόν
1045 1860 1223 1964 Πατέρα,”
1250 1857 1301 1960 μή
1347 1845 1437 1962 525¹}

93 1984 239 2070 πάντας
269 1986 353 2072 τοὺς
388 1989 510 2091 ἁγίους
542 1986 775 2074 ἀποστόλους
807 1993 857 2073 εἶς
888 1985 1005 2068 εῖκόνα
1036 1990 1095 2067 καὶ
1128 1983 1302 2084 ὁμοίωσιν

94 2113 231 2213 ἀκριβῆ
248 2119 313 2190 τοῦ
331 2112 521 2211 νοουμένου
537 2115 708 2212 παραθεὶς
726 2113 887 2219 ἔφασκεν
905 2115 925 2193 ό
943 2109 1106 2214 Χριστός
1124 2107 1301 2216 Τοσούτῳ

52 2257 82 2318 ¹5
94 2232 220 2343 χρόνῳ
238 2234 329 2332 μετά
350 2236 528 2339 ἀλλήλων
546 2236 666 2338 ἐσμέν,
685 2241 743 2318 καὶ
770 2238 834 2318 οάκ
858 2237 1017 2339 ἔγνωκας
1041 2232 1106 2314 τόν
1125 2229 1296 2335 Πατέρα;

95 2359 184 2438 ἀλλ’
205 2360 334 2441 οὐδένα
351 2368 423 2442 τῶν
441 2363 569 2444 ἀλλων
585 2363 699 2470 ἐαυτῷ
716 2362 994 2468 συνεισδέχεται,
1012 2357 1123 2460 μόνον
1141 2358 1180 2438 δέ
1197 2356 1297 2465 μόνῳ

95 2487 274 2586 παραθεὶς
300 2492 353 2594 τῷ
382 2490 512 2591 Πατρῖ,
540 2491 588 2572 ὡς
617 2485 727 2590 μικρά
755 2485 820 2586 μέν
850 2489 978 2592 κομιδῇ
1009 2481 1223 2590 παρατρέχει
1250 2481 1332 2563 τάν
1359 2500 1423 2556 801
1431 2497 1474 2554 A·

96 2608 265 2709 ἡμέτερα,
283 2610 348 2690 οὐκ
372 2612 410 2690 ἐν
431 2609 569 2696 τούτοις
594 2612 632 2692 δέ
659 2614 816 2716 ἀκριβνῖς
841 2608 908 2710 τὴν
933 2611 1031 2696 θείαν
1055 2609 1185 2690 οὐσίαν
1207 2607 1299 2715 ἐξει-

96 2731 303 2835 κονίζεσθαι
339 2730 469 2833 θέλων,
505 2736 619 2842 ἑαυτῷ
654 2733 823 2838 τετήρηκε
859 2733 959 2843 μόνῳ
998 2731 1064 2835 τήν
1101 2738 1148 2817 εῖς
1190 2733 1303 2837 ἀκρον

53 2897 86 2937 το
97 2854 305 2961 ἐμφέρειαν.
344 2855 454 2961 ὁγὰρ
476 2857 640 2960 ἑωρακὼς
664 2856 735 2957 ἐμέ,
755 2861 861 2966 φησὶ,
878 2856 943 2938 τὸν
964 2857 1114 2960 Πατέρα
1131 2855 1298 2958 ἑόρακεν.
1346 2867 1421 2935 1¹³·9·

97 2976 176 3060 εἶτα
193 2980 332 3065 τούτοις
349 2982 539 3086 ἐπήνεγκεν
551 2981 654 3068 εὐθύς
665 2993 686 3031 ‘⁶
692 2980 887 3062 Πιστεύετε
906 2980 961 3062 ότι
979 2978 1051 3082 ἐγὼ
1068 2982 1169 3087 ἐντῷ
1183 2981 1302 3082 Πατρῖ
1347 2994 1388 3046 lb·
1399 3007 1437 3046 1¹·

97 3115 121 3152 ‘⁶
139 3109 203 3186 καὶ
228 3104 398 3208 όΠατὴρ
417 3107 454 3187 δὲ
472 3109 511 3186 ἐν
528 3109 605 3207 ἐμοὶ
627 3104 763 3188 ἐστίν.”
801 3107 892 3188 ὅπου
916 3103 988 3208 γὰρ
1012 3101 1304 3205 ἀπαραλλάκτως

95 3228 170 3335 ἔχει
190 3229 284 3310 κατά
302 3264 343 3333 γε
361 3229 427 3330 τὴν
447 3230 602 3314 εἰσάπαν
620 3231 820 3339 ἐμφέρειαν,
837 3237 916 3316 τοῖς
934 3231 998 3310 οὐκ
1016 3226 1062 3310 ἂν
1080 3229 1155 3333 ἔχοι
1173 3223 1303 3308 λοιπόν

96 3351 208 3437 αὐτὸς
235 3352 301 3453 μέν
321 3357 358 3434 ἐν
380 3356 493 3463 ἐαυτῷ
520 3354 584 3436 τὸν
602 3355 759 3458 Πατέρα,
779 3353 895 3461 ἔχεται
924 3353 962 3434 δέ
989 3350 1114 3456 ὥσπερ
1142 3348 1303 3432 ἀπὸτοῦ

55 3521 86 3580 ²5
99 3477 273 3581 Πατρός;
302 3479 412 3559 ἐννόει
439 3477 511 3582 γάρ
538 3513 573 3560 τι
601 3485 773 3578 τοιοῦτον,
791 3482 849 3559 καὶ
873 3475 966 3582 πρὸς
990 3473 1174 3584 ἀπόδειξιν
1198 3473 1304 3580 δέχου

97 3609 173 3684 τῶν
200 3601 405 3704 εἰρημένων.
448 3599 518 3706 ἄρα
545 3600 627 3707 γὰρ,
649 3603 683 3684 εἴ
707 3637 760 3687 τις
788 3601 829 3682 τὸ
847 3601 1029 3706 Ἀβραὰμ,
1048 3602 1160 3705 ἤγουν
1184 3597 1337 3704 ἐτέρουυ

98 3727 198 3811 τινὸς
227 3727 418 3830 ἀνθρώπου
445 3725 556 3832 τυχόν
583 3731 632 3811 εἷς
658 3726 773 3828 μέσον
799 3727 931 3830 ἀγάγοι
958 3727 1111 3824 παιδίον,
1136 3719 1211 3804 εἶτα
1238 3721 1305 3824 τὴν

98 3861 165 3932 τοῦ
195 3848 363 3937 τεκόντος
390 3849 477 3932 αι’ττὸ
512 3851 693 3956 διερωτοίη
724 3849 849 3957 φύσιν,
877 3853 930 3936 τίς
961 3885 1000 3930 τε
1033 3849 1129 3933 ὅλως
1161 3847 1214 3948 εἴη
1246 3850 1305 3926 καὶ

99 3971 268 4060 ποδαπός
284 3977 305 4055 ὁ
323 3974 435 4056 τεκὼν
452 3975 624 4070 βούλοιτο
642 3981 777 4074 μαθεῖν,
798 3977 862 4055 οὐκ
880 3973 925 4054 ἀν
944 3971 1104 4076 εὐλόγως
1122 3971 1303 4074 ἐφρόνησε,

60 4135 91 4191 30
100 4107 252 4200 μᾶλλον
280 4097 318 4180 δέ
346 4098 412 4200 τήν
437 4101 568 4180 οἰκείαν
593 4099 748 4208 ἐπέδειξε
776 4099 902 4208 φύσιν,
925 4098 1045 4200 λέγων
1063 4097 1112 4176 ‘O
1140 4089 1305 4197 ἑωρακὼς
1402 4137 1408 4142 ·

101 4223 163 4328 ἐμὲ
188 4223 323 4330 ἑώρακε
348 4221 411 4304 τὸν
428 4221 578 4328 πατέρα·
614 4221 685 4327 ἐγὼ
709 4225 747 4304 ἐν
769 4229 821 4332 τῳ
849 4223 957 4328 πατρὶ
985 4222 1046 4300 καὶ
1074 4220 1095 4299 ό
1122 4214 1241 4322 πατὴρ
1267 4213 1305 4296 δέ

104 4515 195 4641 31198...
203 4497 303 4626 mm
295 4495 333 4640 Ῑφη
334 4497 426 4624 m
433 4497 485 4623 End.
675 4511 719 4552 ιο.
737 4493 873 4568 φήσῖοοι.
887 4493 919 4550 E.
1109 4506 1152 4563 ²⁹·
1169 4487 1261 4546 ποθεῖν
1273 4487 1307 4544 Ε.
