3274 5118
130 352 241 438 xvi.7.
315 358 370 423 IN
401 359 434 425 S.
459 361 716 428 JOANNEM.
762 362 858 427 LIB.
882 363 922 427 X.
969 361 1143 428 GARII.
1262 360 1326 424 619

131 516 256 626 ὥσπερ
289 525 582 628 κεκαινοτόμηκεν
612 529 696 628 ἡμῖν
725 527 783 609 διὰ
811 533 875 629 τῆς
908 529 996 613 ῖδίας
1024 525 1259 610 ἀναστάσεως
1283 524 1326 605 τὸ

130 646 313 748 διαδρᾶναι
337 648 512 731 δυ’νασθαι
535 651 601 752 τὴν
620 651 772 758 φθορὰν,
791 655 903 736 οὕτως
921 652 1004 750 ἡμῖν
1023 652 1162 758 ἀνοῖξαι
1181 653 1238 730 καὶ
1260 649 1326 749 τὴν

130 772 179 851 είς
200 767 243 848 τὸ
266 771 340 854 ἀνω
357 773 527 878 πάροδον,
546 781 604 856 καὶ
623 779 661 856 ε’ν
679 777 763 884 ὄψει
791 781 930 876 στῆσαι
952 785 1017 856 τοῦ
1037 774 1183 879 Πατρδς
1206 773 1270 856 τὸν
1288 778 1326 855 έκ

129 894 330 995 προσώπου
357 900 501 980 τεθέντα
525 899 650 980 διὰ
610 935 676 1002 την
695 905 732 981 ε’ν
752 899 873 998 Ἀδάμ
895 899 1119 1004 παράβασιν.
1160 903 1253 981 οὕτω
1280 899 1327 981 τά

95 1027 276 1099 5τοιαῦτα
303 1027 422 1108 συνεὶς
447 1029 506 1104 καὶ
534 1025 555 1103 ὁ
582 1027 776 1110 θεσπέσιος
803 1031 952 1110 Παῦλος
981 1021 1105 1127 ’έλεγεν
1132 1035 1154 1074 “
1169 1027 1227 1104 Οὐ
1237 1025 1385 1180 γὰρ
1371 1029 1439 1080 ffib·
1451 1029 1487 1081 ¹¹·

130 1148 220 1227 “εῖς
244 1148 472 1250 χειροποίητα
500 1147 587 1251 ἅγια
615 1149 826 1249 εἰσῆλθεν
811 1183 831 1228 ο
856 1146 1030 1250 Χριστὸς,
1049 1148 1182 1228 οῦδε’
1154 1184 1203 1234 εις
1225 1152 1323 1229 ἀντί-

85 1362 88 1372 .
130 1275 266 1348 “τυπα
302 1276 376 1350 τῶν
402 1273 603 1372 ἀληθινῶν,
638 1275 722 1352 ἀλλ’
756 1279 802 1356 είς
835 1270 944 1353 αὐτὸν
974 1271 1038 1353 τὸν
1068 1271 1229 1376 οὐρανὸν,
1262 1282 1326 1354 νῦν

131 1399 153 1436 “
170 1393 433 1498 ἐμφανισθῆναι
451 1401 502 1504 τῷ
520 1396 707 1505 προσώπῳ
725 1405 790 1476 τοῦ
804 1401 900 1476 Θεοῦ
919 1395 1006 1501 ὑπέρ
1025 1397 1159 1497 ἡμῶν.”
1189 1397 1355 1482 ἀκούειςε

130 1513 185 1594 ὅτι
203 1515 262 1595 διὰ
278 1515 414 1604 παντὸς
432 1522 470 1600 ἐν
489 1519 574 1626 ὄψει
593 1524 651 1600 καὶ
669 1525 706 1601 ε’ν
724 1527 769 1627 τῇ
789 1520 900 1626 φύσει
918 1529 982 1600 τοῦ
1000 1522 1090 1600 ίδίον
1109 1519 1326 1624 Γεννήτορος

77 1633 191 1737 νοοῦν,
214 1639 273 1719 διά
299 1639 366 1742 τὴν
384 1641 583 1746 ταυτότητα
610 1649 675 1744 τῆς
702 1647 839 1741 οὐσίας,
868 1647 994 1724 νῦνού
1022 1647 1065 1724 δι’
1085 1643 1220 1743 ἑαυτὸν,
1240 1647 1324 1724 ἀλλ’

131 1759 217 1866 ὑπέρ
238 1763 340 1863 ἡμῶν
357 1767 582 1874 ἐμφανίζεται
599 1802 609 1865 ;
643 1767 663 1848 δ
682 1769 754 1872 γὰρ
772 1765 871 1848 εἶπον
889 1767 969 1868 ἤδη,
988 1777 1094 1849 τοῦτο
1112 1767 1225 1850 ποίλιν
1243 1771 1324 1870 ε’ρῶ·

130 1886 223 1985 ἡμᾶς
241 1887 390 1983 ἵστησιν
407 1893 444 1970 έν
463 1891 547 1998 ὄψει
566 1901 631 1972 τοῦ
644 1893 800 1996 Πατρίις,
819 1893 965 1998 ἀπαρχὴ
984 1890 1035 1972 εῦν
1051 1897 1116 1992 τῆς
1134 1888 1325 1995 ἀνθρωπό-

130 2043 247 2110 τητος,
263 2014 503 2115 ἀποδημήσας
517 2021 566 2100 είς
583 2015 766 2120 οὐρανούς.
795 2015 921 2118 ὥσπερ
938 2015 1010 2119 γὰρ
1029 2014 1099 2120 ζωὴ
1114 2015 1205 2095 κατὰ
1214 2016 1329 2121 φύσιν

132 2133 313 2241 ὑπάρχων,
350 2140 542 2220 ἀποθανεῖν
574 2175 613 2220 τε
646 2145 705 2220 καὶ
742 2143 942 2240 ἀναστῆναι
972 2141 1115 2243 λέγεται
1145 2138 1188 2219 δι’
1223 2141 1327 2240 ἡμᾶς,

78 2289 118 2349 15
132 2262 243 2344 οὕτως
268 2263 326 2339 καὶ
352 2264 405 2340 ἀεὶ
432 2263 582 2358 βλέπων
600 2262 664 2343 τὸν
682 2265 808 2344 ἑαυτοῦ
829 2262 985 2369 Πατέρα,
1012 2261 1189 2366 ὁρώμενός
1216 2297 1254 2342 τε
1282 2264 1328 2342 αὖ

130 2382 244 2464 ποίλιν
261 2386 320 2463 καὶ
337 2384 437 2489 παρὰ
453 2395 518 2466 τοῦ
536 2387 624 2467 ῖδίου
644 2386 800 2490 Πατρῦς,
813 2395 876 2467 νῦν
890 2389 1154 2494 ἐμφανισθῆναι
1173 2387 1326 2488 λέγεται,

131 2506 327 2607 τουτέστιν,
347 2507 406 2589 ὅτε
434 2510 581 2612 γέγονεν
608 2512 807 2614 ἅνθρωπος,
837 2513 878 2591 οῦ
906 2511 949 2590 δι’
975 2509 1111 2609 ἑαυτὸν,
1133 2513 1217 2590 ἀλλ’
1238 2509 1357 2614 ἀτέρα
1379 2532 1442 2586 919
1455 2531 1495 2586 Δ.

131 2631 247 2729 ἡμῶν,
278 2635 326 2717 ὡς
354 2633 551 2738 ἅνθρωπος,
579 2639 637 2716 καὶ
666 2639 714 2720 ὡς
741 2635 955 2720 ε’λλελοιπὸς
983 2636 1045 2715 οὖν
1073 2635 1143 2738 ἀρα
1171 2641 1216 2739 τῇ
1244 2637 1325 2715 καθ’

131 2755 223 2854 ἡμᾶς
251 2761 432 2908 οῖκονομίη
459 2762 701 2867 κατεφαίνετο,
726 2758 768 2838 τὸ
797 2763 854 2840 καὶ
883 2766 932 2844 εἱς
960 2757 1087 2845 αὐτοὺς
1115 2762 1208 2860 ἡμᾶς
1235 2762 1324 2840 ἀνα-

79 2884 239 2979 οοβῆναι
269 2878 351 2966 τοῦς
382 2882 561 2984 οῦρανοῦς,
590 2887 638 2967 ὡς
663 2886 700 2962 έν
731 2885 877 2987 ἀπαρχῇ
906 2887 963 2964 καὶ
993 2885 1126 2990 πρώτῳ
1150 2889 1324 3034 Χριστῷ.

131 3002 405 3108 πρόδρομος
351 3040 432 3154 γηρ
459 3009 519 3085 καὶ
545 3012 593 3090 είς
621 3005 747 3090 αὐτους
776 3005 1042 3106 ἀνελήλυθεν
1024 3041 1112 3160 υπερ
1139 3009 1249 3106 ἡμῶν,
1279 3005 1326 3092 ὥς
1372 3017 1457 3134 {0¹23

131 3161 202 3207 που
230 3131 289 3206 καὶ
317 3127 423 3213 αὐτός
451 3131 608 3236 φησιν’
592 3163 613 3209 ο
635 3129 831 3214 θεσπέσιος
851 3134 1013 3214 Παῦλος·
1052 3164 1109 3209 και
1128 3127 1152 3234 ᾗ
1170 3129 1236 3227 μὲν
1259 3130 1322 3210 ἄν·

132 3257 285 3354 θρωπος,
310 3259 439 3332 νοεῖται
466 3251 577 3358 τυχὸν
604 3251 783 3357 ἀρχιερεῦς
810 3252 861 3332 ἔτι
889 3259 961 3332 τῶν
988 3253 1167 3356 ἡμετέρων
1194 3259 1326 3359 ψυχῶν

132 3379 190 3454 καὶ
216 3373 446 3480 παράκλητος
465 3379 523 3456 καὶ
548 3375 704 3476 ἱλασμδς
723 3376 811 3478 ὑπὲρ
829 3383 901 3457 τῶν
926 3377 1105 3480 ἡμετέρων
1131 3379 1324 3480 ἁμαρτιῶν·

79 3495 155 3604 ιι5ᾖ
174 3499 212 3578 δὲ
231 3498 323 3585 Θεὸς
342 3503 400 3580 καὶ
421 3501 552 3603 Κύριος
571 3497 661 3580 κατὰ
680 3501 804 3604 φύσιν,
823 3501 995 3604 σύνεδρος
1020 3506 1071 3609 τῷ
1095 3501 1170 3610 ίδίιρ
1190 3498 1361 3601 revm5-1,

131 3657 219 3727 τορι,
238 3623 340 3704 ἀλλὰ
363 3627 422 3704 καὶ
444 3630 491 3708 είς
509 3625 601 3724 ἡμᾶς
626 3623 752 3708 αῦτοῦς
775 3624 876 3704 οῦδὲν
896 3625 1004 3726 ἧττον
1022 3623 1135 3706 πάλιν
1163 3631 1220 3706 καὶ
1243 3625 1266 3725 ἠ
1288 3627 1328 3704 ἐκ

132 3747 259 3828 τούτου
287 3747 498 3848 διαβήσεται
526 3747 627 3855 δόξα.
666 3749 721 3828 διὸ
750 3753 807 3828 καὶ
836 3754 986 3835 Παῦλος
1019 3747 1120 3852 έλεγε
1153 3753 1234 3900 περὶ
1263 3757 1327 3828 τοῦ

133 3868 334 3974 Πατρδς,’
315 3907 369 3952 οτι
398 3873 491 3951 “καὶ
514 3869 702 3974 συνήγειρε
728 3873 787 3951 καὶ
812 3873 1094 3953 συνεκάθισεν
1073 3880 1166 3972 ημᾶς
1190 3877 1228 3952 έν
1253 3879 1327 3956 τοῖς
1370 3877 1473 3992 lupun.

132 3996 389 4098 “ε’πουρανίοις
412 3997 449 4075 έν
475 3993 662 4102 Χριστῷθ
698 3997 963 4097 τετελεσμένων
991 3997 1054 4076 οῦν
1078 3998 1148 4098 ἀρα
1173 4003 1246 4075 τῶν
1269 3999 1326 4075 ε’πὶ

79 4157 118 4215 30
132 4121 194 4216 τῆς
213 4152 291 4220 γης,
309 4117 352 4200 τὸ
374 4118 587 4202 έλλελοιπὸς
614 4119 681 4198 ἔδει
699 4129 874 4223 πληροῦν,
894 4119 1068 4219 τουτέστι,
1086 4119 1128 4199 τὸ
1151 4121 1327 4218 ἀναβῆναι

185 4239 196 4266 λ
273 4241 284 4267 ἱ
431 4243 442 4270 Ι
579 4241 590 4270 ἱ
674 4251 690 4268 n
723 4242 732 4268 Ι
1003 4241 1015 4266 Ι
1088 4249 1095 4270 ι
1124 4247 1142 4266 Ν
1173 4243 1189 4269 d
1266 4245 1271 4262 ⁸
1308 4241 1321 4270 ἱ

130 4275 222 4344 προς
248 4277 312 4323 τον
337 4247 496 4348 Πατερα.
537 4247 595 4322 δια
627 4277 733 4323 τουτο
759 4251 852 4351 φησι
885 4255 1052 4350 Συμφεμι
1080 4280 1153 4348 υμιν
1177 4276 1229 4323 ινα
1258 4278 1327 4346 εγω

168 4537 194 4584 4.
212 4515 480 4642 τεθέντρ]ξηενόμενον
492 4515 564 4572 haud
578 4518 646 4572 male
660 4516 730 4571 Cutt.
912 4519 937 4570 ⁶.
958 4517 1016 4570 οὐδέ
1030 4516 1065 4572 τίς
1077 4515 1203 4570 exhibent
1215 4521 1242 4570 et
1255 4513 1327 4572 Catt.

136 4605 175 4660 13.
196 4587 319 4658 οὐρανούς
377 4589 485 4657 οῦρονόν
498 4587 549 4642 Ed.

685 4688 778 4750 4142
