3118 5132
51 339 154 426 σε,
358 343 419 408 IN
449 341 484 408 s,
509 341 765 409 JOANNEM.
812 343 907 410 σου.
932 343 992 408 1x.
1210 341 1272 403 421

50 550 134 624 Mra
171 553 276 654 αὐτῷ
315 555 337 622 ὀ
373 554 499 620 Ἰιιοοΰς
534 553 691 639 Τοσούτῳ
728 533 836 644 χρόνῳ
872 555 945 632 μεθ’
984 553 1075 631 ὑμῶν
1111 547 1187 632 εἰμι,
1223 547 1309 622 κοίο

94 677 156 742 οὐκ
195 679 363 753 ἒτνωκάο
399 702 451 760 με,
487 678 657 763 Φίλιππος
701 680 719 746 ὁ
755 679 916 768 ἑωρακὼς
951 679 1009 757 ἐμὲ
1049 675 1179 768 ἑώρακε
1219 675 1276 743 τόν

94 802 252 892 Πατέρα.
1289 813 1312 879 d

99 950 437 1057 Ἀπροφάσιστον
459 953 510 1060 τῷ
534 957 678 1058 μαθητῇ
706 953 773 1052 τὴν
796 955 953 1054 ἀμαθίαν
975 951 1191 1034 ἐπιδεικνύει.
1232 949 1278 1032 τά

34 1075 111 1170 Ξμέν
139 1075 223 1178 γὰρ
258 1074 551 1182 δυσεφικτότερα
578 1083 650 1156 τῶν
679 1077 929 1180 θεωρημάτων,
957 1080 1017 1158 καὶ
1044 1075 1136 1180 πρὸς
1163 1074 1274 1156 κατά·

56 1205 173 1304 ληψιν
193 1197 271 1298 τὴν
291 1203 334 1278 έν
353 1199 479 1300 νοήσει
498 1205 592 1308 φημὶ
616 1199 838 1304 λεπτοτέραν
858 1203 896 1280 έν
914 1203 1052 1287 έαυτοῖς
1070 1200 1279 1308 έξαιτοῦντα

57 1323 115 1422 τὴν
134 1321 337 1420 βάσανον,
357 1329 387 1402 εί
412 1327 471 1404 καὶ
494 1322 545 1424 μὴ
570 1327 607 1404 έν
630 1325 744 1432 ὀλίγῳ
768 1323 888 1434 χρόνῳ
914 1323 1035 1430 τυχόν,
1055 1323 1140 1404 ἀλλ’
1160 1325 1223 1404 οὖν
1240 1325 1278 1403 έν

57 1455 213 1552 μακραῖς
234 1444 481 1550 παρατάσεσι
499 1453 572 1528 τῶν
590 1455 724 1552 καιρῶν
742 1448 844 1530 έσται
871 1447 914 1549 δὴ
937 1447 1082 1534 πάντως
1104 1447 1279 1546 ἁλώσιμα

58 1579 124 1655 τοῖς
147 1571 394 1678 φιλομαθέσι
413 1572 472 1650 καὶ
491 1576 682 1679 καταφανῆ
701 1573 905 1674 γενήσεται·
937 1570 990 1658 οἷς
1014 1572 1053 1654 δέ
1075 1574 1138 1652 οῦκ
1161 1570 1278 1652 ἔνεστι

27 1695 95 1772 Πτό
118 1695 365 1798 περισκελές,
384 1696 469 1774 ἀλλ’
490 1697 626 1776 εὐθεῖαν
645 1696 717 1802 ἔχει
741 1695 808 1797 τὴν
831 1696 980 1798 εἴδησιν,
998 1696 1136 1782 τούτοις
1162 1697 1206 1776 ἀν
1225 1730 1279 1780 τις

15 1833 19 1840 ’
60 1818 295 1918 προσβάλοι,
317 1825 376 1899 καὶ
404 1820 489 1898 λίαν
511 1820 656 1900 ἀκονιτί.
699 1821 738 1900 τί
762 1823 893 1919 τοίνυν,
913 1823 1040 1928 φησίν,
1059 1817 1088 1900 ὦ
1110 1825 1307 1912 Φίλιππε,ο

61 1945 149 2046 πρὸς
178 1941 257 2042 τὴν
287 1945 343 2023 ἐπ’
369 1945 447 2041 έμοὶ
474 1943 625 2024 σῦνεσιν
654 1945 787 2046 ἀκριβῆ
816 1943 859 2024 τῦ
888 1945 1159 2048 παρσποδίσαν,
1188 1944 1275 2024 εἶπέ.

62 2070 173 2148 καίτοι
205 2066 288 2170 γὰρ
318 2067 413 2147 οῦτω
440 2074 581 2168 μακροῦ
610 2067 848 2153 διελάσαντος
875 2067 1018 2174 χρόνον,
1040 2069 1123 2147 καθ’
1144 2065 1185 2146 όν
1209 2074 1277 2171 εἰμι

64 2191 133 2292 μεθ’
151 2192 265 2297 όμῶν,
286 2195 347 2270 καὶ
365 2195 559 2294 ἀρκοῦντος
580 2199 629 2276 εὶς
654 2193 909 2300 πληροφορίαν
926 2189 976 2272 ὧν
992 2189 1060 2272 ἔδει
1078 2225 1123 2270 σε
1142 2196 1278 2291 μαθεῖν,

33 2315 258 2420 ·5ε’νδοιοίζεις
286 2315 350 2413 έτι,
367 2321 515 2416 μᾶλλον
534 2312 572 2394 δέ
598 2315 696 2416 ἥλως
721 2315 917 2419 ἦγνοηκὼς,
936 2317 989 2401 τίς
1015 2313 1079 2414 μὲν
1096 2311 1166 2418 ἐγὼ
1188 2314 1279 2394 κατὰ

66 2441 180 2546 φύσιν
214 2443 294 2540 είμὶ
326 2443 385 2519 καὶ
418 2437 541 2540 πόθεν,
569 2441 682 2521 καίτοι
710 2447 783 2520 τῶν
811 2440 865 2520 ότι
893 2439 1059 2540 μάλιστα
1088 2438 1188 2543 παρά
1218 2441 1280 2519 σοὶ

67 2564 357 2670 θαυμαζομένων
393 2565 569 2667 εὑρίσκων
606 2563 693 2646 ὅντα
731 2565 961 2668 δημιουργόν.
1018 2571 1095 2650 πῶς
1136 2563 1174 2644 δέ
1216 2565 1280 2644 οὐκ

67 2689 190 2790 ἔγνως,
225 2692 359 2796 φησὶν,
389 2687 443 2768 ότι
476 2690 496 2768 ὁ
529 2688 718 2793 θεωρήσας
748 2689 808 2795 ἐμὲ
841 2689 1001 2769 τεθέαται
1036 2687 1087 2770 τῖιν
1118 2685 1277 2797 Πατίρας

68 2817 149 2894 ἀλλ’
178 2813 384 2896 Ἰουδαίους
412 2811 478 2911 μέν
506 2813 567 2892 οίει
595 2810 677 2898 τοῦς
705 2811 820 2892 πάλαι
848 2811 914 2912 τὴν
940 2815 1038 2893 θείαν
1065 2815 1103 2893 έν
1127 2819 1179 2920 τῷ
1206 2810 1310 2915 ὅρειο
1335 2827 1398 2885 ’177
1407 2825 1449 2882 A·

36 2943 157 3017 ξΣινιῖ
189 2942 391 3018 τεθεᾶσθαι
420 2935 546 3043 φύσιν,
575 2935 761 3037 ἀκηκοέναι
788 2971 828 3016 τε
855 2936 1045 3036 λαλούσης
1073 2939 1192 3034 αὐτῆς,
1221 2935 1280 3014 ὅτε

69 3061 149 3146 τοῦς
169 3064 236 3141 ἐπὶ
257 3067 333 3144 τοῖς
352 3059 537 3163 πρακτέοις
555 3062 661 3141 έτίθει
680 3060 819 3158 νόμους·
857 3059 906 3141 σῦ
929 3060 966 3140 δέ
988 3063 1087 3140 οῦπω
1107 3057 1276 3159 διετέθης,

70 3187 121 3266 ότι
149 3183 222 3266 τόν
250 3182 399 3287 Πατέρα
426 3184 595 3264 τεθέασαι
629 3187 671 3266 δι’
699 3187 785 3284 ἐμοῦ
812 3220 851 3265 τε
879 3189 937 3265 καὶ
966 3188 1003 3264 έν
1031 3183 1121 3284 έμοί·
1164 3192 1178 3264 o‘
1207 3180 1279 3285 γὰρ

71 3307 233 3420 ἐαρακῦς
255 3305 315 3414 ἐμὲ
338 3308 461 3416 ἐαίρακι
480 3309 533 3390 τόν
553 3309 706 3417 Πατέρα.
747 3311 806 3389 καὶ
830 3307 884 3388 ὅτι
911 3307 977 3409 μέν
999 3309 1040 3388 οῦ
1068 3304 1279 3419 σωματικήν

71 3469 152 3514 τινα
183 3433 341 3536 θεωρίαν
365 3433 448 3532 ἡμῖν
470 3435 727 3534 κατασημαίνει
750 3427 924 3536 Χριστός,
946 3433 988 3512 οῦ
1013 3439 1161 3536 μακρῶν
1183 3428 1280 3530 οἶμαι

35 3573 60 3630 ²3
73 3561 272 3657 δεδεῆσθαι
300 3555 423 3658 λόγων
450 3555 531 3641 τοῦς
559 3557 816 3660 ἀκροωμένους.
866 3557 908 3636 οῦ
936 3554 1007 3660 γάρ
1036 3558 1081 3637 ἀν
1107 3591 1160 3642 τις
1190 3557 1281 3638 ε’ίποι

72 3690 146 3762 τῶν
168 3689 259 3760 νοῦν
277 3678 442 3785 ἐχόντων,
461 3679 527 3780 τὴν
545 3690 609 3761 τοῦ
629 3687 724 3762 Θεοῦ
752 3679 867 3787 φύσιν
885 3683 1046 3786 θεωρίαις
1071 3683 1281 3764 ὑποκεῖσθαι

74 3810 316 3904 σωματικαῖς,
340 3805 425 3882 ἀλλ’
449 3801 529 3883 ου’δὲ
557 3811 630 3890 τοῖς
658 3809 722 3905 τῆς
750 3802 886 3910 σαρκός
914 3807 1119 3912 ὀφθαλμοῖς
1146 3807 1314 3886 κατίδοιο

74 3964 127 4014 τις
148 3926 195 4008 ἀν
215 3925 260 4006 τὸ
287 3930 335 4012 ὡς
361 3931 419 4007 καὶ
443 3925 550 4028 μόλις
576 3931 613 4008 έν
632 3927 801 4037 ἐσόπτρῳ
820 3930 1065 4030 καταληπτόν·
1095 3927 1281 4026 βλέπομεν
1323 3931 1431 4050 ἑξζζη.

76 4053 151 4156 γὰρ
179 4057 232 4136 ὡς
260 4053 299 4130 έν
324 4051 519 4154 αἰνίγματι·
563 4055 622 4132 καὶ
649 4051 759 4156 μικρά
788 4059 934 4158 φρονεῖν
956 4049 1054 4148 οἶμαι
1081 4054 1162 4154 περὶ
1185 4055 1281 4130 Θεοῦ

40 4197 66 4252 30
78 4181 137 4258 καὶ
154 4175 223 4258 τὸν
241 4175 326 4255 λίαν
343 4173 487 4282 μεγάλη
505 4178 730 4282 έπανχοῦντα
748 4175 894 4279 γνώσει.

114 4363 142 4420 6.
160 4364 316 4433 ε’ξαιτοιῖντα
328 4361 363 4416 Ε.
376 4361 427 4416 Ed.
442 4363 523 4434 κομί
540 4367 668 4418 σιτοῦνται
682 4363 733 4418 Ed.
1005 4361 1031 4414 8.
1049 4359 1236 4430 πορατάσσεσι
1248 4357 1283 4415 Ε.

83 4453 125 4490 ιι.
141 4437 317 4504 προσβάλλοι
330 4433 364 4487 E.
440 4450 479 4487 ιι.
498 4431 724 4506 ε’π]ὑπ’Μίριιο.
785 4448 843 4519 Ι13.
862 4427 1084 4486 διιλαῦνοντοςΕ.
1162 4443 1203 4500 17.
1221 4429 1282 4486 θαν-

79 4509 224 4574 μαίόμυον
237 4505 269 4560 E.
323 4502 537 4630 δημιονρηόνῌ
558 4503 564 4522 ’
587 4506 686 4586 ηωηκὸς
704 4505 742 4560 τίς
759 4525 807 4572 μεν
823 4503 874 4572 ἐγὼ
893 4502 956 4556 κατὰ
974 4501 1058 4572 φῦσιν
1075 4501 1126 4572 εἶμί
1145 4501 1187 4558 καί
1204 4502 1284 4558 πόθεν

83 4582 108 4639 (e
121 4578 216 4648 ιορτι)
228 4576 260 4630 Ε.
373 4589 416 4628 21.
450 4575 553 4632 ιιτεθας
578 4573 627 4644 ιιο)
642 4574 674 4630 E.
