3238 5114
328 317 392 384 732
632 313 672 380 Β.
696 311 907 378 CYRILLI
935 309 1228 376 ALEXANDR·
1318 307 1401 373 xvii.
1418 325 1473 384 20,
1487 324 1536 370 21.

325 477 420 586 χίας
439 485 487 566 είς
505 477 653 580 ἑνότητα
670 476 888 583 συνδρομήν.
929 481 989 558 καὶ
1007 478 1049 557 οῦ
1067 475 1182 577 δήπου
1197 473 1346 558 πάντως
1365 477 1533 580 φιλονει-

297 603 432 705 οκήσει
456 607 520 704 τῆς
545 605 583 684 ε’ν
600 602 684 703 ἡμῖν
702 600 845 706 ἀγάπης
869 601 890 680 ὁ
913 599 1119 700 σύνδεσμος
1142 601 1201 680 καὶ
1226 602 1290 698 τῆς
1316 596 1536 698 ὁμονοίαςὴ

328 727 476 828 δύναμις
507 733 555 813 είς
586 725 629 807 τὸ
662 729 774 812 οὕτως
805 725 898 831 ἔχειν
925 725 1226 827 ἀπαραλλάκτως,
1254 725 1305 807 ὡς
1339 720 1389 801 ἀν
1419 717 1537 800 εἶενὸ

329 852 459 955 Πατήρ
483 886 523 932 τε
548 854 606 932 καὶ
631 852 651 930 ὁ
673 847 770 948 Υἱὸς,
788 853 826 929 έν
851 855 896 952 τῇ
919 853 984 948 τῆς
1007 849 1133 932 οὐσίας
1157 845 1350 948 ταυτότητι
1381 845 1453 926 τὸν
1477 849 1539 944 τῆς

327 973 490 1076 ἑνότητος
509 974 756 1079 ἀποσύζοντες
774 971 922 1076 τρόπον.
961 974 983 1074 ἡ
1001 971 1155 1076 μὲνγὰρ
1174 977 1303 1052 νοεῖται
1326 967 1481 1077 φυσική
1503 998 1565 1056 τες

942 1097 1031 1205 ξεως
1052 1096 1154 1203 λόγῳ
1179 1093 1425 1200 θεωρουμέισγ
1459 1129 1485 1192 η
1505 1093 1540 1171 δὲ

327 1223 370 1305 τὸ
395 1229 458 1324 τῆς
483 1227 639 1322 ἀληθοῦς
664 1219 827 1322 ένότητος
853 1221 1075 1325 ὑποκρίνεται
1098 1223 1238 1326 σχῆμα.
1276 1225 1357 1304 πῶς
1387 1216 1470 1321 γὰρ
1500 1215 1543 1296 ἂν

328 1345 396 1428 εἶεν
414 1351 452 1427 ἐν
469 1347 540 1456 ἰ’σιρ
557 1351 744 1430 παντελῶς
762 1353 836 1430 τοῖς
854 1345 1068 1452 ἀρχετύποις
1085 1342 1131 1425 τά
1149 1343 1351 1440 ἀντίτυπα;
1387 1344 1472 1424 ἐπεὶ
1491 1341 1541 1442 μὴ

326 1469 457 1552 ταύτὸν
488 1477 537 1556 είς
568 1470 695 1569 νόησιν
730 1466 822 1572 πρὸς
852 1466 1025 1568 ἀλήθειαν
1057 1467 1169 1568 αὐτὴν
1199 1466 1263 1568 τὴς
1297 1467 1484 1567 ἀληθείας
1521 1466 1541 1562 ἡ

327 1593 530 1702 μόρφωσις·
561 1595 646 1674 ἀλλ’
667 1595 705 1672 έν
726 1593 819 1677 ἴσοις
844 1591 908 1692 μέν
933 1593 1058 1696 ὁρᾶται
1086 1591 1266 1698 σχήμασι,
1286 1589 1479 1698 διεστήξει
1505 1593 1539 1668 δ’
1555 1625 1582 1665 ιι

294 1720 392 1800 δοῦν
411 1718 507 1820 ὅμως
524 1719 588 1798 οῦκ
606 1717 837 1822 ε’ντυχούσαις
855 1721 1053 1824 διαφοραῖς.

379 1842 501 1924 Ὅταν
519 1843 581 1922 οῦν
598 1839 716 1936 οἴηταί
729 1874 783 1926 τις
801 1847 874 1920 τοῖν
891 1840 1108 1948 ἑτεροδόξων
1126 1836 1333 1942 ἀνατρέπειν
1352 1837 1540 1919 δύνασθαι

329 1967 396 2069 τὴν
425 1965 515 2070 πρὸς
545 1964 641 2046 Θεὸν
673 1967 732 2045 καὶ
763 1963 911 2068 Πατέρα
941 1964 1143 2066 ταυτότητα
1175 1962 1347 2072 φυσικὴν,
1375 1965 1439 2042 καὶ
1470 1962 1539 2061 τὴν

329 2095 488 2174 ἐντεῦθεν
509 2089 658 2191 ἑνότητα
685 2096 749 2169 τοῦ
768 2091 868 2186 Υίοῦ,
888 2085 964 2168 εἶτα
990 2086 1082 2191 πρὸς
1109 2086 1292 2193 ἀπόδειξιν
1316 2089 1376 2166 καὶ
1404 2085 1537 2191 ὀχυρό-

329 2251 420 2314 τητα
455 2221 518 2315 τῆς
552 2217 678 2295 ἑαυτοῦ
714 2212 939 2308 δυσβουλίας
974 2211 1020 2292 τὰ
1056 2213 1140 2306 καθ’
1174 2213 1267 2312 ἡμᾶς
1302 2209 1535 2316 προσκομίζῃ
1550 2241 1578 2299 15

329 2339 447 2442 λέγων
469 2340 618 2440 Ὥσπερ
645 2339 744 2438 ἡμεῖς
769 2338 811 2416 οῦ
839 2342 884 2442 τῇ
912 2342 986 2416 τοῖν
1007 2333 1189 2436 σωμάτων
1216 2341 1264 2420 είς
1291 2332 1330 2416 ἓν
1359 2333 1534 2439 νοουμένῃ

329 2462 526 2561 ταυτότητι,
554 2460 640 2542 ἀλλ’
669 2460 749 2542 οῦδὲ
774 2459 833 2542 διὸ
860 2465 925 2560 τῆς
953 2467 1001 2544 είς
1032 2457 1201 2560 ἀλλήλας
1232 2455 1533 2562 ἀντανακριὶσεως

329 2592 402 2665 τῶν
420 2591 563 2691 ψυχῶν,
583 2585 621 2665 έν
643 2589 755 2682 ε’σμεν
777 2588 811 2664 οί
835 2582 977 2685 πάντες,
999 2581 1100 2666 ἀλλά
1128 2584 1257 2690 σχέσει
1285 2585 1343 2663 καὶ
1372 2583 1532 2664 διαθέσει

330 2717 375 2814 τῇ
407 2709 499 2789 κατὰ
532 2707 689 2810 ἀγάπην,
718 2709 962 2817 ταυτοβουλίᾳ
990 2711 1050 2789 καὶ
1082 2706 1285 2790 συναινέσει
1321 2711 1367 2813 τῇ
1403 2713 1454 2790 είς
1491 2705 1531 2787 τὸ

301 2831 475 2934 οθέλημα
492 2840 556 2913 τοῦ
574 2837 680 2929 Θεοῦ,
699 2833 791 2912 οὕτω
809 2835 870 2914 καὶ
889 2835 909 2913 ὸ
928 2829 1016 2918 Υἱὸς
1035 2833 1072 2912 έν
1089 2835 1170 2912 ε’στι
1185 2831 1277 2936 πρὸς
1294 2829 1359 2912 τὸν
1371 2830 1529 2934 Πατέρα·
1543 2865 1573 2906 ιο

330 2955 577 3062 παρωσόμεθα
595 2955 639 3057 δὴ
658 2952 801 3040 ποίντως
819 2959 941 3057 ἀμαθῆ
959 2990 998 3036 τε
1017 2955 1106 3038 ὅντα
1124 2959 1182 3037 καὶ
1201 2955 1377 3036 ἀσύνετον
1391 2960 1529 3055 κομιδῆ.

330 3084 389 3162 καὶ
411 3080 470 3162 διά
490 3082 598 3164 ποίοιν
616 3081 755 3178 αίτίαν;
786 3081 929 3182 ἐπείπερ
955 3081 997 3159 οῦ
1024 3079 1168 3164 πάντως
1192 3077 1434 3178 ἀκολουθήσει
1458 3087 1531 3164 τοῖς

331 3205 413 3286 καθ’
446 3206 540 3305 ἡμᾶς
572 3203 618 3284 τά
651 3202 738 3308 ὑπέρ
775 3204 878 3304 ἡμᾶς,
910 3203 997 3284 ἀλλ’
1033 3202 1113 3284 οῦδὲ
1145 3203 1212 3303 τὴν
1243 3209 1317 3284 τῶν
1349 3203 1531 3304 σωμιίτων

331 3327 491 3430 ἀνάγκην
510 3330 693 3426 ὑπομείναι
717 3325 760 3408 τὸ
786 3327 993 3427 ἀσώματον,
1012 3330 1094 3409 οὔτε
1112 3327 1183 3428 μὴν
1200 3334 1273 3412 τοῖς
1296 3327 1530 3430 ἀνθρωπίνοις

331 3451 458 3559 ἕψεται
482 3451 530 3532 τά
553 3459 616 3532 τοῦ
635 3457 741 3532 θεοῦ.
781 3457 812 3532 εί
838 3451 903 3550 μὲν
920 3451 993 3555 γάρ
1018 3451 1061 3532 τὸ
1088 3457 1241 3555 διεῖργον
1264 3449 1366 3532 οῦδὲν
1387 3448 1410 3551 ἢ
1435 3453 1525 3532 ἀπο·
1541 3481 1570 3541 ι5

331 3575 471 3678 μερίζον
496 3575 591 3659 ὅλως
619 3580 667 3660 είς
695 3573 874 3683 διαφορὰν
897 3577 990 3676 ἡμᾶς
1017 3611 1056 3656 τε
1085 3579 1143 3656 καὶ
1167 3573 1273 3673 Θεὸν,
1292 3576 1445 3656 νοείσθω
1473 3578 1528 3655 καὶ

332 3697 414 3777 καθ’
434 3700 527 3798 ἡμᾶς
554 3698 600 3778 τά
626 3703 706 3802 περὶ
732 3705 842 3781 Θεοῦ·
879 3706 908 3781 εἰ
937 3699 975 3780 δὲ
1003 3698 1259 3799 ἀκατάληπτόν
1281 3733 1317 3778 τι
1347 3697 1391 3778 τὸ
1417 3732 1524 3797 μεσο-

166 3837 285 3894 om.
303 3829 471 3918 νλαβοῦν
499 3823 709 3927 εὑρίσκεται,
737 3824 775 3904 τί
799 3823 845 3925 τὰ
874 3829 937 3923 τῆς
970 3824 1140 3926 ἡμετέρας
1170 3821 1316 3928 φύσεως
1346 3821 1526 3924 ἡττήματα

332 3945 464 4029 κανόνα
493 3949 552 4028 καὶ
584 3945 751 4047 σταθμὸν
780 3947 936 4049 ὁρίζουσι
965 3953 1016 4053 τῷ
1044 3953 1139 4054 Θεῷ,
1164 3950 1202 4028 ἐκ
1227 3953 1301 4028 τῶν
1328 3944 1411 4026 καθ’
1439 3947 1525 4046 ἡμᾶς

332 4069 515 4152 ἀδυνάτων
533 4069 704 4172 ἀνάγκαις
728 4068 950 4154 ῦπστιθέντες
975 4070 1041 4170 τὴν
1060 4069 1206 4170 ἀπάσης
1228 4071 1389 4173 ἀνάγκης
1414 4070 1520 4176 κρείτ·
1535 4097 1562 4155 3⁰

332 4228 419 4274 τουα
437 4192 562 4301 φύσιν,
581 4195 702 4274 ἀλοῖεν
721 4193 754 4274 δ’
775 4192 819 4274 ἀν
837 4194 889 4272 ε”τι
913 4200 1065 4296 πρᾶγμα
1088 4199 1240 4299 δρῶντες
1262 4192 1400 4276 ἄτοπόν
1417 4229 1455 4276 τε
1471 4197 1522 4275 καὶ

370 4421 411 4460 11.
431 4403 653 4476 ε’ντνχούσαιςδια
692 4407 750 4474 ραῖς
763 4405 794 4460 Ε.
809 4402 967 4477 ἐντυχούσης
979 4403 1107 4476 διαφορᾶς
1119 4405 1172 4463 Ed.
1281 4418 1323 4478 17.
1342 4405 1519 4476 τοντάιητοθπ

332 4475 450 4544 ἀλλήλας
462 4476 495 4530 Ε.
507 4473 638 4544 ἀλλήλους
675 4475 702 4532 d.
892 4487 936 4547 27.
955 4475 986 4530 τά
1001 4493 1056 4534 om.
1069 4475 1103 4534 E.
1297 4492 1342 4548 30.
1359 4475 1482 4534 ἀδύνατον
1492 4477 1518 4532 E.

334 4562 378 4616 31.
396 4544 503 4600 θλλοιεν
515 4545 548 4601 Ε.
