3200 5092
419 349 463 414 26
722 349 763 416 B.
786 349 995 416 CYRILLI
1024 348 1314 415 ALEXANDR.

420 509 479 590 διὰ
503 520 610 593 τοῦτο
638 512 783 598 τάντως
810 517 901 614 ὑμᾶς
932 517 991 595 καὶ
1019 513 1278 618 περιπτόεσθαι
1307 517 1383 592 δεῖν
1411 512 1470 614 ὁρι

419 634 546 716 πολλοὶ
570 644 644 746 περὶ
669 637 758 744 ἀμόν
776 643 899 719 λαλεῖν
919 647 979 718 καὶ
1001 643 1120 746 κρίνειν,
1138 636 1313 732 τουτέστι,
1332 647 1470 717 πλουτε

419 757 531 860 λόγος
558 762 578 840 ὁ
603 769 816 866 κατηγορῶν
834 763 889 869 ἐφ’
912 764 1004 858 ὑμῖν,
1024 764 1091 866 οὐχ
1113 761 1152 842 ἓν
1170 759 1357 864 ε’γκαλέσω
1381 759 1470 859 μόνο

418 882 555 982 πολλὰ,
574 889 634 965 καὶ
651 887 705 966 ἐπ’
724 887 838 966 οὐδενὶ
855 886 1110 989 διαψεόσομαι,
1129 881 1291 986 καθάπερ
1310 886 1421 982 ὑμεῖς.
1457 886 1470 960 ε’

420 1041 491 1088 νειν
514 1012 562 1093 ὡς
590 1012 757 1107 ἀπειθεῖς,
777 1013 826 1094 ὡς
849 1007 1038 1111 ἀλαζόνας,
1056 1012 1104 1093 ὡς
1128 1005 1315 1113 ὑβριστάς,
1333 1011 1383 1090 ὡς
1406 1013 1470 1100 θεο

419 1133 468 1216 ὡς
497 1133 718 1235 ἀγνώμονας,
747 1137 796 1217 ὡς
827 1135 1057 1237 ἀχαρίστους,
1086 1136 1134 1216 ὡς
1165 1128 1352 1234 πονηροὺς,
1382 1133 1433 1214 ὡς
1466 1167 1470 1204 ι

252 1252 368 1382 {JJ'M'
389 1266 567 1343 ονοῦντας
594 1264 740 1357 μᾶλλον
767 1255 790 1358 ἦ
819 1263 1000 1364 φιλοθεεῖν
1027 1257 1256 1354 εἰθισμένους,
1281 1258 1330 1339 ὡς
1357 1265 1380 1302 “
1395 1253 1470 1360 δόξι

418 1393 440 1430 “
458 1381 636 1482 ἀλλήλων
655 1381 921 1481 λαμβάνοντας,
939 1379 1007 1480 τὴν
1025 1379 1062 1461 δὲ
1081 1380 1193 1488 δόξαν
1211 1379 1277 1479 τὴν
1294 1379 1397 1481 παρὰ
1421 1413 1470 1458 τοι

418 1516 440 1554 “
458 1507 501 1586 οὐ
528 1504 755 1612 ζητοῦντας·”
796 1509 844 1589 ὡς
872 1507 1138 1608 ε’μπυρόταντας
1165 1502 1229 1584 τὸν
1242 1502 1385 1603 Ινοητὸν
1413 1506 1470 1602 ἀμτ

418 1633 467 1714 ὡς
495 1627 546 1728 μὴ
576 1629 836 1730 βοσκήσοντας
868 1628 960 1708 κατὰ
989 1626 1104 1730 λόγον
1130 1626 1197 1727 τὴν
1224 1631 1470 1732 ἐγχειρισθεῖσ.

418 1753 557 1857 ἀγέλην
583 1752 683 1856 παρὰ
712 1759 819 1850 Θεοῦ,
848 1756 896 1837 ὡς
931 1751 981 1852 μὴ
1013 1752 1356 1858 χειραγωγήσοντας
1384 1753 1443 1831 ἐπὶ

419 1876 531 1976 νόμου
567 1879 626 1957 καὶ
663 1883 736 1956 τῶν
773 1883 974 1985 προφητῶν
1005 1873 1279 1977 κηρυττόμενον,
1315 1874 1470 1955 τουτέστ

418 2010 565 2081 τοιαῦτα
592 1997 702 2100 μένό
731 1999 860 2103 Σωτὴρ
887 2007 961 2084 τοῖς
981 2001 1164 2083 Ἰουδαίοις
1192 1997 1464 2105 ε’πιφθέγξαιτο·

418 2127 525 2210 τιθεὶς
544 2123 581 2204 δέ
599 2123 641 2204 τό
662 2121 791 2204 Πιλλιῖ
811 2127 880 2222 ἔχω
897 2123 1010 2226 λέγειν
1028 2131 1101 2230 περὶ
1122 2121 1210 2228 όμῶν
1229 2122 1280 2202 ἔτι
1301 2129 1360 2203 καὶ
1383 2125 1470 2226 κρίνει

417 2256 536 2328 πειλεῖ
550 2282 628 2332 πως
649 2250 779 2343 αὐτοῖς,
796 2252 845 2332 ὡς
870 2246 1170 2352 ἀναδειχθήσεταί
1185 2279 1273 2326 ποτε
1294 2243 1444 2349 Κριτὴς,
1466 2283 1470 2320 ι

385 2368 506 2451 ddum
526 2375 640 2452 δοκῶν
658 2373 742 2475 παρ’
763 2371 905 2456 έκείνοις
923 2369 982 2450 διά
999 2368 1066 2470 τὴν
1083 2369 1214 2476 σάρκα

413 2621 500 2688 Ἀλλ’
533 2624 551 2692 ὃ
578 2622 713 2703 πέμψαο
739 2645 780 2700 με
807 2622 935 2689 ἀλιιθιίο
961 2623 1042 2705 ἑστι,
1070 2622 1160 2698 κάτώ
1190 2623 1211 2687 ἃ
1245 2621 1368 2689 ἤκουσα
1400 2619 1469 2710 παρ’

748 2753 848 2816 τοῦτο
875 2750 970 2816 λαλῶ
996 2747 1043 2816 cic
1070 2750 1127 2817 τὸν
1155 2751 1288 2829 κόσμον.

472 2911 682 3018 Ἐῤῥῶσθαι
710 2912 857 3020 φράσας
884 2921 962 3000 ταῖς
979 2915 1161 2995 Ἰουδαίων
1179 2914 1431 3009 ἀπαιδευσίαις,
1452 2948 1468 2993 κ

418 3037 545 3137 ἀνέδην
570 3039 666 3146 αὐτῷ
692 3038 1039 3142 διαλοιδορήσασθαι
1067 3037 1333 3139 τολμήσοντας,
1357 3040 1394 3117 έν
1415 3042 1465 3145 τῷ

418 3161 670 3262 λογισάμενος,
703 3161 885 3242 ἐπάνεισιν
918 3160 1042 3266 ὥσπερ
1079 3165 1136 3243 ἐπὶ
1168 3161 1210 3242 τὸ
1247 3162 1292 3269 ἐξ
1323 3164 1443 3265 ἀρχῆς,

419 3285 547 3386 κρίνειν
566 3285 634 3385 ἤδη
659 3285 705 3364 τὰ
729 3286 805 3366 κατ’
826 3283 963 3383 αὐτοὺς,
983 3289 1041 3366 καὶ
1059 3285 1125 3385 τὴν
1143 3288 1200 3366 ἐπὶ
1218 3285 1332 3394 τούτῳ
1350 3286 1467 3388 παρῤη

418 3413 470 3515 τῷ
487 3407 639 3508 παρόντι
663 3416 818 3506 μᾶλλον,
836 3407 938 3488 ἀλλὰ
965 3416 1016 3516 τῷ
1040 3409 1212 3512 πρέποντι
1236 3407 1395 3512 τηρήσας
1415 3443 1466 3488 και

252 3543 376 3596 Infmii.
390 3537 470 3640 οτῷ
496 3535 560 3630 τῆς
587 3533 772 3631 ἐπιδημίας
800 3531 922 3640 τρόπῳ
950 3530 1013 3612 τάν
1040 3533 1129 3613 ἴδιον
1156 3533 1357 3617 ἀποσῶσας
1383 3567 1466 3612 σκοτ

251 3621 293 3675 47’
418 3653 491 3758 γάρ
509 3651 620 3753 ἦλθεν
637 3655 695 3734 ἵνα
713 3655 814 3761 κρίνῃ
832 3655 897 3736 τὸν
916 3653 1064 3756 κόσμον,
1083 3655 1168 3737 ἀλλ’
1183 3657 1240 3737 ἵνα
1259 3657 1366 3762 σῶση
1384 3655 1443 3736 τὸν
1460 3693 1465 3734 ι

419 3782 467 3862 ὡς
500 3777 606 3864 αιἰτός
637 3813 709 3860 που
741 3779 847 3886 φησί.
900 3778 1014 3860 διάτοι
1046 3789 1152 3861 τοῦτο
1184 3784 1242 3861 καὶ
1273 3780 1386 3886 ἀπρὶξ
1414 3787 1465 3859 τῶ,

417 3901 629 4006 τρεπόντων
647 3901 824 4008 ἐχόμενος,
843 3907 901 3984 καὶ
929 3903 993 3983 τὸν
1016 3909 1065 3988 εἰς
1093 3905 1276 4008 σωτηρίαν
1297 3913 1464 3985 καλοῦντα

418 4025 740 4130 ἀναμηρυσάμενος
766 4027 890 4131 λόγον,
909 4028 1070 4109 ἐπιτείνει
1095 4026 1161 4128 τὴν
1184 4029 1402 4132 παραίνεσιν.
1439 4029 1464 4106 έι

454 4244 481 4299 3.
499 4231 514 4283 ὁ
526 4238 697 4300 assumptum
709 4246 741 4284 ex
755 4228 788 4284 B.
908 4231 934 4286 6.
952 4231 1159 4302 φιληδονοῦντας
1169 4231 1271 4300 μᾶλλον
1282 4227 1297 4298 ἢ
1309 4229 1436 4300 φιλοθεεῖν
1446 4227 1463 4282 εἰ

420 4295 479 4353 Rc.
493 4299 601 4368 CorM
618 4301 753 4372 φιλοθεεῖν
767 4319 821 4354 om.
841 4299 930 4356 Holet.
949 4301 1020 4356 unde
1038 4302 1196 4374 φιληδόνους
1212 4303 1313 4368 μᾶλλον
1330 4300 1344 4369 ἦ
1361 4299 1463 4370 φιλοθέο

421 4367 497 4423 Harl.
511 4369 681 4425 abbreviante
693 4370 844 4425 emendavit
856 4372 929 4426 Aub.
1086 4375 1113 4428 8.
1130 4375 1209 4442 μόνον
1221 4371 1300 4425 habet
1315 4371 1345 4424 B.
1358 4374 1419 4424 θεοῦ
1431 4387 1463 4440 μυ

420 4437 502 4492 cord.
604 4455 630 4508 9.
649 4439 707 4511 τὸν]
720 4443 861 4508 μουτδνο.
876 4441 958 4496 Cord.
1063 4460 1104 4498 12.
1123 4447 1174 4497 τῶν
1188 4441 1245 4514 [τὸν
1258 4440 1339 4566 codd
1352 4449 1463 4566 ausumgt

422 4523 464 4630 1B4.
470 4507 521 4630 ἐηι
533 4507 657 4562 emendat
670 4509 768 4580 Heyue.
782 4510 821 4566 ὅτι
835 4511 867 4566 Β.
882 4511 933 4566 Ed.
1084 4530 1126 4568 ας.
1145 4513 1188 4568 ἐπὶ
1199 4515 1229 4568 τὸ
1241 4529 1319 4567 omen
1336 4513 1386 4568 avit
1397 4514 1436 4566 Au
1455 4551 1461 4566 .
