3082 5112
299 335 365 401 308
602 339 643 404 B.
666 338 879 404 CYRILLI
908 336 1198 404 ALEXANDR.
1312 335 1368 401 xii.
1385 357 1430 423 19,
1441 354 1487 402 ιο.

251 571 288 630 19
303 543 342 613 01
361 543 417 616 οὖν
437 545 611 638 Φαρισαῖοι
631 545 723 618 εἷπον
743 552 825 642 αρὸα
843 551 981 619 ἓαυταὺα
1000 547 1165 642 Θεωρεῖτε
1183 553 1234 621 ὄτι
1254 549 1314 620 οὐκ
1335 543 1489 637 ὠφελεῖτε

453 675 548 742 οὐδέν
559 706 569 760 3
597 671 693 760 ι’δε,ὁ
714 677 835 755 κόσμος
853 678 932 746 ὅλοι
951 673 1059 746 ὀπίσω
1077 677 1177 743 αὐτοῦ
1196 676 1357 742 ἀπῆλθεν.

357 850 478 926 Ταῦτα
509 850 557 932 ὡς
586 848 732 934 ἐαυτοῦς
763 848 1085 957 καταμεμφόμενοί
1113 855 1239 956 φασιν,
1267 847 1410 950 ἐπείπερ
1436 845 1488 926 ἐκ·

300 977 418 1049 παλαι
445 972 510 1051 οῦκ
538 973 683 1054 ἀνεῖλον
710 973 782 1054 σῦν
808 980 861 1082 τῷ
890 973 1044 1082 Λαζάρηι
1072 973 1136 1056 τὸν
1159 973 1316 1074 Ἰησοῦν,
1343 1004 1489 1073 πρατρε·

301 1093 451 1194 πύμενοι
487 1095 633 1180 ἐαυταῦς
668 1103 716 1182 είς
753 1095 795 1179 τά
833 1104 961 1205 φονᾶν·
1002 1100 1285 1200 ἀγανακτοῦντες
1320 1097 1403 1198 περὶ
1435 1101 1519 1173 τοῦ5

302 1226 437 1298 πιστοῦ
473 1216 599 1325 ὄχλου,
632 1222 681 1306 ὡς
717 1222 816 1302 ίδίων
853 1219 1044 1324 κτημάτων
1078 1219 1398 1325 ἀποστερούμενοι,
1428 1223 1494 1298 τῶν

268 1339 417 1421 ἆὸντων
443 1351 508 1423 τοῦ
536 1349 642 1424 Θεοῦ.

253 1561 416 1647 ΒΟῘΗααν
441 1568 476 1634 δὲ
498 1567 661 1638 Ἐλλιινέε
688 1597 773 1638 τινεα
800 1573 837 1640 ἐκ
863 1573 930 1640 τῶν
957 1575 1201 1654 ἀναβαινόντων
1228 1572 1281 1638 ἵνα
1309 1569 1488 1660 προσκυνεί-

716 1723 818 1766 σωοιν
843 1700 879 1766 ἐν
906 1704 946 1792 τῇ
973 1701 1088 1792 ἑορτῇ.

359 1847 577 1954 Ἀπορήσειε
606 1854 640 1932 δ’
667 1853 713 1934 ἀν
740 1889 795 1938 τις
821 1856 860 1935 ἐν
884 1855 1022 1940 τούτοις
1049 1857 1107 1934 καί
1135 1853 1385 1958 διασκέψαιτο,
1411 1849 1522 1930 κατάι

303 1972 383 2054 τίνα
410 1973 525 2076 λόγον
549 1977 786 2071 ἀναβαίνουσι
813 1985 887 2058 τῶν
908 1979 1085 2073 Ἑλλήνων
1109 1977 1190 2062 τινὲς
1215 1978 1500 2079 προσκυνήσασιν

303 2103 352 2184 είς
369 2097 619 2202 Ἱεροσόλυμα,
638 2105 697 2182 καὶ
715 2111 823 2182 τοῦτο
842 2107 906 2203 τῆς
925 2102 1017 2183 κατά
1036 2099 1146 2201 νόμον
1163 2103 1288 2204 ἑορτῆς
1312 2101 1496 2180 ἐπιτελου-

302 2223 420 2338 μένης.
466 2226 508 2302 οῦ
535 2222 607 2328 γάρ
636 2224 752 2324 δήπου
781 2261 834 2311 τις
861 2231 935 2330 ἐρεῖ
959 2225 1049 2331 πρὸς
1080 2225 1146 2327 τὴν
1175 2233 1248 2306 τῶν
1275 2227 1391 2305 ἐκεῖσε
1419 2223 1501 2303 θέαν

304 2348 482 2448 ἀναβῆναι
509 2347 619 2446 μόνον
640 2350 781 2436 αὐτούς·
813 2351 1100 2458 συμμεθέξαντες
1128 2349 1201 2455 γὰρ
1227 2358 1302 2434 τοῖς
1317 2348 1502 2430 Ἰουδαίοις

275 2475 370 2571 στῆς
389 2473 507 2557 αὐτοῖς
527 2477 585 2553 καί
609 2472 731 2573 μόνοις
755 2475 964 2580 πρεπούσης
989 2475 1273 2557 συναναθέαυσιν
1291 2475 1429 2574 ἑορτῆς.
1467 2472 1524 2551 τίι

306 2593 347 2676 τὸ
376 2596 495 2676 κοινὸν
523 2602 572 2680 είς
598 2601 765 2702 λατρείας
794 2598 909 2702 λόγον
931 2598 1104 2700 Ἕλλησί
1132 2633 1170 2678 τε
1202 2600 1261 2678 καί
1289 2596 1497 2692 Ἰουδαίους

306 2720 419 2800 καίτοι
437 2718 535 2801 πολῦ
553 2724 759 2803 διεστῶσαν
777 2723 977 2828 εὑρήσομεν
994 2722 1061 2825 τὴν
1078 2727 1116 2804 ἐν
1133 2727 1270 2830 ἀμφοῖν
1288 2722 1363 2830 ἕξιν
1380 2759 1422 2804 τε
1445 2723 1502 2803 καί

305 2845 527 2948 προαίρεσιν·
572 2850 606 2925 οί
636 2847 703 2946 μέν
736 2847 808 2952 γάρ
841 2848 906 2949 τήν
937 2847 1120 2949 ἀλήθειαν,
1152 2852 1185 2928 οἱ
1217 2845 1256 2926 δέ
1287 2845 1330 2927 τὸ
1365 2851 1502 2954 ψεῦδος

304 2966 528 3070 τετιμήκασι.
570 2970 609 3051 τί
623 2972 696 3051 σῦν
722 2975 869 3074 ἐροῦμεν
893 2976 931 3052 ἐν
955 2973 1094 3057 τούτοις
1106 3005 1117 3070 3
1152 2972 1414 3077 παρακειμένης
1440 2975 1503 3068 τῆς

304 3094 487 3174 Ἰουδαίων
513 3095 634 3200 χώρας
661 3101 706 3202 τῇ
734 3103 807 3177 τῶν
829 3097 1048 3195 Γαλιλαίων,
1075 3097 1199 3180 πόλεις
1226 3131 1264 3176 τε
1292 3101 1350 3175 καί
1379 3095 1525 3194 κεύμαςι

305 3217 487 3317 ἀλλήλαις
506 3218 658 3322 ὁμόρους
676 3221 817 3325 ἔχοντες
828 3221 1012 3322 Ἕλληνές
1034 3256 1073 3302 τε
1098 3223 1260 3317 κάκεῖνοι,
1279 3218 1422 3323 συχνάς
1440 3215 1505 3319 μὲν

305 3342 489 3422 ἐποιοῦντο
506 3341 570 3426 τάς
588 3345 777 3451 ἐπιμιξίας,
796 3347 950 3451 ἐφοίτων
967 3343 1006 3425 δέ
1023 3347 1106 3448 παρ’
1127 3343 1305 3444 ἀλλήλοις
1327 3344 1503 3446 ἑκάτεροι,

304 3465 471 3568 ποικίλης
489 3473 536 3552 είς
555 3475 661 3547 τοῦτο
679 3469 863 3570 καλούσης
888 3471 1067 3576 ἀφορμῆς.
1108 3465 1234 3568 ἐπειδή
1252 3467 1296 3550 δέ
1313 3503 1392 3554 πως
1419 3473 1503 3570 θερ-

137 3607 256 3667 ’10ολΜ
275 3621 293 3662 a
304 3590 438 3694 ματέρα
464 3590 562 3672 πολῦ
589 3591 679 3695 πρὸς
707 3593 934 3691 μετάστασιν
960 3592 1026 3693 τὴν
1054 3596 1111 3674 ἐπὶ
1139 3589 1182 3672 τῦ
1209 3592 1352 3692 ἄμεινον
1380 3592 1404 3692 ἡ
1433 3599 1509 3672 τῶν

305 3716 665 3819 είδωλολατρούντων
690 3720 769 3798 ἐστὶ
803 3718 949 3818 διάνοια,
978 3715 1041 3798 ἅτε
1072 3715 1116 3818 δή
1148 3720 1207 3798 καί
1237 3717 1341 3818 μάλα
1371 3719 1525 3826 ῥαδίως;

304 3935 428 4007 ἐξαίφνης
439 3935 583 4005 μετέθεντο,
595 3937 618 3992 εί
629 3939 664 4008 μὴ
677 3939 835 3996 ἐπίστευσαν
846 3943 882 4012 τῷ
894 3939 992 4014 σημείῳ
1002 3938 1062 3994 Cat.
1073 3939 1150 3996 Harl.
1160 3937 1220 4002 Ed„
1231 3956 1299 4011 quae
1308 3938 1511 4011 Chrysostomo

304 4015 376 4060 recte
387 4007 510 4062 tribuunt
522 4009 576 4064 αλ.
589 4009 661 4079 (vide
676 4009 758 4064 Hom.
771 4011 834 4067 lxvi.
853 4029 880 4081 p.
893 4010 946 4082 396
958 4011 996 4080 α.)
1192 4027 1215 4077 ι,
1229 4026 1254 4064 τ.
1273 4011 1305 4063 οἱ
1317 4007 1512 4066 οδε-ἑαυτούς

304 4086 332 4131 ει
342 4075 532 4166 ίδι-ἀπήλθιν
543 4081 598 4136 mk.
610 4081 650 4136 καί
662 4081 694 4134 τὸ
706 4082 766 4150 ἑξῆς
777 4091 838 4152 post
849 4081 924 4136 οὐδέν
936 4080 988 4137 Εδ.
1222 4093 1249 4148 5.
1267 4078 1364 4152 φονᾶν]
1381 4088 1413 4145 ÷
1430 4083 1475 4164 ufai
1488 4099 1513 4138 ι.

304 4148 331 4204 8.
344 4145 474 4218 Ἕλληνες
485 4170 551 4208 τινες
562 4150 613 4205 hoc
626 4151 719 4206 ordme
730 4153 784 4206 ιιλι.
877 4168 917 4207 ιο.
938 4151 995 4207 Ine.
1008 4149 1321 4224 Ἀπορήσειιίιαῦοτά
1371 4150 1511 4207 Statum&

305 4219 427 4273 οιιι.ι.1ι.
473 4220 566 4275 δύναι’
635 4239 680 4276 ια.
716 4222 837 4277 Verbum
849 4240 904 4278 om.
918 4221 1001 4278 (λοι-ιλ.
1152 4237 1194 4277 12.
1212 4225 1289 4276 ταῦτα
1301 4221 1409 4277 ιιλικλκ.
1425 4221 1512 4276 Οατδ.

304 4290 364 4344 τότε
377 4287 436 4344 Cat.
452 4290 529 4346 Harl.
543 4291 566 4346 E
587 4331 595 4348 .
710 4309 751 4359 14.
770 4294 861 4350 αὐτοὺς
872 4293 995 4362 ἀναβῆναι
1005 4295 1084 4363 μόνον
1094 4293 1200 4348 inverso
1212 4291 1306 4348 ordine
1317 4293 1400 4348 ιι.δ.1ι.
1415 4293 1515 4350 αὐτοὺς

305 4376 359 4414 om.
372 4359 488 4415 c.00rd.
535 4361 752 4450 σημμαθέξαπες]
765 4364 992 4490 οὖμεθιεέονταιο.
1005 4362 1200 4435 συμμετέχονσι
1212 4361 1295 4454 Οοτφ.
1396 4379 1444 4434 15.
1463 4369 1514 4433 μό-

304 4447 383 4496 νηςε.
437 4433 640 4488 συναναθιουσιν
655 4435 745 4504 dome
763 4435 814 4490 hoc
831 4453 849 4490 ο
891 4453 924 4489 ne
942 4433 1432 4505 δ.α.1ι.Οοιδ.συνωαβαινουσινρτο
1447 4457 1514 4490 συν-

304 4499 457 4556 maimo
469 4505 531 4572 (pro
542 4503 720 4573 simplicitate)
733 4522 758 4560 ιι.
875 4521 918 4561 αα.
935 4503 1060 4562 Ἰουδαίας
1072 4505 1100 4562 b.
1220 4519 1264 4561 αν.
1281 4503 1419 4577 ἀλλήλους
1431 4507 1514 4576 (err.)

306 4567 378 4624 Aub.
485 4587 528 4639 αι.
547 4571 791 4642 τὴνοιιι.α.οοτδ.
