3274 5118
299 337 364 401 586
604 337 644 404 Β.
668 337 877 404 CYRILLI
906 335 1198 403 ALEXANDR.
1377 357 1431 398 xv.
1448 333 1498 397 18.

300 500 489 587 λυσιτελὲς
515 510 589 588 τοῖς
617 503 853 607 ἀκροωμένοις
884 506 938 582 ἀεὶ
965 503 1232 608 μηχανώμενος.
1270 505 1303 579 οἱ
1330 497 1397 598 μὲν
1425 495 1502 600 γάρ

300 623 366 723 τὴν
388 627 564 727 ἐσομένην
582 625 665 706 ἐσθ’
690 625 749 706 ότε
774 629 812 706 ἐν
829 634 904 711 τοῖς
925 626 1077 724 στόμασι
1101 632 1175 705 τῶν
1192 629 1319 705 παθῶν
1338 627 1499 723 δυστρα-

299 749 386 828 πίαν
413 749 688 852 ἀνασειράᾇιυσι
712 755 789 835 ταῖς
817 748 890 830 ἀπὸ
917 755 981 848 τῆς
1008 749 1135 854 τέχνης
1157 752 1375 850 ἐπαγωγαῖς·
1415 747 1437 825 ὁ
1462 743 1502 824 δέ

300 869 367 970 τὴν
392 879 442 958 είς
463 871 505 953 τὸ
530 872 660 976 πρόσω
678 872 838 977 πάροδον
857 872 1079 976 ἀποφράττω
1104 881 1179 957 τοῖς
1203 879 1334 969 κακοῖς,
1352 875 1499 976 προφυ-

300 1003 483 1083 λοκτικαῖς
506 996 632 1102 ὥσπερ
650 1001 726 1078 τισὶ
753 997 1053 1103 προανατειχίζων
1075 1000 1236 1081 ἐντολαῖς
1258 994 1324 1096 τὴν
1342 993 1535 1099 ἐκάστου5

300 1120 437 1225 ψυχήν.
475 1121 592 1222 ἐπειδὴ
621 1124 739 1203 τοίνυν
767 1122 922 1220 έμελλον
951 1122 1014 1201 ούκ
1041 1121 1098 1230 ἐφ’
1121 1119 1200 1204 ἑνὸς
1227 1120 1350 1204 ἔθνους
1376 1117 1500 1222 τυχὸν,

301 1246 385 1323 ἀλλ’
416 1246 495 1326 οὐδὲ
524 1249 582 1327 ἐπὶ
610 1245 730 1350 χώρας
758 1252 842 1344 μιᾶς
867 1245 1090 1348 προεδρεύειν
1117 1249 1151 1324 οἱ
1182 1246 1353 1344 μαθηταὶ,
1382 1247 1499 1340 καθη-

302 1368 490 1470 γήσασθαι
518 1370 556 1451 δέ
584 1377 729 1470 μᾶλλον
754 1368 900 1470 ἀπάσης
927 1372 991 1468 τῆς
1021 1370 1081 1476 ὑφ’
1102 1369 1203 1476 ἡλίῳ,
1222 1371 1281 1448 καὶ
1309 1373 1381 1452 τοῖς
1407 1363 1502 1445 κατὰ

273 1499 427 1574 οπάσαν
450 1493 516 1594 τὴν
535 1493 740 1594 οἰκουμένην
756 1490 820 1573 τὸν
838 1490 1071 1595 εύαγγελικὸν
1088 1497 1146 1572 καὶ
1171 1499 1267 1572 θεῖον
1286 1487 1501 1594 διακηρῦξαι

302 1615 428 1718 λόγον,
452 1618 691 1721 παρατρεπειν
718 1649 757 1698 τε
784 1615 867 1701 τούς
895 1615 1140 1719 ἀκροωμένους
1166 1616 1224 1696 ἐπὶ
1251 1613 1293 1695 τὸ
1321 1614 1420 1720 μόνῳ
1446 1615 1501 1718 τῷ
1518 1653 1559 1696 ιο

303 1744 386 1846 Θεῷ
413 1745 550 1838 δοκοῦν,
568 1744 627 1820 καὶ
650 1738 866 1839 μεταθήσειν
884 1739 928 1846 ἐξ
948 1740 1124 1842 ἁμαρτίας
1149 1740 1205 1820 ἐπὶ
1232 1738 1275 1818 τὸ
1296 1736 1503 1834 βούλεσθαι

302 1865 391 1963 δρᾶν
423 1862 468 1942 τά
500 1867 619 1949 αὐτοῖς
650 1864 843 1967 πρέποντα,
874 1865 934 1942 καὶ
969 1861 1104 1942 κανόνα
1139 1866 1202 1958 τῆς
1237 1861 1371 1940 ἑαυτῶν
1408 1859 1502 1963 ζωῆς

301 1992 480 2067 ποιεῖσθαι
507 1986 571 2068 τὸν
596 1985 718 2086 νόμον,
744 1990 838 2092 φημὶ
870 1985 908 2068 δέ
941 1985 1005 2067 τὸν
1033 1983 1276 2090 εύαγγελικόν,
1294 1985 1502 2085 ἀναγκαίως

302 2110 421 2194 αύτοῖς
449 2113 532 2214 παρ’
557 2110 657 2192 ούδέν
686 2117 866 2192 ποιεῖσθαι
895 2110 1030 2190 κελεύει
1059 2108 1102 2190 τό
1133 2107 1234 2212 παρὰ
1266 2116 1330 2188 τοῦ
1358 2105 1501 2204 κόσμου

301 2239 499 2332 μισεῖσθαι,
535 2234 709 2331 τουτέστι,
734 2234 834 2337 παρὰ
860 2240 934 2314 τῶν
961 2233 1192 2339 φρονούντων
1219 2231 1265 2312 τά
1293 2235 1331 2312 ἐν
1359 2229 1499 2338 κόσμῳ,
1517 2267 1552 2328 15

302 2360 359 2436 καὶ
379 2358 583 2463 φιληδόνως
609 2392 649 2439 τε
675 2361 733 2438 καὶ
752 2361 897 2451 ἀσεβῶς
915 2357 983 2460 ζῆν
1001 2355 1191 2456 ἑλομένων.
1227 2359 1285 2436 καὶ
1303 2354 1357 2440 τίς
1383 2352 1428 2434 ἀν
1446 2353 1501 2453 εἴη

300 2477 413 2559 πόλιν
437 2483 457 2560 ό
484 2480 611 2562 τούτου
640 2479 775 2582 λόγος;
818 2477 888 2584 ἀρα
910 2478 993 2582 γὰρ,
1017 2479 1097 2560 εἶπέ
1116 2513 1188 2578 μοι,
1208 2478 1359 2585 φήσειεν
1380 2477 1426 2557 ἄν
1444 2511 1499 2561 τις

300 2601 419 2706 τυχὸν,
437 2603 483 2682 τά
500 2613 647 2684 τοιαῦτα
661 2612 746 2689 -τοῖς
773 2607 899 2685 ἑαυτοῦ
926 2609 1100 2702 μαθηταῖς
1127 2603 1397 2684 διακελεύεσθαι
1424 2605 1497 2680 δεῖν

135 2746 251 2802 895Α.
271 2727 512 2826 οέδοκίμασεν
545 2727 770 2830 ό-Χριστὸς,
799 2726 984 2832 ἐπωφελές
1016 2759 1051 2807 τι
1083 2732 1206 2832 χρῆμα
1238 2725 1281 2807 τὸ
1309 2731 1498 2826 μισεῖσθαι

301 2847 446 2948 δεικνύς,
468 2852 676 2954 ἀδιακρίτως
703 2885 742 2930 τε
770 2854 829 2930 καὶ
856 2852 910 2931 ἐπ’
931 2851 1044 2930 ούδενὶ
1072 2850 1183 2956 τυχὸν
1202 2857 1275 2930 τῶν
1293 2850 1498 2950 ἀναγκαίων
1514 2883 1553 2924 ιο

301 2979 350 3056 εἷς
366 2972 516 3073 όνησιν;
544 2975 663 3077 ἀπαγε
690 2979 754 3074 τῆς
782 2973 948 3073 ἀμαθίαις·
989 2975 1031 3054 ού
1056 2973 1127 3078 γάρ
1144 2973 1189 3054 ἀν
1208 2980 1256 3059 εἱς
1274 2983 1381 3054 τοῦτο
1409 2971 1494 3052 διιό-

300 3103 430 3178 λισθεν
460 3099 480 3178 ὃ
512 3096 624 3199 λόγος
657 3100 764 3206 αὐτῷ*
811 3095 854 3178 τὸ
890 3103 1078 3196 μισεῖσθαι
1115 3096 1166 3178 δέ
1190 3099 1258 3203 οὐχ
1290 3099 1418 3180 ἁπλῶς
1455 3096 1497 3175 ού

300 3222 448 3330 σφόδρα
486 3222 736 3330 φυλάττεσθαι
771 3221 871 3324 παρὰ
908 3220 1043 3306 παντὸς
1080 3221 1334 3321 συμβουλεύει,
1373 3225 1495 3322 διωρι-

301 3345 443 3445 σμένως
473 3349 589 3454 φησὶν
623 3344 757 3449 ἀριστά
792 3379 831 3425 τε
861 3347 919 3424 καὶ
951 3344 1218 3447 διακεκριμένως
1251 3353 1291 3424 Εἰ
1324 3354 1339 3428 ό
1370 3344 1498 3450 κόσμος

301 3473 393 3576 ύμῖις
415 3476 518 3575 μισεῖ,
536 3470 732 3567 τουτέστιν,
750 3474 780 3548 εἶ
799 3472 857 3550 καὶ
880 3469 1052 3567 μέλλοιεν
1071 3471 1162 3567 ύμάς
1180 3467 1239 3548 διά
1257 3469 1387 3566 μίσους
1406 3467 1498 3573 ἔχειν
1514 3495 1552 3557 25

302 3596 336 3670 οἱ
364 3591 410 3671 τά
437 3596 474 3672 ἐν
502 3591 630 3701 κόσμιρ
655 3592 891 3693 τετιμηκότες,
915 3595 973 3671 καὶ
1001 3590 1095 3690 μόνα
1125 3599 1338 3698 φρονοῦντες
1365 3590 1412 3672 τά
1440 3593 1499 3671 ἐπὶ

268 3719 366 3815 ρτῆς
401 3719 478 3816 γῆς,
516 3717 595 3796 ἰ’στε
632 3715 676 3817 δὴ
712 3717 804 3813 τότε,
835 3719 941 3820 φησὶ,
977 3715 1255 3818 προπεπονθότα
1291 3724 1398 3795 τοῦτο
1434 3715 1500 3795 τὸν

302 3839 550 3960 διδάσκαλον.
602 3839 657 3920 ότι
692 3837 730 3918 δέ
762 3846 837 3923 τοῖς
872 3847 945 3920 τῶν
975 3841 1188 3920 καλλίστων
1220 3844 1427 3941 εῖσηγηταῖς
1457 3839 1500 3918 ού

226 4035 238 4066 ,
301 3964 449 4067 μετρίαν
471 3964 561 4043 οἴσει
585 3962 651 4064 τὴν
670 3961 798 4064 ὄνησιν
815 3971 880 4043 τοῦ
900 3967 1069 4066 Σωτῆρος
1088 3965 1110 4063 ἡ
1129 3961 1270 4063 ἐντολὴ,
1287 3965 1423 4044 κατίδοι
1446 3996 1500 4047 τις

301 4086 346 4168 ἀν
370 4088 408 4169 εὖ
434 4087 537 4188 μάλα
564 4089 704 4196 ῥᾳδίως,
733 4091 763 4168 εἰ
787 4092 833 4192 τῇ
860 4093 935 4166 τῶν
962 4085 1188 4190 πραγμάτων
1214 4084 1349 4195 ἐνορῴη
1377 4085 1498 4193 φύσει.
1514 4114 1553 4171 30

302 4210 412 4318 φίλον
439 4211 505 4312 μὲν
533 4211 604 4314 γάρ
631 4245 707 4296 πως
735 4212 798 4308 ἀεὶ,
827 4217 974 4310 μᾶλλον
1003 4209 1042 4290 δὲ
1075 4215 1123 4296 ὡς
1153 4211 1285 4292 ἐπίπαν
1310 4213 1493 4292 ἐσπουδα·
1632 4205 1634 4340 4

341 4487 382 4542 16.
400 4509 429 4542 τε
438 4497 610 4558 assumptum
622 4505 654 4544 ex
668 4487 700 4544 E.
957 4487 1051 4543 18-20.
1071 4488 1096 4542 Α
1108 4489 1188 4562 τυχόν
1199 4485 1234 4544 ιδ
1246 4487 1326 4559 τυχόν
1337 4485 1452 4543 trmilit
1465 4483 1498 4540 Ε.

304 4572 346 4625 24.
364 4579 392 4610 τε
404 4559 488 4627 φησιν
501 4558 533 4612 Ε.
747 4575 790 4629 29.
807 4557 914 4629 μετρίαν
926 4559 959 4614 E.
972 4559 1081 4629 μετρίοις
1093 4559 1145 4615 Ed.
