3238 5114
268 283 332 348 666
564 285 603 352 B.
628 283 838 351 OYRILLI
868 281 1162 348 ALEXANDR.
1350 277 1428 342 xvii.
1445 294 1481 343 α.

267 447 384 544 πάντας
412 450 538 559 ταρκίς
566 451 716 560 ἐξουσίαν
743 456 846 560 αὐτῷ,
868 447 1157 530 σκανδαλιστέον
1183 446 1361 546 ούδαμῶς·
1403 439 1480 548 χρὴ

266 571 339 676 γοίρ
356 576 524 675 ἐννοῆσαι
545 574 611 676 τὴν
629 579 843 674 οἰκονομίαν.
880 579 910 654 εἰ
933 573 976 654 δέ
992 606 1054 653 σοι
1078 573 1256 652 δοκεῖκαὶ
1278 567 1479 672 θεοπρςιτεῖ

267 729 399 800 στερον
415 699 547 780 ἐπαΐειν
565 705 638 781 τῶν
656 698 868 800 λεγομένων,
885 697 993 782 σύνες
1010 695 1055 797 δὴ
1072 695 1185 777 πάλιν
1203 693 1291 797 ὅπερ
1310 693 1383 800 ἔφη
1400 726 1478 772 που

98 817 359 947 ἳῘΡΜῑδπρδς
385 822 575 908 Ἰουδαίους
604 827 624 904 ὁ
648 823 780 928 Κύριος
808 833 830 872 “
846 821 964 922 Ἀμὴν
991 818 1088 921 ἀμὴν
1115 821 1211 924 λέγω
1239 820 1336 918 ύμῖν,-
1359 818 1478 898 οὐδεὶς

268 955 289 992 “
308 942 454 1026 δυ’ναποιι
482 949 599 1028 ἐλθεῖν
626 946 717 1052 πρός
741 983 796 1048 με,
824 945 887 1028 εὀἰν
913 945 964 1048 μὴ
994 947 1014 1025 ὁ
1041 943 1171 1050 Πατὴρ
1198 945 1219 1024 ὁ
1246 943 1400 1048 πέμψας
1425 965 1510 1038 με5

97 1075 138 1127 1b.
147 1091 171 1126 v.
183 1090 221 1127 ²¹·
267 1080 290 1117 “
307 1070 446 1178 ἐλκύσῃ
473 1069 612 1154 αὑτόν.”
658 1071 718 1156 οὓς
745 1069 817 1175 γάρ
849 1069 911 1151 ἐὰν
944 1069 1033 1176 θέλγ
1065 1069 1246 1174 ζωοποιεῖν
1279 1068 1299 1147 ὁ
1330 1063 1475 1168 Πατὴρ,

265 1194 413 1281 τούτους
437 1199 486 1281 ὡς
511 1198 582 1304 ἰδίᾳ
607 1195 752 1296 δυνάμει
772 1201 818 1300 τῇ
841 1193 1001 1303 ζωοποιῷ
1019 1193 1198 1297 προσάγει
1216 1198 1268 1300 τῷ
1286 1193 1364 1300 ἰδίῳ
1382 1225 1469 1293 γεν-

266 1319 405 1418 νήματι,
424 1324 577 1418 δυναμοῖ
600 1319 637 1400 δέ
662 1319 776 1401 πάλιν
795 1322 851 1399 καῖ
871 1325 985 1424 σοφοι
1003 1322 1038 1398 δι
1067 1346 1188 1398 αυτου·
1228 1314 1331 1396 ἀλλὰ
1355 1317 1414 1395 καῖ
1441 1313 1479 1393 εἰ

265 1476 362 1527 τινας
388 1441 458 1524 ὑπὸ
482 1444 634 1549 ζεύγλην
651 1448 715 1544 τ’ἣς
733 1443 822 1528 ἰδίας
842 1447 955 1548 ἀρχῆς
975 1447 1126 1542 ποιῆσαι
1150 1441 1322 1539 βούλεται
1340 1439 1472 1536 πάλιν,

265 1566 392 1650 αὑτούς
414 1569 481 1672 οὐχ
505 1569 632 1671 ἐτέρως
649 1572 698 1651 εἰς
717 1574 823 1647 τοῦτο
843 1573 954 1664 καλεῖ,
975 1569 1022 1649 ὡς
1046 1565 1084 1646 δέ
1109 1565 1168 1646 διὰ
1195 1563 1314 1667 ζώσης
1343 1565 1474 1668 ἰσχύος
1491 1599 1534 1640 ιο

265 1694 323 1771 καῖ
350 1701 588 1796 παντουργοῦ,
620 1693 662 1770 δι’
692 1690 734 1792 ἧς
763 1689 932 1796 κατάρχει
961 1697 1034 1770 τῶν
1063 1689 1171 1788 ὅλων,
1205 1693 1300 1797 φημὶ
1330 1687 1375 1788 δὴ
1406 1697 1475 1768 τοῦ

265 1814 353 1894 ἰδίου
380 1817 608 1918 γεννήματος.
648 1815 829 1919 ἅνθρωποι
856 1812 922 1915 μέν
945 1813 1017 1917 γὰρ
1043 1814 1144 1895 ούδέν
1171 1815 1215 1922 ἐξ
1240 1818 1377 1895 ἑαυτῶν
1397 1820 1472 1894 τῶν

234 1937 352 2044 οὑπέρ
380 1938 524 2026 ἑαυτοὺς
555 1946 753 2042 κατορθοῦν
781 1938 967 2044 ἰσχύοντες
998 1939 1212 2042 δανείζονται
1245 1938 1345 2042 παρὰ
1372 1945 1473 2019 Θεοῦ

94 2031 200 2161 Qvi&
264 2061 306 2141 τὸ
335 2071 407 2144 τιῖιν
437 2064 564 2144 ἄλλων
593 2064 769 2144 δύνασθαι
799 2070 954 2166 κρατεῖν·
995 2064 1037 2143 δι’
1063 2067 1172 2144 αὑτοῦ
1199 2063 1270 2167 γοίρ
1299 2071 1472 2158 βασιλεῖς

97 2161 135 2212 ¹⁶¹
263 2186 513 2284 βασιλεύουσι,
536 2187 627 2268 κατὰ
648 2185 691 2266 τδ
719 2189 982 2288 γεγραμμένον,
1010 2191 1068 2268 καῖ
1096 2187 1262 2290 τύραννοι
1290 2191 1333 2268 δι’
1358 2190 1470 2268 αὑτοῦ
1487 2221 1529 2280 15

262 2319 436 2414 κρατοῦσι
461 2317 541 2413 γῆς·
581 2313 602 2390 ὁ
624 2311 662 2392 δέ
685 2317 758 2392 τῶν
775 2311 873 2392 ὅλων
892 2312 985 2396 θεὸς
1003 2311 1046 2391 τὸ
1067 2315 1345 2413 οἰποσκιρτῆσαυ
1363 2313 1469 2414 γένος

262 2440 325 2536 τῆς
344 2443 392 2520 εἰς
411 2435 519 2516 αὑτὸν
537 2437 691 2539 ἀγάπης,
710 2439 767 2515 καὶ
786 2440 850 2535 τῆς
869 2437 927 2516 ὑπ’
947 2437 1044 2543 αὐτῷ
1062 2438 1254 2533 βασιλείας
1272 2435 1336 2518 τὸν
1357 2435 1468 2540 ζυγὸν

261 2559 492 2667 ἁποτινιὶξαν,
511 2563 552 2639 ού
575 2558 659 2662 παρ’
677 2561 796 2660 ἐτέρου
820 2559 862 2639 τὸ
888 2558 1067 2640 δύνασθαι
1090 2560 1230 2659 λαβὼν,
1250 2563 1468 2658 ὑποτίθησιν

261 2686 375 2792 ἐαυτῷ
403 2682 449 2764 τὰ
469 2681 597 2780 πάντα,
616 2691 661 2788 τῇ
690 2685 761 2790 ἰδίᾳ
789 2682 944 2782 δυνάμει
962 2683 1028 2784 τὴν
1056 2687 1131 2764 κατ’
1153 2687 1270 2765 αὑτῶν
1294 2686 1467 2792 ἐξουσίαν

261 2811 365 2888 οῖονεί
383 2806 683 2912 δωρούμενος,καί
702 2809 743 2886 δι’
764 2809 872 2906 αὐτῆς
890 2809 1124 2913 χειρούμενος,
1140 2808 1227 2910 ὅπερ
1247 2805 1291 2888 ἂν
1304 2810 1465 2917 ἐθελήσῃ
1484 2852 1525 2891 οο

227 2934 398 3026 ἅλαβεῖν.
440 2930 567 3035 ὑπάγει
595 2931 667 3034 γὰρ
686 2933 706 3010 ὁ
725 2930 818 3015 Θεὸς
843 2934 901 3010 καί
921 2931 1050 3034 Πατὴρ
1073 2937 1121 3018 ὡς
1149 2933 1220 3040 ἰδίᾳ
1245 2933 1391 3032 δυνάμει
1412 2949 1467 3042 τῷ

260 3059 349 3164 Υῖῷ·
382 3057 425 3136 δι’
445 3058 553 3136 αὑτοῦ
581 3054 619 3137 δέ
646 3054 790 3140 πάντως
815 3057 873 3135 καί
901 3057 967 3161 οὐχ
993 3057 1118 3159 ἑτέρως
1145 3063 1220 3138 ποῖυ
1248 3057 1338 3163 ὅπερ
1364 3061 1468 3140 ἐστὶν

260 3181 471 3260 ὑποπίπτειν
498 3177 623 3259 ἐθέλον
642 3180 738 3286 αὐτῷ
765 3176 823 3258 διὰ
851 3181 915 3278 τῆς
943 3181 1137 3283 ὑποταγῆς.
1173 3179 1299 3285 ὥσπερ
1322 3181 1395 3285 γὰρ
1419 3183 1468 3264 τὰ

259 3303 379 3384 πάντα
405 3309 523 3410 σοφοῖ
548 3305 606 3382 καὶ
636 3302 800 3406 ζωοποιεῖ
825 3303 868 3382 δι’
900 3304 1019 3401 αὑτοῦ,
1049 3307 1142 3386 οὕτω
1172 3307 1232 3386 καί
1264 3313 1338 3386 τῶν
1366 3305 1468 3388 ὅλων

260 3427 428 3532 κατάρχει
446 3427 489 3507 δι’
510 3427 632 3508 αὑτοῦ.
1482 3469 1523 3530 ²5

317 3551 535 3650 Σημειωτέον
553 3549 674 3653 γεμὴν,
693 3554 740 3635 ὡς
759 3541 828 3630 οὑκ
841 3555 889 3635 εἰς
905 3550 1016 3650 μόνον
1034 3552 1085 3632 ἐτι
1103 3551 1168 3632 τὸν
1187 3553 1341 3658 Ἰσραὴλ
1359 3555 1382 3656 ἡ
1400 3559 1467 3657 τῆς

259 3673 393 3754 ἄνωθεν
422 3676 693 3780 φιλανθροπτίας
720 3671 988 3756 συνεστέλλετο
1015 3674 1127 3781 χάρις,
1146 3677 1233 3757 ἀλλ’
1254 3681 1312 3760 ἐπὶ
1338 3682 1467 3761 πῖισαν

258 3799 447 3906 ἐξετείνετο
467 3795 594 3905 σάρκα.
630 3797 671 3878 τὸ
694 3798 766 3901 γὰρ
784 3798 879 3884 ὅλως
904 3800 1102 3906 ὑποτρέχον
1120 3809 1185 3881 τοῦ
1205 3807 1372 3905 Σωτῆρος
1398 3803 1467 3905 τὴν

258 3922 442 4030 ἐξουσίαν,
462 3921 602 4031 μεθέξει
621 3921 665 4023 δὴ
683 3920 826 4008 πάντως
845 3926 903 4004 καί
921 3927 985 4024 τῆς
1003 3927 1087 4028 παρ’
1108 3927 1219 4006 αὑτοῦ
1238 3924 1327 4029 ζωῆς
1345 3961 1385 4008 τε
1405 3934 1466 4010 καὶ

260 4045 417 4154 χάριτος.
1483 4097 1523 4154 30

231 4171 248 4214 ο

234 4354 239 4368 ·
263 4255 387 4402 217·ἶᾶρὲ
395 4261 436 4385 ἐξ)
450 4258 482 4313 Ε·
724 4273 764 4313 10.
779 4259 874 4330 ἐτίμας
888 4259 920 4314 E·
1161 4261 1202 4316 18.
1221 4261 1419 4342 ἀποτινύξαντες
1432 4262 1468 4320 Ε.
