3248 5112
302 339 368 407 492
606 341 646 408 Β.
668 341 878 408 CYRILLI
907 341 1198 410 ALEXANDR.
1237 387 1241 392 -
1372 333 1504 399 ximl.

303 506 371 610 οῦχ
397 504 527 608 ἐτέροις
555 505 650 587 ἑλεΐν
677 507 744 607 τὴν
770 509 883 592 οὕτως
910 507 1131 612 ἀσύγκριτον
1154 505 1300 613 ἐξέσται
1327 498 1443 606 χάριν,
1472 501 1506 576 εἶ

303 628 354 728 μὴ
391 635 466 714 τοῖς
503 629 638 732 ἀριστα
670 631 796 734 διαξγν
827 630 1019 732 ἑλομένοις·
1059 631 1157 712 οῦτοι
1188 625 1260 734 γάρ
1291 623 1337 706 ἀν
1369 619 1437 703 εἶεν
1469 623 1506 700 οἳ

304 757 513 855 ἀγαπῶντες
541 752 660 834 αὐτόν.
710 761 740 834 εἰ
771 753 843 857 γὰρ
859 758 932 838 Ικαὶ
964 755 1011 836 τὰ
1039 753 1186 836 πάντων
1213 749 1323 856 τυχὸν
1351 746 1505 849 διεγείρῃ

140 899 254 957 om.
275 877 460 975 ισῶματα
489 876 664 982 Χριστὸς,
692 879 963 979 ἀναστήσονται
991 877 1064 984 γάρ
1092 879 1240 984 πονηροὶ
1270 877 1328 956 καὶ
1358 875 1503 974 ἀγαθοὶ,

306 1003 390 1080 ἀλλ’
422 1003 489 1106 ούχ
527 999 666 1082 ἅπασιν
702 1001 913 1107 ἀδιακρίτως
948 1001 1039 1108 πρὸς
1075 1000 1187 1110 δόξαν
1224 999 1247 1102 ἢ
1284 994 1426 1104 τρυφὴν
1459 991 1543 1074 τδ5

306 1125 502 1218 ἀναβιῶναι
533 1123 738 1225 δοθήσεται.
787 1124 975 1230 πρόδηλον
1003 1124 1076 1231 γάρ
1111 1125 1166 1206 ότι
1203 1129 1236 1206 σί
1266 1120 1332 1223 μὲν
1363 1121 1421 1201 ἐπὶ
1451 1122 1507 1225 τῷ

305 1245 522 1351 κολάζεσθαι
544 1245 655 1346 μόνον
674 1248 850 1346 λαβόντες
874 1247 942 1350 τήν
959 1249 1174 1348 ἀνάστασιν,
1192 1243 1347 1329 θανάτου
1370 1237 1507 1324 παντὸς

306 1372 554 1474 ἀπηνεστέραν
572 1371 697 1480 ἕξουσι
715 1370 782 1472 τὴν
801 1372 905 1478 ζωὴν,
923 1377 957 1454 οἱ
979 1373 1017 1454 δέ
1040 1371 1198 1478 μακρούς
1215 1373 1253 1450 ἐν
1271 1362 1508 1470 μακαριότητι

305 1496 489 1600 τρίβοντες
519 1493 681 1601 χρόνους,
707 1494 882 1598 ζήσουσιν
909 1495 1021 1582 ὄντως
1049 1495 1116 1598 τὴν
1142 1499 1180 1576 ἐν
1201 1497 1355 1600 Χριστῷ
1384 1488 1504 1572 πολύ-

307 1617 431 1700 ευκτύν
455 1653 495 1698 τε
524 1622 583 1700 καὶ
611 1618 718 1720 ἁγίαν
745 1617 850 1721 ζωήν.
894 1619 950 1701 ὅτι
977 1618 1048 1725 γάρ
1075 1625 1109 1701 οἱ
1135 1617 1202 1720 τὴν
1226 1617 1284 1698 ἐπὶ
1311 1620 1363 1722 τῷ
1390 1609 1504 1692 κολά-
1527 1647 1571 1688 ιο

308 1739 434 1843 ζεσθαι
474 1746 605 1849 ήῶγφον
642 1744 920 1848 ἀποκομίζεσθαι
961 1743 1160 1843 μέλλοντες
1199 1739 1300 1846 παρά
1339 1743 1508 1842 Χριστοῦ

309 1863 402 1946 κατὰ
428 1862 492 1946 τόν
515 1865 640 1970 καιρὸν
661 1869 726 1968 τῆς
753 1869 916 1971 κρίσεως,
935 1869 1104 1970 ἄγευστοι
1128 1874 1276 1968 μενοῦσι
1300 1867 1364 1964 τῆς
1387 1895 1506 1960 μακα-

274 1989 388 2092 ῦρίας
406 1989 507 2093 ζωῆς,
526 1991 641 2070 καίτοι
663 1991 782 2071 κοινὸν
799 1999 874 2076 τοῖς
901 1992 1016 2094 ἁγίοις
1042 1988 1083 2072 τὸ
1102 1994 1298 2086 ἀναβιῶναι
1316 1983 1507 2090 λαχόντες,

140 2095 229 2226 ἓξ,
309 2117 518 2216 παραδηλοῖ
546 2115 666 2216 λε’γων
696 2124 718 2162 “
736 2115 785 2196 ‘O
813 2115 995 2196 πιστεύων
1023 2121 1072 2200 είς
1102 2112 1167 2196 τὸν
1193 2112 1284 2194 Υίδν
1314 2110 1386 2215 ἐχει
1416 2105 1511 2212 ζωὴν

309 2245 331 2284 “
350 2236 504 2318 αίιόνιον·
536 2240 556 2318 ό
575 2238 613 2318 δέ
632 2241 789 2319 ἀπειθῶν
806 2244 857 2347 τῷ
874 2245 952 2348 Υἱῷ
975 2241 1038 2320 οῦκ
1062 2238 1193 2347 ὄψεται
1217 2235 1284 2338 τήν
1302 2231 1403 2338 ζωὴν,
1422 2234 1508 2311 ἀλλ’
1529 2260 1570 2324 15

310 2369 332 2408 “
350 2360 372 2459 ή
391 2359 482 2462 ἀργή
501 2371 565 2440 τοῦ
585 2367 681 2442 Θεοῦ
698 2369 798 2460 μενεῖ
813 2361 867 2443 ἐπ’
887 2361 1030 2444 αύτόν.”
1056 2363 1163 2448 σύνες
1180 2360 1252 2466 γάρ
1272 2359 1378 2456 ῦπως,
1396 2358 1511 2436 καίτοι

307 2483 455 2566 πάντων
477 2491 645 2588 πονηρῶν
667 2520 706 2566 τε
734 2489 793 2566 καὶ
821 2488 969 2588 ἀγαθῶν
993 2485 1269 2588 ἀναστήσεσθαι
1291 2485 1510 2588 προσδοκω-

307 2607 434 2708 μὲνων,
463 2607 545 2691 τοῦς
576 2607 719 2713 ἐνόχους
751 2617 825 2694 τοῖς
858 2615 922 2711 τῆς
959 2612 1138 2697 ἀπειθείας
1173 2609 1401 2712 ἐγκλήμασιν
1430 2602 1513 2686 ούδέ

310 2731 401 2812 ὅσον
430 2731 640 2834 ἀπαθρῆσαι
667 2731 779 2831 μόνον
807 2739 901 2842 φησὶ
931 2734 997 2836 τήν
1024 2735 1126 2840 ζωὴν,
1154 2733 1247 2838 ζωήν
1275 2729 1363 2814 εἶναι
1392 2729 1515 2832 λε’γων

310 2855 390 2959 οὐχὶ
421 2854 564 2939 πάντως
595 2855 637 2935 τὸ
670 2859 869 2958 ἀναστῆναι
895 2858 1016 2958 μόνον,
1045 2861 1131 2940 ἀλλ’
1160 2858 1294 2958 ἐκείνην
1322 2853 1420 2956 οἶμαι
1452 2853 1514 2934 καὶ
1530 2889 1571 2930 20

310 2979 413 3078 μάλα
449 2978 591 3064 είκότως
627 2978 695 3080 τὴν
726 2985 765 3062 ἐν
795 2983 998 3063 ἀναπαύσει
1035 2987 1095 3064 καὶ
1127 2983 1217 3090 δόξῃ
1249 2984 1308 3064 καὶ
1341 2984 1510 3082 τρυφαῖς,

282 3111 563 3202 οπνευματικαΐς
606 3103 644 3186 δέ
684 3106 853 3206 δηλονότι
892 3111 951 3188 καὶ
968 3110 1055 3214 ισύχ
1092 3106 1238 3212 ἑτέραις.
1294 3109 1435 3213 τρυφῆς
1473 3103 1515 3184 δέ

310 3226 444 3328 τρόπος
473 3227 720 3328 πνευματικὸς,
748 3230 771 3330 ἡ
800 3233 920 3312 τελεία
947 3238 1028 3335 περὶ
1057 3237 1153 3312 θεοῦ
1182 3237 1319 3336 γνῶσις
1351 3233 1410 3310 καὶ
1440 3234 1515 3308 τῶν

231 3379 234 3384 ·
311 3353 369 3430 ἐπὶ
406 3355 559 3458 Χριστῷ
594 3354 804 3508 μυστηρίων
840 3355 863 3455 ἦ
901 3355 1051 3460 ἀκριβὴς
1091 3355 1335 3510 ἀποκάλυψις,
1373 3355 1438 3434 οῦκ
1475 3355 1515 3432 ἐν

311 3471 480 3622 ἐσόπτριρ
497 3475 611 3556 πάλιν
629 3480 688 3558 καὶ
705 3480 744 3559 ἐν
762 3479 962 3628 αἰνίγμασι,
981 3480 1143 3583 καθάπερ
1169 3486 1228 3562 καὶ
1253 3487 1317 3560 νῦν
1335 3474 1514 3579 ἀμυδροὺς
1529 3502 1571 3562 ²5

312 3597 397 3696 ἡμῖν
429 3605 503 3678 τῶν
533 3597 754 3700 ζητουμένων
782 3601 865 3686 τοῦς
896 3609 1126 3709 χαρακτῆρας
1161 3603 1399 3760 ἐμφαίνουσα,
1426 3598 1512 3681 ἀλλ’

314 3720 385 3821 ὅλη
413 3727 623 3826 καθαρῶς’
605 3759 643 3804 εν
670 3725 754 3824 ἡμῖν
781 3727 1037 3832 διαφαινομὲνη
1064 3763 1103 3810 τε
1131 3732 1190 3808 καὶ
1218 3725 1427 3826 λάμπουσα,
1455 3725 1516 3806 καὶ

175 3905 189 3918 ·.
221 3876 247 3954 ’1
314 3845 542 3948 τελειοτάτην
575 3851 775 3946 ἐμποιοῦσα
810 3848 877 3948 τήν
910 3851 1058 3944 εἴδησιν·
1092 3863 1114 3901 “
1128 3851 1171 3933 τὸ
1208 3849 1282 3954 γὰρ
1313 3852 1352 3930 ἐκ
1385 3847 1516 3952 μέρους

316 3977 337 4016 “
355 3969 698 4072 καταργηθήσεται,”
710 3971 802 4052 κατά
820 3972 886 4073 τὴν
903 3985 967 4056 τοῦ
988 3975 1140 4057 Παύλου
1159 3973 1295 4080 φωνήν.

281 4105 302 4172 d
354 4091 549 4174 Διδάσκων
560 4105 750 4199 τοιγαροῦν
761 4097 854 4196 ἡμᾶς
868 4100 888 4177 ὁ
902 4101 1035 4202 Κύριος
1046 4098 1295 4200 ἡμῶνἹησοῦς
1309 4091 1515 4201 όΧριστδς,
1531 4129 1574 4187 30

314 4215 370 4298 ὅτι
394 4223 468 4302 τοῖς
493 4220 638 4320 ἀγαπᾶν
662 4220 842 4318 ἑλομένοις
871 4221 980 4304 αύτὸν
998 4226 1057 4304 καὶ
1084 4231 1159 4309 τοῖς
1185 4229 1259 4304 τῶν
1278 4223 1382 4304 θείων
1406 4221 1517 4300 αὐτοῦ

314 4340 554 4442 κηρυγμάτων
570 4341 736 4446 ἐργάταις
763 4345 785 4445 ἡ
809 4350 874 4444 τῆς
900 4348 1166 4456 ἀποκαλύψεως
1192 4346 1404 4452 ὑπόσχεσις,
1423 4377 1514 4446 πρε·

350 4509 376 4563 3
396 4493 421 4546 δι
422 4495 560 4566 εγε.ίριιΕ
808 4496 1042 4570 ῦ.τῷΕ.τδΕᾶ.
1297 4495 1520 4569 ι4.δλὲγωνΕ.

316 4575 359 4632 25.
378 4515 560 4636 σίνίγμασιΕ.
573 4565 702 4639 αίνίγματι
716 4566 768 4624 Ed.
876 4585 920 4640 30.
939 4569 1100 4626 διδόσκωΕ.
