3248 5112
108 345 228 436 xiv.15.
286 352 343 418 IN
374 353 693 421 S.JOANNEM.
739 353 837 420 LIB.
861 353 923 420 IX.
968 355 1121 422 0AP.1.
1238 353 1303 418 463

107 519 231 620 ψογεῖν
253 519 477 604 καταλαλιάς
501 521 679 606 ἀνοσίους.
722 520 802 600 ἐστι
829 518 902 623 γάρ
927 523 1013 600 ἰδεῖν
1035 522 1094 600 καί
1120 518 1164 626 ἐξ
1186 519 1304 598 αὐτῶν

106 637 264 736 μάλιστα
292 649 365 722 τῶν
387 647 488 746 ἱερῶν
509 642 741 746 γραμμάτων,
761 647 810 729 ῶς
834 644 1012 748 προσίασι
1037 642 1103 743 μέν
1120 645 1179 723 καί
1204 641 1301 749 ἐξαι-

106 764 247 844 τοῦνταί
260 799 351 850 τινες
368 767 424 848 ἐπὶ
442 774 494 876 τῷ
511 765 658 866 ὀνόματι
677 769 798 867 αὐτοῦ,
817 768 980 872 δέχονται
997 766 1111 871 γεμὴν
1128 768 1302 865 οὐδαμῶς,

106 885 144 965 τό
170 887 312 998 ἑκάστῳ
339 889 478 993 πρέπον
503 895 560 971 καί
588 898 662 976 τοῖς
686 897 828 972 αἰτοῦσι
855 891 1044 975 λυσιτελές
1073 893 1137 971 οὐκ
1163 892 1298 992 ι’γγυοη·

82 1008 205 1096 5κότος
238 1019 347 1094 Θεοῦ.
398 1015 457 1094 ἵνα
485 1015 605 1096 τοίνυν
634 1014 790 1122 ἐπιδείξῃ
821 1021 954 1122 σαφῶς
986 1016 1006 1094 ὁ
1037 1014 1170 1118 Κύριος
1201 1014 1303 1114 ἡμῶν

106 1123 243 1234 Ἰησοῦς
267 1139 287 1217 ὁ
310 1135 483 1238 Χριστός,
507 1137 600 1242 πρός
624 1139 722 1224 τίνας
746 1141 842 1247 αὐτῷ
867 1137 997 1242 γέγονέ
1015 1173 1054 1218 τε
1077 1139 1135 1218 καί
1156 1137 1258 1218 ἐστιν
1281 1140 1338 1218 bd

106 1258 225 1361 λόγος,
250 1263 307 1341 καί
331 1262 428 1343 τίσιν
448 1262 471 1362 ἡ
497 1267 561 1362 τῆς
585 1264 819 1368 ὑποσχέσεως
846 1262 1030 1368 ὀφείλεται
1056 1261 1170 1367 χάρις,
1196 1263 1252 1367 ἐφ’
1273 1257 1303 1370 ᾧ

106 1382 203 1464 ἐσται
236 1387 295 1464 καί
325 1387 480 1485 ἀληθῶς,
507 1385 750 1489 παρεκόμισεν
778 1381 882 1470 εὐθῦς
911 1393 984 1466 τῶν
1012 1384 1236 1488 ἀγαπώντων
1259 1383 1302 1466 τό

106 1507 310 1608 πρόσωπον,
340 1513 399 1588 καί
428 1507 493 1591 τόν
521 1513 652 1612 ἀκριβῆ
687 1510 926 1616 νομοφύλακα
956 1507 1222 1614 παραζειίγνυσι
1250 1512 1303 1616 τῷ

72 1661 98 1702 10
108 1629 215 1740 λόγῳ,
236 1634 370 1718 δεικνῦς
395 1633 449 1714 ὅτι
473 1632 564 1738 πρῦς
590 1632 716 1720 αὐτοῦς
739 1637 798 1715 καί
820 1635 888 1740 οῦχ
911 1634 1049 1738 ἐτέρους
1074 1633 1097 1733 ἡ
1123 1637 1187 1732 τῆς
1213 1633 1299 1732 ἡμε-

106 1754 250 1856 ρότητος
272 1759 472 1861 ἐπαγγελία
495 1760 553 1838 καί
578 1758 601 1857 ἡ
625 1765 697 1838 τῶν
714 1764 961 1858 πνευματικῶν
978 1759 1126 1860 ἀγαθῶν
1144 1757 1303 1840 ἐπίδοσις

107 1876 144 1955 δι’
162 1881 273 1961 αἰποῦ
292 1881 463 1984 κρατήσει
486 1885 545 1962 καί
566 1879 767 1984 γενήσεται.
807 1881 862 1961 ὅτι
880 1879 951 1984 γάρ
970 1879 1062 1988 ὅκνιρ
1080 1877 1261 1965 πολλάκις
1279 1881 1302 1980 ἡ

105 2004 259 2107 χορηγός
285 2005 531 2087 συστέλλεται
557 2009 634 2112 χείρ
661 2013 726 2085 τοῦ
755 2010 864 2098 Θεοῦ,
891 2013 965 2090 τοῖς
993 2006 1057 2086 οῦκ
1085 2007 1200 2107 ὀρθῶς
1226 2004 1332 2086 ἐθόα

106 2140 232 2210 λουσιν
272 2136 381 2210 αἰτεῖν
417 2129 460 2211 τῦ
500 2137 573 2210 τῶν
608 2129 856 2209 ἐλπισθέντων
890 2128 1135 2209 ἀποκλείουσα
1174 2126 1299 2232 πέρας,

70 2253 274 2355 Ι5συνήσεις
307 2252 463 2340 εὐκόλως
494 2255 538 2362 ἐξ
564 2250 615 2334 ῶν
642 2255 662 2333 ό
690 2259 856 2356 Χριστοῦ
888 2251 1049 2354 μαθητὴς
1081 2253 1334 2333 ἀποτείνεται·

104 2377 258 2548 γράψων
276 2379 343 2458 ὡδί
358 2389 380 2426 “
393 2384 530 2459 Αἰτεῖτε
548 2380 607 2458 καί
626 2378 669 2458 οῦ
686 2376 903 2476 λαμβάνετε,
921 2375 1011 2457 διότι
1029 2383 1146 2461 κακῶς
1164 2381 1302 2476 αἰτεῖτε,
1346 2363 1437 2493 {³3⁸³

105 2503 202 2582 “ἰνα
220 2504 259 2582 ἐν
275 2508 353 2586 ταῖς
371 2502 550 2602 ἡδοναῖς
532 2507 631 2602 υμῶν
649 2499 904 2602 δαπανήσετεῗ
934 2498 989 2580 διὸ
1012 2501 1071 2580 καί
1092 2499 1204 2581 πάλιν
1221 2503 1302 2605 περί

104 2631 173 2706 τῶν
193 2630 360 2733 διψυχεῖν
378 2625 553 2707 εἰωθότων
574 2627 672 2734 ψησί
687 2636 709 2674 “
725 2624 791 2726 Μὴ
814 2622 886 2728 γάρ
911 2623 1083 2705 οἰέσθω
1067 2658 1088 2704 ο
1113 2625 1372 2737 ἀύθριοττος,Ι
1347 2619 1407 2672 ¹¹³·
1399 2631 1453 2684 ‘⁷’

104 2753 284 2849 “ε’κεῖνος,
319 2749 373 2830 ὅτι
411 2748 574 2858 λήψεταί
607 2786 642 2832 τι
678 2748 779 2853 παρὰ
815 2757 879 2830 τοῦ
911 2747 1059 2852 Κυρίου·
1106 2747 1197 2852 ἀνὴρ
1231 2747 1348 2853 γάρ

66 2884 123 2936 ¹0“
140 2875 308 2982 δίψυχος,
329 2871 578 2959 ἀκατάστατος
604 2877 643 2955 ἐν
668 2874 805 2958 πάσαις
832 2880 910 2958 ταῖς
937 2875 1033 2957 ὁδοῖς
1057 2875 1199 2954 αι’ντοῦ.”
1228 2881 1302 2958 τοῖς

101 2999 165 3094 μέν
190 2997 264 3102 γὰρ
291 3001 473 3102 ἐρωτῶσιν
502 3001 566 3079 οὐκ
593 3004 642 3083 εἰς
672 2999 898 3102 κατόρθωσιν
920 2998 1047 3100 ἀρετῆς
1073 2994 1140 3096 τὴν
1166 2998 1333 3078 ἀνωθενο
1352 3015 1470 3076 eon.

101 3121 219 3226 χάριν,
246 3121 331 3203 ἀλλ’
360 3129 409 3208 εἰς
435 3121 641 3204 ἀπόλαυσιν
667 3124 841 3225 σαρκικῆς
871 3120 999 3220 ἡδονῆς
1029 3121 1088 3198 καί
1118 3125 1303 3218 κοσμικῶν

101 3249 308 3346 ἐπιθυμιῶν,
325 3251 515 3352 μονονουχὶ
533 3249 593 3327 καί
610 3243 834 3352 ἀποφράττει
851 3242 894 3324 τὸ
912 3244 973 3328 οὖς
991 3244 1012 3323 ό
1031 3241 1135 3340 Θεὸς,
1155 3250 1307 3348 χορηγεῖ

102 3374 135 3454 δέ
174 3377 365 3456 παντελῶς
383 3371 496 3451 οὐδέν·
540 3368 565 3450 ἀ
596 3369 669 3474 γὰρ
700 3367 746 3449 ἀν
778 3365 979 3476 ἀποφάσκῃ
1011 3370 1070 3447 καί
1108 3365 1303 3468 ἀπόβλητα

70 3511 92 3568 ²5
101 3499 247 3596 ποιῆται
275 3493 333 3576 διὰ
361 3492 427 3594 τὴν
454 3496 609 3574 ἐνοῦσαν
637 3494 756 3576 αῦιοῖς
784 3492 989 3594 βδελυρίαν,
1016 3497 1093 3576 πῶς
1121 3487 1166 3570 ἀν
1193 3525 1302 3597 χορη-

101 3622 217 3722 γήσαι
239 3619 359 3716 τισίν,
390 3620 413 3720 ἡ
439 3615 477 3698 δέ
504 3617 651 3718 ἀπάσης
674 3615 897 3720 γλυκύτητος
919 3613 1020 3716 πηγὴ
1049 3621 1126 3700 πῶς
1149 3613 1195 3696 ἀν
1214 3615 1302 3718 αὑτὴ

100 3743 231 3848 πικρὸν
268 3743 476 3838 ἀναβλύσαι
512 3748 632 3842 νῶμα;
676 3740 731 3823 ότι
768 3741 807 3821 δέ
842 3747 916 3825 τοῖς
952 3747 1025 3820 τῶν
1055 3747 1302 3840 πνευματικῶν

100 3867 339 3976 χαρισμάτων
368 3869 536 3970 ἐρασταῖς
567 3867 730 3972 πλουσίᾳ
761 3899 800 3946 τε
833 3869 891 3946 καί
921 3863 1177 4015 προθυμοτάτρ
1212 3867 1302 3968 χειρί

101 3993 256 4090 διανέμει
279 3989 326 4071 τῦ
350 3989 482 4092 ἀγαθὰ,
500 3989 653 4096 κατόψει
677 3987 856 4096 ῥαδίως,
837 4023 924 4070 οταν
946 3987 1106 4094 ἀκούσῃς
1132 3985 1302 4089 λε’γοντος

68 4117 158 4199 υδιά
193 4115 259 4218 μέν
288 4114 448 4196 Ησαίου
479 4121 543 4194 τοῦ
572 4113 762 4270 προφήτου
798 4111 889 4214 πρός
923 4110 1050 4196 αὐτούς
1079 4121 1102 4158 “
1114 4109 1199 4191 Ετι
1230 4119 1364 4225 σοῦίι
1350 4109 1455 4163 mxv.

101 4255 121 4292 “
135 4243 374 4327 λαλοῦντος’
356 4274 424 4344 ερω
406 4239 527 4322 Τί
509 4239 615 4338 εστί;
619 4235 713 4318 ”διά
731 4235 831 4318 δέ
787 4271 851 4337 της
868 4269 933 4316 τον
916 4232 1161 4342 ψάλλοντος
1179 4237 1302 4340 φωνῆς
1346 4178 1446 4309 Ινιίἰ»ό

118 4531 183 4644 8η.
202 4513 363 4642 &arntiam
376 4515 408 4571 E.
421 4511 584 4584 δαπανήσητε
598 4511 650 4568 Ed.
760 4527 801 4579 19.
819 4511 865 4564 τοῦ
877 4524 930 4562 om.
944 4507 977 4563 E.
1085 4518 1128 4578 25.
1146 4505 1255 4561 ποιεῖται
1268 4503 1301 4560 E.

102 4603 260 4646 annom.
299 4625 306 4642 .
