3238 5114
84 317 313 399 xvii.20,21.
351 318 409 385 IN
432 319 466 386 S.
483 319 742 388 JOANNEM.
787 320 885 388 LIB.
901 319 961 386 XI.
1008 317 1196 385 OARXI.
1242 317 1305 386 735

87 477 169 561 τὸν
189 481 393 586 ἄνθρωπον.
439 485 629 587 διαβέβηκε
653 483 725 590 γὰρ
751 487 809 566 καὶ
837 490 886 571 είς
912 483 1005 584 ἡμᾶς
1032 479 1162 567 αύτούς
1189 481 1212 581 ῆ
1241 487 1306 561 τοῦ

92 604 316 704 Πνεύματος
346 609 509 688 κοινωνία
537 612 597 690 καὶ
625 607 775 709 διαμονῆ
804 607 871 708 τῆν
898 607 1015 713 ἀρχὴν
1043 613 1217 702 λαβοῦσα
1246 603 1305 684 διὰ

92 731 271 832 Χριστοῦ
307 735 367 812 καὶ
401 734 440 813 ἑν
472 731 604 841 πρώτῳ
632 736 798 840 Χριστῷ,
827 730 885 812 ὅτε
921 732 1004 812 καθ’
1035 731 1128 831 ἡμᾶς
1160 735 1304 826 νοεῖται,

95 851 290 933 τουτέστιν
317 855 516 958 ἅνθρωπος,
544 855 732 961 χριόμενύς
758 889 798 936 τε
831 857 890 936 καὶ
918 853 1159 959 ἁγιαζόμενος,
1187 858 1216 934 εί
1247 855 1306 934 καὶ

50 995 76 1058 5
97 973 183 1056 ἔστι
211 974 321 1082 φύσει
343 977 446 1076 Θεὸς,
468 977 558 1060 καθὸ
585 979 745 1086 πέφηνεν
771 982 811 1059 ἑκ
836 977 992 1084 Πατρὸς,
1017 977 1123 1064 αὐτὸς
1150 983 1202 1085 τῷ
1230 976 1307 1084 ίδίιρ

99 1099 289 1198 Πνεύματι
313 1100 378 1184 τὸν
397 1108 524 1183 οἰκεῖον
540 1103 696 1207 ἁγιάζων
714 1099 811 1201 ναὸν,
829 1105 888 1184 καὶ
912 1101 978 1203 τὴν
1001 1103 1044 1182 δι’
1065 1103 1175 1183 αὐτοῦ
1199 1133 1305 1206 γενο-

97 1221 215 1324 μένην
233 1225 381 1306 ἇπασαν
399 1227 529 1326 κτίσιν,
546 1224 638 1333 ᾗπερ
665 1224 710 1306 διν
731 1226 862 1330 πρέποι
888 1225 930 1307 τὸ
956 1224 1178 1330 ἁγιόζεσθαι.
1217 1225 1305 1306 οῦκ-

99 1355 169 1426 οῦν
191 1345 316 1454 ὥσπερ
343 1383 397 1435 τις
424 1348 602 1456 ἀρχὴκαὶ
630 1349 712 1435 ὁδὸς
737 1359 802 1431 τοῦ
829 1353 887 1431 καὶ
914 1349 1008 1450 ἡμᾶς
1029 1346 1239 1448 Πνεύματός
1266 1379 1306 1428 τε

99 1470 233 1573 Ἀγίου
269 1481 486 1578 μεταλαχεῖν
522 1477 580 1554 καὶ
615 1479 678 1574 τῆς
714 1473 805 1577 πρὸς
838 1471 934 1554 Θεὸν
970 1472 1132 1558 ἑνῶσεως
1168 1469 1211 1552 τὸ
1248 1473 1341 1558 ἑπὶδ

37 1615 86 1656 10
100 1599 259 1704 Χριστῷ
286 1597 443 1698 κατέστη
470 1595 683 1702 μυστήριον·
719 1596 936 1702 ἁγιαζόμεθα
961 1595 1033 1700 γὰρ
1060 1599 1093 1676 οὶ
1117 1591 1247 1680 πάντες
1268 1597 1307 1675 ἑν

101 1719 212 1824 αύτῷ,
231 1716 322 1799 κατά
339 1756 381 1822 γε
399 1720 464 1801 τὸν
481 1721 550 1822 ἤδη
568 1721 823 1825 προειρημένον
840 1718 988 1824 τρόπον.

154 1838 238 1922 Ἵνα
260 1845 379 1925 τοίνυν
395 1851 444 1929 εἲς
471 1842 621 1944 ἑνότητα
643 1844 710 1945 τῆν
733 1847 782 1929 ὡς
806 1843 897 1948 πρὸς
917 1842 1013 1924 Θεὸν
1034 1845 1093 1924 καὶ
1120 1841 1309 1944 ἀλλήλους

100 1966 283 2066 συνίωμέν
309 2001 348 2048 τε
376 1969 435 2047 καὶ
462 1967 817 2072 συναναμισγιύμεθα
843 1969 902 2049 καὶ
931 1969 1028 2068 ἡμεῖς
1056 1967 1165 2063 αὐτοὶ,
1192 1967 1307 2046 καίτοι

101 2093 150 2194 τῇ
177 2091 258 2170 καθ’
279 2090 433 2171 ἕκαστον
452 2091 622 2199 νοουμένη
647 2096 804 2200 διαφορᾷ
828 2089 1051 2192 διεστηκότες
1075 2096 1124 2174 εἰς
1148 2086 1307 2189 ἰδιότητα

45 2235 87 2298 15
102 2215 162 2294 καὶ
182 2218 317 2319 ψυχαῖς
336 2216 395 2293 καὶ
412 2215 596 2315 σώμασιν,
614 2214 868 2322 ἐμηχανήσατό
887 2249 967 2296 τινα
984 2211 1121 2318 τρόπον
1139 2214 1159 2292 ὁ
1180 2218 1307 2294 Μονο-

102 2334 219 2438 γενῆς,
247 2335 307 2417 διὰ
342 2342 407 2436 τῆς
444 2339 540 2446 αύτῷ
569 2339 780 2443 πρεπούσης
811 2339 1050 2448 έξηυρημεῦον
1078 2336 1215 2445 σοφίας
1247 2341 1307 2416 καὶ

102 2465 242 2560 βουλῆς
260 2469 325 2542 τοῦ
345 2461 503 2566 Πατρός·
533 2465 585 2544 ἑνὶ
603 2461 676 2566 γὰρ
701 2462 855 2562 στόματι,
873 2469 925 2572 τῷ
949 2464 1025 2572 ἰδίῳ
1053 2458 1203 2562 δηλαδὴ,
1223 2457 1307 2545 τοῦς

103 2589 153 2670 εἶς
190 2582 299 2666 αὐτὸν
330 2585 566 2671 πιστεύοντας
601 2588 762 2689 εὐλογῶν
791 2585 850 2667 διὸ
884 2591 949 2687 τῆς
980 2589 1158 2686 μυστικῆς
1194 2617 1305 2683 μετα-

104 2707 265 2812 λήψεως,
290 2708 403 2816 ἑαυτῷ
428 2743 467 2789 τε
495 2709 719 2811 ουσσιόμους
747 2713 806 2790 καὶ
831 2709 1009 2811 ἀλλήλοις
1034 2713 1213 2790 ἀποτελεῖ.
1252 2709 1306 2793 τίς

51 2868 92 2910 ιο
106 2831 178 2935 γὰρ
202 2829 247 2912 ἂν
271 2834 329 2913 καὶ
354 2832 466 2914 διέλοι
493 2836 553 2913 καὶ
579 2838 643 2934 τῆς
671 2839 719 2919 είς
747 2832 933 2934 ἀλλήλους
962 2837 1120 2940 φυσικῆς
1147 2829 1307 2916 ἑνύσεως

105 2956 249 3063 ε’ξοικιεῖ
268 2957 350 3042 τοῦς
374 2958 417 3037 δι’
438 2957 515 3042 ἑνὸς
537 2966 601 3039 τοῦ
625 2959 730 3060 ἁγίου
754 2959 925 3056 σώματος
949 2955 1040 3060 πρὸς
1067 2955 1217 3055 ἑνότητα
1239 2953 1335 3056 τῆνα
1354 2979 1475 3039 om.

106 3085 154 3165 εἷς
181 3079 347 3184 Χριστὸν
376 3080 733 3181 ἀναδεσμουμένουςς
769 3087 799 3161 εὶ
826 3079 899 3182 γὰρ
922 3090 943 3128 “
957 3085 991 3160 οἱ
1016 3078 1147 3162 ποίντες
1174 3082 1213 3159 ἑκ
1240 3087 1305 3160 τοῦ
1351 3106 1431 3158 ιοοι.

107 3214 128 3252 “
144 3203 221 3288 ἑνὸς
247 3204 358 3308 ἄρτου
382 3204 607 3310 μετέχομεν,”
629 3205 666 3286 ἑν
684 3209 717 3284 οῖ
733 3202 865 3288 πάντες
888 3203 1159 3298 ἀποτελούμεθα
1178 3209 1301 3303 σῶμα·
1348 3189 1374 3224 ¹*
1388 3185 1427 3236 η’

107 3327 308 3432 μερίζεσθαι
336 3325 408 3432 γὰρ
436 3328 500 3408 οῦκ
528 3326 704 3432 ε’νδὲχεται
730 3325 794 3407 τὸν
812 3325 988 3428 Χριστόν.
1027 3325 1085 3406 διὸ
1113 3334 1218 3407 τοῦτο
1246 3329 1305 3407 καὶ

58 3491 95 3554 ²5
108 3455 214 3550 σιῦμα
251 3455 418 3554 Χριστοῦ
453 3450 709 3557 κεχρημάτικεν
740 3450 763 3550 ἡ
791 3449 1008 3550 Ἐκκλησία,
1038 3446 1134 3549 μέλη
1171 3449 1210 3532 δὲ
1247 3452 1305 3530 καὶ
1350 3457 1391 3590 {¹32
1403 3459 1447 3510 ¹³⁵·

107 3575 203 3674 ἡμεῖς
223 3573 291 3655 ἀνὰ
308 3574 425 3678 μέρος,
444 3573 534 3655 κατὰ
553 3572 619 3674 τῆν
636 3582 700 3655 τοῦ
720 3573 872 3655 Παύλου
897 3573 1059 3654 σύνεσιν.
1099 3577 1149 3655 ἑνὶ
1174 3573 1247 3678 γὰρ
1272 3580 1306 3656 οἱ

107 3697 235 3782 πάντες
253 3697 432 3796 ἑνούμενοι
451 3704 502 3806 τῷ
523 3703 675 3806 Χριστῷ
695 3697 754 3777 διὸ
771 3705 835 3778 τοῦ
853 3698 957 3800 ἁγίου
975 3697 1156 3798 σώματος,
1176 3695 1238 3778 ἅτε
1261 3697 1305 3798 δὴ

107 3821 167 3901 τὸν
185 3822 247 3902 ἕνα
265 3819 441 3916 λαβόντες
466 3825 524 3903 καὶ
550 3821 748 3922 ἀδιαίρετον
766 3823 803 3902 έν
822 3822 921 3906 ἰδίοις
944 3821 1127 3922 στόμασιν,
1146 3822 1242 3930 αύτῷ
1260 3819 1305 3920 δὴ

109 3953 249 4039 μᾶλλον
266 3945 358 4049 ἥπερ
375 3947 438 4026 οῦν
456 3947 591 4030 ἑαυτοῖς
609 3944 655 4026 τὸ
680 3945 750 4026 ἴδια
776 3953 1026 4051 χρεωστοῦμεν
1043 3942 1151 4044 μέλη.
1192 3945 1248 4026 ὅτι
1266 3945 1305 4026 δὲ

61 4067 318 4172 3οτεταγμένου
345 4078 409 4150 τοῦ
438 4073 605 4172 Σωτῆρος
634 4075 683 4154 είς
712 4067 887 4176 κεφαλὴν,
914 4074 1024 4168 σῶμα
1051 4067 1093 4148 τὸ
1124 4065 1254 4151 λοιπὸν
1280 4068 1303 4169 ἡ

109 4192 307 4292 Ἐκκλησία
334 4199 505 4290 καλεῖται,
534 4192 696 4294 καθάπερ
724 4195 763 4274 ἐκ
789 4198 912 4292 μελῶν
939 4197 1013 4272 τῶν
1040 4193 1122 4272 καθ’
1146 4193 1337 4272 ἑκαστονδ

109 4317 414 4420 συνηρμοσμένον,
442 4316 620 4424 ἀποδείξει
652 4315 770 4420 λέγων
799 4317 819 4397 ὁ
853 4321 1004 4401 Παῦλος
1032 4327 1054 4365 “
1066 4315 1146 4396 Ἵνα
1177 4316 1302 4417 μηκέτι
1347 4317 1457 4449 {Est-⁶¹*

493 4581 520 4630 4.
539 4563 579 4618 καὶ
592 4563 637 4618 alt.
650 4571 819 4635 assumptum
832 4579 864 4616 ιικ
881 4561 911 4618 E.
