3200 5092
101 233 200 315 α’ϊιει.
239 233 292 298 ΙΝ
320 233 355 300 S.
379 235 666 306 JOANNEM.
710 241 807 306 LIB.
822 241 863 308 V.
909 240 1098 306 cAP.1v.
1242 241 1283 303 19

99 399 197 476 ἐτείτα
224 402 279 477 καὶ
309 402 330 480 ὁ
361 403 633 503 τληπαθὴς’
611 403 781 508 ιεροτρεῦς
807 403 991 504 ἀνατεμάιν
1018 401 1150 484 ε”σθΙ
1130 437 1190 483 οτε
1217 400 1283 550 τήν

99 521 249 672 ἀραιρον,
247 525 304 603 καὶ
320 522 461 608 πόνους
481 529 525 606 έν
546 529 646 633 αῦτη
627 526 884 628 διηντληκάις
902 561 944 607 ου
932 529 1120 632 βραχεῖς,
1139 527 1199 605 καὶ
1219 521 1283 604 τῦν

98 643 209 748 σπόρον
232 647 502 753 ε’γκαταχάσας
539 659 621 736 τοῖς
654 649 871 805 αὕλρξιν,
848 685 893 730 αν
919 651 977 756 ἰ’δη
1007 647 1314 755 διεφθαρμένον,ο

98 773 298 870 τολυδρομεῖ
323 769 422 874 πρῦς
462 774 642 877 ἄροτρον,
675 777 734 853 καὶ
769 781 843 858 τοῖς
878 774 946 873 ἤδη
984 769 1284 883 κατεφθαρμένοις

78 891 279 994 δι’τισπείρειν
306 896 350 972 οῦ
383 905 582 976 κατοκνεῖ.
633 895 877 1000 διημαρτηκὼς
910 894 983 999 γάρ
1018 899 1057 974 έν
1089 899 1184 1000 ἀρχῇ
1219 902 1285 975 τοῦ

97 1023 211 1092 σκοποῦ
238 1015 348 1096 πόθοι
381 1014 431 1097 ἀν
468 1021 518 1098 οῦ
552 1018 700 1103 πάντως
730 1022 769 1099 έν
800 1029 889 1121 γοῦν
921 1027 996 1103 τοῖς
1031 1018 1205 1120 δευτέρας
1239 1015 1286 1097 τά

98 1135 315 1236 παραπλήσια.
353 1141 544 1241 τοιαύτην
563 1140 776 1241 ἐπασκήσας
797 1141 864 1241 τὴν
881 1141 1032 1248 ἕξιν
975 1176 1034 1222 και
1052 1177 1072 1221 ο
1059 1139 1285 1224 θεσπέσιος·

100 1257 221 1344 Παῦλός
247 1295 319 1341 που
352 1265 483 1370 φησίν
520 1277 542 1312 “
556 1264 616 1344 Τά
643 1263 734 1344 αῦτά
764 1265 930 1366 λέγειν
912 1273 994 1364 υμῖν
1021 1267 1097 1362 ἐμοὶ
1128 1263 1194 1418 μὲν
1221 1265 1286 1343 οῦκ

99 1382 270 1483 “όκνηρῦν,
288 1387 374 1484 ὑμῖν
395 1387 437 1466 δὲ
458 1389 673 1494 ἀσφολέςῩ
714 1389 800 1494 ὁρᾷς
824 1387 922 1472 ὅπως
946 1387 1052 1468 ὄκνου
1079 1386 1285 1491 κρείττωνὸ

66 1503 251 1584 οδιδῦσκιιν
273 1510 507 1608 εὑρίσκεται,
525 1510 606 1590 τότε
633 1517 707 1594 τοῖς
735 1510 971 1613 ἀκροωμένοις
995 1509 1037 1590 τὸ
1062 1513 1100 1590 ἐν
1124 1514 1291 1616 ἀσφαλεῖ

99 1633 454 1731 τῦνέτπηδευμάτων
475 1636 648 1738 γενέσθαι
666 1634 846 1720 πολλάκις
864 1639 1077 1731 ἀκολουθεῖ;
1099 1635 1287 1738 χρησίμως

98 1761 260 1854 τοιγαροῦν
290 1753 360 1834 τὸν
396 1759 500 1861 πρὸς
531 1759 725 1842 Ἰουδαίους
761 1757 1080 1860 ἀναμηρυσάμενος
1117 1755 1230 1858 λόγον
1266 1755 1321 1832 bd

101 1873 211 1976 Κύριος
242 1879 348 1976 ἡμῶν
380 1881 538 1980 Ἰησοῦς
575 1882 596 1959 ὁ
628 1877 802 1983 Χριστὸς,
835 1881 899 1959 οῦκ
936 1883 973 1959 ἐν
1004 1887 1079 1963 τοῖς
1115 1887 1289 1983 τυχοῦσιν

98 1995 225 2077 ἔσεσθαι
251 2010 316 2080 τοῦ
347 2003 404 2104 μὴ
434 2001 624 2085 πιστεύειν
651 2004 747 2112 αὐτῷ
774 2001 841 2101 τήν
868 2002 994 2105 ζημίαν
1021 2000 1285 2105 διισχυρίζεται·

68 2121 157 2196 ’ὄδεῖν
180 2119 248 2224 γάρ
275 2123 430 2210 πάντας
459 2127 491 2205 ἐν
518 2124 708 2232 ἁμαρτίαις
736 2123 917 2205 ἀποθανεῖν
944 2121 1027 2208 τοῦς
1056 2121 1289 2204 ἀπειθοῦντάς

100 2247 186 2342 φησι,
206 2243 248 2323 τῦ
275 2246 314 2326 δέ
343 2247 522 2329 τεθνάναι
547 2248 837 2352 πεφορτισμένον
859 2254 933 2332 τοῖς
959 2244 1287 2346 πλημμελήμασιν,

100 2363 144 2442 ὅτι
173 2371 283 2472 φλιηά
324 2377 373 2476 τῇ
410 2369 609 2479 παμφόρῳ
645 2369 853 2476 παραδώσει
889 2369 956 2470 τήν
993 2379 1057 2452 τοῦ
1098 2369 1290 2473 ἀνθρώπου

101 2487 216 2593 ψυχήν,
237 2495 303 2572 οῦκ
332 2497 565 2602 ἀμφίλογον.

1331 1259 1423 1312 Ρλί1.“
1407 1261 1443 1309 ui.

1334 1339 1356 1376 1.

122 2750 193 2818 Ἐὰν
218 2757 277 2846 Γᾶρ
304 2761 349 2834 mi
377 2761 581 2826 πιστεύσατε
608 2761 657 2828 ὅτι
682 2759 749 2834 ἐτώ
775 2757 850 2838 εἰμι,
877 2755 1095 2826 ἀποθανεῖσθε
1121 2759 1157 2823 ἒν
1183 2754 1255 2824 ταῖς

68 2903 93 2941 ²0
545 2899 717 2989 ἁμαρτίαις
744 2901 846 2978 ὑμῶν.
1302 2913 1320 2956 Θ

149 3066 425 3174 Ἀκριβέιπερον
448 3076 644 3172 εἰσηγεῖται
667 3069 713 3150 τά
737 3069 981 3177 συμφέροντα,
1001 3075 1059 3149 καὶ
1086 3065 1291 3175 φανότατον

105 3191 158 3284 τῆς
180 3195 364 3295 σωτηρίας
392 3192 570 3276 καθιστάς
597 3191 660 3273 τῦν
681 3192 817 3295 τρόπον
839 3191 1055 3273 ύποδεικνύει
1080 3189 1209 3270 λοιπὸν
1233 3186 1292 3268 διὰ

107 3313 193 3396 ποίας
218 3315 335 3400 ἰόντες
364 3318 451 3395 ὁδοῦ
476 3313 569 3418 πρῦς
594 3314 660 3416 τήν
683 3323 756 3395 τιῦν
780 3314 892 3416 ἁγίων
915 3313 1162 3414 ἀναβήσονται
1185 3308 1288 3413 ζωήν,

107 3437 154 3510 καὶ
177 3441 221 3520 εἰς
246 3437 322 3537 τὴν
349 3437 424 3518 ἀνω
450 3437 663 3540 γενήσονται
690 3436 813 3530 πόλιν,
839 3435 905 3536 τήν
929 3435 1138 3539 ἐπουράνιον
1155 3435 1287 3537 Ἰερου-

73 3557 227 3657 ἳόσολήμ.
272 3563 336 3640 καὶ
361 3561 404 3640 οῦ
426 3559 538 3658 μόνον
561 3559 615 3640 ὅτι
638 3559 814 3664 προσήκει
838 3561 1038 3640 πιστεῦσαί
1060 3567 1187 3662 φησιν,
1205 3555 1290 3635 ἀλλ’

108 3675 150 3754 ὅτι
165 3687 217 3762 καὶ
236 3689 292 3768 εἰς
310 3681 421 3762 αῦτῦν
438 3691 544 3763 τοῦτο
562 3683 730 3785 γενέσθαι
749 3683 869 3783 δεήσει
888 3681 1149 3787 διισχυρίζεται.
1181 3683 1292 3758 δικαι-

109 3799 221 3898 οίμεθσ
248 3803 326 3908 γάρ
350 3805 580 3890 πιστεύοντες
603 3810 651 3890 είς
675 3804 784 3886 αὐτὸν
803 3810 852 3890 ὡς
873 3811 921 3890 είς
940 3802 1036 3885 Θεὸν
1053 3807 1092 3884 ἐκ
1110 3809 1221 3898 Θεοῦ,
1243 3805 1291 3883 ὡς

109 3929 145 4006 εἷς
160 3929 315 4030 Σωτῆρα
334 3931 393 4006 καὶ
410 3927 597 4032 λυτρωτὴν
615 3931 673 4008 καὶ
691 3929 851 4022 βασιλέα
870 3934 942 4009 τῶν
961 3927 1058 4008 ὅλων
1077 3929 1134 4007 καὶ
1156 3924 1321 4028 Κύριονι
1339 3951 1456 4007 509Δ.

136 4175 155 4214 1.
169 4161 346 4216 ι’πείτιιιΒ.1
330 4161 437 4230 επείπτρ
451 4161 542 4216 Holet.
555 4161 608 4218 Ed.
685 4164 742 4218 8.‘
731 4186 746 4217 v
746 4166 892 4232 μῖνοοιηα
975 4179 1017 4218 11.
1036 4160 1247 4217 ακολουθεῖΒΗ
1231 4183 1291 4217 ακο-

108 4231 279 4300 ΗήσειΗλ.
293 4231 348 4288 Ed.
424 4249 466 4286 12.
479 4232 525 4286 ἀνα
526 4234 690 4303 μηάμενορνσ
692 4233 775 4290 esta.
789 4233 848 4288 eat.
863 4233 966 4289 Harl.'
951 4233 1169 4322 αναμιρισάμενος
1183 4233 1231 4287 Ht.
1240 4232 1292 4287 Ed.

110 4305 325 4388 lspbmmptu
326 4319 400 4356 mex
416 4255 582 4392 Boupmor.
656 4321 697 4369 14.
715 4304 750 4357 διι
804 4304 944 4373 ρίζεταιΒ.
954 4302 1114 4374 δτιίσχυρί(
1112 4324 1166 4356 εται
1179 4303 1229 4357 Ht.
1241 4301 1291 4356 Ed.

110 4385 142 4435 ια
162 4313 336 4428 ἀκούσητ’
320 4371 382 4428 η’
456 4372 505 4427 {aar
524 4371 629 4426 inverso
649 4372 743 4427 ordine
791 4325 869 4429 ,ρλοο
888 4373 983 4428 ordine
1002 4373 1051 4427 Ην.
1074 4372 1124 4428 Ed.
1144 4373 1248 4428 favente
1268 4389 1294 4428 ιι

112 4441 141 4494 16.
154 4443 435 4514 κῴρτισμίνονα
409 4441 509 4496 .α..Ηλ
521 4441 737 4513 πεφορτισμενον
749 4443 822 4498 Aub.

668 4543 689 4586 D
707 4543 725 4588 2
