3142 5118
72 369 145 428 ²¹4
226 349 285 414 IN
317 351 641 420 S.JOANNEM.
688 354 782 420 LIB.
799 355 860 420 VI.
906 355 1062 420 CARI.
1193 355 1257 419 229

66 523 83 556 ⁴¹
95 513 232 614 εἰρήνης,
267 518 331 594 καὶ
370 519 520 623 ἀφανιῶ
559 521 666 622 θηρία
701 519 840 624 πονηρὰ
875 521 947 600 ἀπὸ
984 524 1047 620 τῆς
1084 522 1162 620 γῆς,
1197 519 1255 598 καὶ

63 637 370 738 “ιιστυικὴσουσιν
408 643 448 720 ἐν
485 647 531 745 τῇ
574 642 694 750 ἐρήμῳ
735 647 794 722 καὶ
836 643 1069 725 ὐπνῶσουσιν
1107 644 1145 722 έν
1182 649 1255 725 τοῖς

61 773 78 806 ⁴·
91 765 238 862 δρυμοῖς.
280 767 347 844 καὶ
367 765 484 844 δῶσω
502 763 630 850 αὐτοὺς
653 767 855 876 περικύκλῳ
880 775 945 848 τοῦ
970 765 1074 870 ὅρους
1099 799 1178 864 μου,
1197 767 1288 845 καὶδ

59 885 186 966 “Mu
218 887 288 967 τὸν
320 887 431 968 ὑετὸν
460 891 552 987 ὑμῖν,
582 887 684 971 ὑετὸν
707 891 880 993 εὐλογίας,
909 895 968 972 καὶ
994 889 1040 971 τὸ
1068 887 1165 996 ξύλα
1192 895 1258 968 τοῦ

41 1021 75 1084 5⁸
88 1013 203 1091 πεδῶν
228 1013 411 1092 δῶσουσι
437 1011 503 1092 τὸν
526 1012 667 1115 καρπὸν
691 1014 821 1112 αὐτῶν,
846 1018 904 1094 καὶ
932 1015 954 1115 ἡ
982 1017 1030 1117 γῆ
1059 1012 1168 1094 δόσει
1194 1009 1259 1092 τὸν

57 1147 74 1180 '⁵
87 1135 219 1238 καρπὸν
237 1137 401 1236 εαύτῆς.”
432 1138 561 1216 οὐκοῦν
579 1139 618 1218 έν
635 1139 772 1224 τούτοις
789 1140 829 1219 εὐ
845 1139 948 1237 μιίλα
966 1141 1025 1218 καὶ
1042 1143 1184 1244 σαφῶς,
1204 1134 1259 1216 ότι

55 1261 109 1356 μέν
124 1265 185 1358 τῆς
204 1268 285 1340 τῶν
304 1261 499 1340 Ἰουδαίων
517 1261 706 1363 ἡγεμονίας
723 1261 940 1362 ε’κστήσεται
957 1268 1030 1342 τῶν
1049 1259 1260 1364 Φαρισαίων

56 1383 219 1480 ἡόςυσία
245 1382 407 1484 πληθὺς
432 1386 629 1488 διαγορεύει
648 1373 751 1484 Θεὸς,
771 1385 825 1467 ότι
849 1385 887 1466 δέ
912 1384 987 1486 μετ’
1007 1385 1158 1470 ἐκείνους
1182 1385 1258 1464 ε’πι-

56 1507 216 1608 οτιιτῆσει
256 1517 347 1592 ταῖς
388 1517 554 1612 λσγικαῖς
590 1516 664 1590 τῶν
698 1507 941 1592 πιστευόντων
977 1507 1126 1613 ἀγέλαις
1165 1509 1185 1588 ὁ
1221 1510 1261 1587 ἐκ

26 1656 47 1694 :e
57 1633 253 1734 σκέμματος
296 1636 443 1712 Δαυεὶδ
482 1631 525 1712 τὸ
562 1630 654 1712 κατὰ
689 1631 811 1737 σάρκα
847 1628 1010 1736 Χριστὸς
1054 1629 1262 1740 ἀναφανδὸν

59 1757 214 1856 ὐρόσατο.
258 1754 448 1856 διαθήκην
474 1753 547 1859 γὰρ
574 1756 714 1858 εἰρήνης
741 1757 977 1837 συντέτακται
1004 1757 1046 1836 δι’
1076 1756 1195 1853 αὐτοῦ,
1219 1753 1291 1834 τὸς

61 1881 288 1982 εἰσγγελικὸν
315 1878 493 1980 δηλονότι
519 1882 577 1959 καὶ
606 1879 801 1961 θεσπέσιον
827 1878 993 1983 κήρυγμα
1016 1875 1107 1982 πρὸς
1135 1877 1262 1984 φιλίαν

63 2005 139 2102 ἡμᾶς
164 2008 364 2112 διαφέρον
391 2003 459 2104 τὴν
487 2007 536 2090 ῶς
567 2002 659 2107 πρὸς
686 2003 791 2102 Θεὸν,
819 2007 878 2084 καὶ
909 2003 975 2104 τὴν
1001 2009 1075 2084 τῶν
1102 2002 1263 2105 οὐρανῶν

64 2129 243 2220 βασιλεύειν
274 2136 506 2232 περιποιοῦν.
557 2129 600 2208 δι’
630 2128 738 2208 αὐτοῦ
769 2162 808 2208 τε
840 2128 953 2209 πόλιν
987 2126 1116 2228 ὁμοίως
1149 2127 1168 2205 ό
1199 2129 1262 2224 τῆς

32 2255 216 2354 ῑὸοὐλυγίας
234 2253 360 2350 ὑετὸς,
381 2252 582 2350 τουτέστιν,
601 2252 623 2351 ἡ
641 2259 706 2331 τοῦ
726 2250 936 2350 Πνεύματος
954 2249 1099 2355 ἀπαρχὴ
1123 2284 1260 2352 καρπο-

66 2376 166 2480 φόρον
184 2375 319 2480 ῶσπερ
345 2374 430 2456 τινὰ
454 2380 524 2478 γῆν
542 2378 773 2456 ἀποτελοῦσα
798 2375 864 2476 τὴν
882 2377 919 2454 έν
943 2371 1034 2480 ᾗπερ
1062 2372 1107 2454 ἂν
1126 2374 1264 2477 γένοιτο

68 2499 191 2604 ψυχήν.
233 2499 363 2599 ἐπειδὴ
388 2499 428 2580 δέ
452 2507 527 2584 τοῖς
551 2498 616 2597 μέν
633 2498 829 2603 προβάτοις
854 2503 896 2580 οὐ
921 2501 1071 2604 μετρίως
1094 2503 1127 2579 οἱ
1146 2503 1259 2601 Φαρι-

68 2631 155 2704 σαῖοι
180 2624 462 2724 διελυμήναντο,
484 2619 772 2718 καταβόσκυντες
799 2621 865 2723 μέν
892 2625 1072 2723 οὐδαμῶς,
1093 2631 1261 2703 καταλω·

68 2751 198 2836 βᾶσθαι
217 2744 258 2824 δὲ
278 2751 430 2844 μᾶλλον
449 2740 540 2822 αὐτὸ
557 2750 756 2848 πολλαχῶς
774 2745 1029 2846 ἐπιτρέποντες,
1049 2743 1202 2824 διέσωσε
1226 2739 1264 2822 δέ

29 2869 87 2945 ¹³6
105 2870 282 2970 Χριστὸς,
301 2869 363 2946 καὶ
386 2871 451 2966 τῆς
475 2867 612 2946 ἄνωθεν
635 2867 801 2968 εὐλογίας
825 2867 964 2973 ἐδείχθη
989 2869 1047 2948 καὶ
1073 2865 1182 2968 δοτὴρ
1206 2867 1299 2944 καὶᾶ

68 2991 250 3100 πρόξενος,
273 2991 420 3076 εἰκότως
447 2991 680 3096 ἀναφαίνεται
706 2993 807 3072 τοῦθ’
832 2991 920 3094 ὅπερ
947 2993 1048 3070 ἐστὶν
1075 2993 1267 3092 ὁμολογῶν

68 3120 156 3218 Ἐγῶ
176 3127 244 3222 εἰμι
266 3127 281 3199 ὸ
300 3113 426 3221 ποιμὸν
445 3125 460 3198 ἑ
482 3117 604 3200 καλός.

122 3239 428 3344 Σκαυδαλιζεσθω
462 3239 507 3318 δέ
528 3273 588 3336 μοι
615 3239 747 3339 μηδεὶς,
776 3241 806 3316 εἶ
838 3241 969 3318 δαῦλον
996 3237 1220 3319 ὐπεκιίλεσεν
1248 3239 1268 3317 ὸ

74 3363 164 3448 θεὸς
191 3367 249 3446 καὶ
274 3362 407 3466 Πατὴρ
434 3362 499 3442 τὸν
524 3365 563 3442 ἐκ
590 3361 800 3465 σπέρματος
823 3363 958 3441 Δαυεὶδ
983 3359 1176 3463 γενόμενον
1201 3360 1265 3440 ἅν-

34 3491 224 3587 aem,
246 3489 362 3568 καίτοι
390 3483 484 3567 κατὰ
513 3483 627 3592 φύσιν
651 3482 739 3563 ὅντα
766 3482 862 3565 θεὸν
885 3491 943 3564 καὶ
964 3482 1055 3564 Υὶὸν
1079 3483 1266 3586 ἀληθινὸν,

79 3611 228 3694 ε’ννοείτω
246 3611 284 3694 δέ
300 3619 461 3712 μᾶλλον,
482 3609 537 3689 ότι
560 3608 815 3689 τεταπείνωκεν
833 3606 960 3688 ἑαυτὸν
976 3607 1122 3716 μορφὴν
1140 3609 1270 3689 δούλου

81 3737 211 3826 λαβόν.
247 3733 460 3842 πρεπόντως
479 3731 551 3835 ἄρα
568 3737 613 3838 τῇ
632 3732 817 3838 ληφθείσῃ
834 3737 960 3839 μορφῇ
982 3733 1149 3833 κέκληται
1170 3730 1271 3835 παρὰ

82 3867 139 3938 τοῦ
157 3865 244 3944 θεοῦ
260 3865 320 3945 καὶ
340 3856 507 3963 Πατρός.

1283 3981 1301 4025 ε

103 4099 127 4156 8.
142 4101 314 4176 &majus
330 4101 365 4158 Β.
382 4097 482 4156 Heln.
495 4093 647 4151 emendavit
659 4095 732 4152 Aub.
744 4103 771 4150 et
782 4095 819 4151 ita
830 4113 854 4151 ιι.
988 4108 1031 4167 27.
1050 4091 1113 4168 ἄρα]
1127 4090 1173 4147 οδν
1185 4088 1235 4160 δρα
1246 4107 1271 4145 ιι.

70 4173 188 4252 ἅληται]
203 4185 228 4244 †
244 4179 374 4234 δοῦλοςς
389 4170 456 4228 (λιι.
472 4166 555 4222 Harl.
568 4165 639 4222 λαὶ).
651 4167 741 4224 invitis
755 4165 813 4222 Ba.
