<?xml version="1.0" encoding="UTF-8"?>
<!DOCTYPE html PUBLIC "-//W3C//DTD XHTML 1.0 Transitional//EN"
    "http://www.w3.org/TR/xhtml1/DTD/xhtml1-transitional.dtd">
<html xmlns="http://www.w3.org/1999/xhtml" xml:lang="en" lang="en">
 <head>
  <title>
</title>
<meta http-equiv="Content-Type" content="text/html;charset=utf-8" />
  <meta name='ocr-system' content='tesseract 3.04.00' />
  <meta name='ocr-capabilities' content='ocr_page ocr_carea ocr_par ocr_line ocrx_word'/>
</head>
<body>
  <div class='ocr_page' id='page_1' title='image "./sanctipatrisnos02pusegoog_0707.png"; bbox 0 0 3238 5114; ppageno 0'>
   <div class='ocr_carea' id='block_1_1' title="bbox 123 365 1322 458">
    <p class='ocr_par' dir='ltr' id='par_1_1' title="bbox 123 365 1322 458">
     <span class='ocr_line' id='line_1_1' title="bbox 123 365 1322 458; baseline 0.002 -27"><span class='ocrx_word' id='word_1_1' title='bbox 123 366 200 433; x_wconf 86' lang='lat' dir='ltr'>xvii.</span> <span class='ocrx_word' id='word_1_2' title='bbox 213 390 244 458; x_wconf 87' lang='lat'>3.</span> <span class='ocrx_word' id='word_1_3' title='bbox 300 370 357 437; x_wconf 94' lang='lat' dir='ltr'>IN</span> <span class='ocrx_word' id='word_1_4' title='bbox 388 371 422 438; x_wconf 84' lang='lat' dir='ltr'>S.</span> <span class='ocrx_word' id='word_1_5' title='bbox 447 371 705 440; x_wconf 85' lang='lat' dir='ltr'><strong>JOANNEM.</strong></span> <span class='ocrx_word' id='word_1_6' title='bbox 751 369 934 441; x_wconf 85' lang='lat' dir='ltr'><strong>LIB.XI.</strong></span> <span class='ocrx_word' id='word_1_7' title='bbox 978 371 1080 438; x_wconf 82' lang='lat' dir='ltr'>CAP.</span> <span class='ocrx_word' id='word_1_8' title='bbox 1102 370 1144 436; x_wconf 88' lang='lat' dir='ltr'>V.</span> <span class='ocrx_word' id='word_1_9' title='bbox 1257 365 1322 433; x_wconf 85' lang='grc'>669</span> 
     </span>
    </p>
   </div>
   <div class='ocr_carea' id='block_1_2' title="bbox 67 533 1491 4362">
    <p class='ocr_par' dir='ltr' id='par_1_2' title="bbox 67 533 1491 4362">
     <span class='ocr_line' id='line_1_2' title="bbox 124 533 1437 641; baseline 0.001 -26"><span class='ocrx_word' id='word_1_10' title='bbox 124 541 147 581; x_wconf 86' lang='grc'><strong>“</strong></span> <span class='ocrx_word' id='word_1_11' title='bbox 165 534 393 639; x_wconf 81' lang='grc' dir='ltr'>πιστεύσητε,</span> <span class='ocrx_word' id='word_1_12' title='bbox 422 539 499 620; x_wconf 79' lang='grc' dir='ltr'>οὐδ’</span> <span class='ocrx_word' id='word_1_13' title='bbox 527 541 570 621; x_wconf 86' lang='grc' dir='ltr'>οῦ</span> <span class='ocrx_word' id='word_1_14' title='bbox 597 537 647 639; x_wconf 83' lang='grc' dir='ltr'>μὴ</span> <span class='ocrx_word' id='word_1_15' title='bbox 675 540 840 640; x_wconf 86' lang='grc' dir='ltr'>συνῆτε.”</span> <span class='ocrx_word' id='word_1_16' title='bbox 880 537 935 619; x_wconf 82' lang='grc' dir='ltr'>ὅτι</span> <span class='ocrx_word' id='word_1_17' title='bbox 966 536 1004 618; x_wconf 77' lang='grc' dir='ltr'>δὲ</span> <span class='ocrx_word' id='word_1_18' title='bbox 1034 533 1101 637; x_wconf 83' lang='grc' dir='ltr'>τῆν</span> <span class='ocrx_word' id='word_1_19' title='bbox 1131 533 1170 616; x_wconf 82' lang='grc' dir='ltr'>ἒν</span> <span class='ocrx_word' id='word_1_20' title='bbox 1196 537 1323 641; x_wconf 81' lang='grc' dir='ltr'>ψιλοῖς</span> <span class='ocrx_word' id='word_1_21' title='bbox 1427 611 1437 635; x_wconf 66' lang='grc'>,</span> 
     </span>
     <span class='ocr_line' id='line_1_3' title="bbox 124 654 1324 770; baseline -0.003 -32"><span class='ocrx_word' id='word_1_22' title='bbox 124 659 332 763; x_wconf 82' lang='grc' dir='ltr'>θεωρήμασι</span> <span class='ocrx_word' id='word_1_23' title='bbox 353 669 502 764; x_wconf 88' lang='grc' dir='ltr'>γνῶσιν,</span> <span class='ocrx_word' id='word_1_24' title='bbox 526 669 650 770; x_wconf 88' lang='grc' dir='ltr'>χρῆμα</span> <span class='ocrx_word' id='word_1_25' title='bbox 671 669 859 748; x_wconf 73' lang='grc' dir='ltr'>παντελῶς</span> <span class='ocrx_word' id='word_1_26' title='bbox 876 661 1050 762; x_wconf 88' lang='grc' dir='ltr'>ἀνόνητον</span> <span class='ocrx_word' id='word_1_27' title='bbox 1067 662 1104 740; x_wconf 82' lang='grc' dir='ltr'>αἱ</span> <span class='ocrx_word' id='word_1_28' title='bbox 1121 664 1194 740; x_wconf 92' lang='grc' dir='ltr'>τῶν</span> <span class='ocrx_word' id='word_1_29' title='bbox 1211 654 1324 760; x_wconf 85' lang='grc' dir='ltr'>ἁγίων</span> 
     </span>
     <span class='ocr_line' id='line_1_4' title="bbox 124 780 1322 896; baseline -0.001 -32"><span class='ocrx_word' id='word_1_30' title='bbox 124 782 209 882; x_wconf 84' lang='grc' dir='ltr'>ἡμῖν</span> <span class='ocrx_word' id='word_1_31' title='bbox 243 787 486 894; x_wconf 79' lang='grc' dir='ltr'>ἀποφαίνουσι</span> <span class='ocrx_word' id='word_1_32' title='bbox 518 791 745 896; x_wconf 79' lang='grc' dir='ltr'>συγγραφαὶ,</span> <span class='ocrx_word' id='word_1_33' title='bbox 779 785 954 888; x_wconf 77' lang='grc' dir='ltr'>συιαῆσειν</span> <span class='ocrx_word' id='word_1_34' title='bbox 990 780 1087 885; x_wconf 82' lang='grc' dir='ltr'>οἶμαι</span> <span class='ocrx_word' id='word_1_35' title='bbox 1124 785 1322 863; x_wconf 89' lang='grc' dir='ltr'>κάντεῦθεν.</span> 
     </span>
     <span class='ocr_line' id='line_1_5' title="bbox 124 903 1491 1041; baseline 0.002 -54"><span class='ocrx_word' id='word_1_36' title='bbox 124 905 195 1014; x_wconf 81' lang='grc' dir='ltr'>ἔφη</span> <span class='ocrx_word' id='word_1_37' title='bbox 213 905 286 1013; x_wconf 90' lang='grc' dir='ltr'>γάρ</span> <span class='ocrx_word' id='word_1_38' title='bbox 308 945 380 992; x_wconf 89' lang='grc' dir='ltr'>που</span> <span class='ocrx_word' id='word_1_39' title='bbox 404 946 458 997; x_wconf 92' lang='grc' dir='ltr'>τις</span> <span class='ocrx_word' id='word_1_40' title='bbox 475 918 548 994; x_wconf 90' lang='grc' dir='ltr'>τῶν</span> <span class='ocrx_word' id='word_1_41' title='bbox 566 913 680 1016; x_wconf 83' lang='grc' dir='ltr'>ἁγίων</span> <span class='ocrx_word' id='word_1_42' title='bbox 697 917 868 1012; x_wconf 82' lang='grc' dir='ltr'>μαθητῶν</span> <span class='ocrx_word' id='word_1_43' title='bbox 893 906 984 991; x_wconf 78' lang='grc' dir='ltr'>“Σῦ</span> <span class='ocrx_word' id='word_1_44' title='bbox 1006 907 1185 991; x_wconf 78' lang='grc' dir='ltr'>πιστεύεις</span> <span class='ocrx_word' id='word_1_45' title='bbox 1203 905 1258 986; x_wconf 83' lang='grc' dir='ltr'>ότι</span> <span class='ocrx_word' id='word_1_46' title='bbox 1275 903 1354 990; x_wconf 70' lang='grc' dir='ltr'>εῖςθ</span> <span class='ocrx_word' id='word_1_47' title='bbox 1369 905 1491 1041; x_wconf 44' lang='grc' dir='ltr'>ξω</span> 
     </span>
     <span class='ocr_line' id='line_1_6' title="bbox 90 1029 1325 1136; baseline -0.002 -24"><span class='ocrx_word' id='word_1_48' title='bbox 90 1041 147 1124; x_wconf 83' lang='lat'>5“</span> <span class='ocrx_word' id='word_1_49' title='bbox 165 1034 265 1112; x_wconf 83' lang='grc' dir='ltr'>ἐστιν</span> <span class='ocrx_word' id='word_1_50' title='bbox 287 1034 307 1113; x_wconf 87' lang='grc' dir='ltr'><em>ὃ</em></span> <span class='ocrx_word' id='word_1_51' title='bbox 326 1032 429 1134; x_wconf 80' lang='grc' dir='ltr'>Θεὸς,</span> <span class='ocrx_word' id='word_1_52' title='bbox 454 1042 576 1122; x_wconf 89' lang='grc' dir='ltr'>καλῶς</span> <span class='ocrx_word' id='word_1_53' title='bbox 602 1042 724 1136; x_wconf 85' lang='grc' dir='ltr'>ποιεῖς,</span> <span class='ocrx_word' id='word_1_54' title='bbox 750 1037 809 1117; x_wconf 80' lang='grc' dir='ltr'>καὶ</span> <span class='ocrx_word' id='word_1_55' title='bbox 835 1031 1001 1135; x_wconf 86' lang='grc' dir='ltr'>δαιμόνιοι</span> <span class='ocrx_word' id='word_1_56' title='bbox 1022 1029 1246 1127; x_wconf 79' lang='grc' dir='ltr'>πιστεύουσι,</span> <span class='ocrx_word' id='word_1_57' title='bbox 1265 1031 1325 1110; x_wconf 82' lang='grc' dir='ltr'>καὶ</span> 
     </span>
     <span class='ocr_line' id='line_1_7' title="bbox 125 1152 1326 1265; baseline -0.003 -27"><span class='ocrx_word' id='word_1_58' title='bbox 125 1165 147 1204; x_wconf 88' lang='grc'><strong>“</strong></span> <span class='ocrx_word' id='word_1_59' title='bbox 165 1157 402 1262; x_wconf 90' lang='grc' dir='ltr'>φρίσσουσι.”</span> <span class='ocrx_word' id='word_1_60' title='bbox 439 1159 478 1240; x_wconf 88' lang='grc' dir='ltr'>τί</span> <span class='ocrx_word' id='word_1_61' title='bbox 498 1161 561 1240; x_wconf 78' lang='grc' dir='ltr'>οὖν</span> <span class='ocrx_word' id='word_1_62' title='bbox 579 1162 727 1265; x_wconf 80' lang='grc' dir='ltr'>ἐροῦμεν</span> <span class='ocrx_word' id='word_1_63' title='bbox 747 1157 840 1261; x_wconf 78' lang='grc' dir='ltr'>πρὸς</span> <span class='ocrx_word' id='word_1_64' title='bbox 857 1166 998 1253; x_wconf 87' lang='grc' dir='ltr'>τοῦτα;</span> <span class='ocrx_word' id='word_1_65' title='bbox 1027 1162 1105 1241; x_wconf 93' lang='grc' dir='ltr'>πῶς</span> <span class='ocrx_word' id='word_1_66' title='bbox 1130 1152 1326 1255; x_wconf 81' lang='grc' dir='ltr'>ἀληθεύσει</span> 
     </span>
     <span class='ocr_line' id='line_1_8' title="bbox 124 1277 1325 1387; baseline -0.002 -26"><span class='ocrx_word' id='word_1_67' title='bbox 124 1281 297 1385; x_wconf 85' lang='grc' dir='ltr'>Χριστὸς,</span> <span class='ocrx_word' id='word_1_68' title='bbox 320 1283 412 1387; x_wconf 78' lang='grc' dir='ltr'>ζωὴν</span> <span class='ocrx_word' id='word_1_69' title='bbox 439 1284 581 1366; x_wconf 75' lang='grc' dir='ltr'>αἰώνιον</span> <span class='ocrx_word' id='word_1_70' title='bbox 608 1281 695 1364; x_wconf 84' lang='grc' dir='ltr'>εἶναι</span> <span class='ocrx_word' id='word_1_71' title='bbox 723 1283 844 1386; x_wconf 82' lang='grc' dir='ltr'>λε’γων</span> <span class='ocrx_word' id='word_1_72' title='bbox 861 1281 904 1363; x_wconf 81' lang='grc' dir='ltr'>τὸ</span> <span class='ocrx_word' id='word_1_73' title='bbox 931 1287 1066 1385; x_wconf 89' lang='grc' dir='ltr'>γνῶναι</span> <span class='ocrx_word' id='word_1_74' title='bbox 1092 1277 1157 1362; x_wconf 80' lang='grc' dir='ltr'>τόν</span> <span class='ocrx_word' id='word_1_75' title='bbox 1178 1279 1241 1359; x_wconf 82' lang='grc' dir='ltr'>ἕνα</span> <span class='ocrx_word' id='word_1_76' title='bbox 1265 1280 1325 1360; x_wconf 78' lang='grc' dir='ltr'>καὶ</span> 
     </span>
     <span class='ocr_line' id='line_1_9' title="bbox 124 1401 1322 1513; baseline -0.001 -30"><span class='ocrx_word' id='word_1_77' title='bbox 124 1406 243 1505; x_wconf 93' lang='grc' dir='ltr'>ἀληθῆ</span> <span class='ocrx_word' id='word_1_78' title='bbox 272 1406 419 1511; x_wconf 80' lang='grc' dir='ltr'>Πατέρα</span> <span class='ocrx_word' id='word_1_79' title='bbox 445 1410 504 1488; x_wconf 83' lang='grc' dir='ltr'>καῖ</span> <span class='ocrx_word' id='word_1_80' title='bbox 532 1405 637 1505; x_wconf 84' lang='grc' dir='ltr'>Θεὸν,</span> <span class='ocrx_word' id='word_1_81' title='bbox 666 1410 725 1488; x_wconf 83' lang='grc' dir='ltr'>καὶ</span> <span class='ocrx_word' id='word_1_82' title='bbox 758 1403 830 1486; x_wconf 85' lang='grc' dir='ltr'>σῦν</span> <span class='ocrx_word' id='word_1_83' title='bbox 858 1407 954 1513; x_wconf 78' lang='grc' dir='ltr'>αὐτῷ</span> <span class='ocrx_word' id='word_1_84' title='bbox 984 1403 1048 1484; x_wconf 85' lang='grc' dir='ltr'>τὸν</span> <span class='ocrx_word' id='word_1_85' title='bbox 1074 1401 1192 1500; x_wconf 82' lang='grc' dir='ltr'>Υίόν;</span> <span class='ocrx_word' id='word_1_86' title='bbox 1238 1402 1322 1482; x_wconf 85' lang='grc' dir='ltr'>ἀλλ’</span> 
     </span>
     <span class='ocr_line' id='line_1_10' title="bbox 124 1523 1325 1632; baseline -0.002 -25"><span class='ocrx_word' id='word_1_87' title='bbox 124 1525 221 1626; x_wconf 82' lang='grc' dir='ltr'>οἶμαι</span> <span class='ocrx_word' id='word_1_88' title='bbox 239 1528 283 1630; x_wconf 84' lang='grc' dir='ltr'>δὴ</span> <span class='ocrx_word' id='word_1_89' title='bbox 301 1533 373 1611; x_wconf 85' lang='grc' dir='ltr'>δεῖν</span> <span class='ocrx_word' id='word_1_90' title='bbox 391 1527 483 1632; x_wconf 84' lang='grc' dir='ltr'>πρδς</span> <span class='ocrx_word' id='word_1_91' title='bbox 500 1538 606 1612; x_wconf 86' lang='grc' dir='ltr'>τοῦτο</span> <span class='ocrx_word' id='word_1_92' title='bbox 628 1536 747 1629; x_wconf 78' lang='grc' dir='ltr'>εἰπεῖν,</span> <span class='ocrx_word' id='word_1_93' title='bbox 767 1527 885 1630; x_wconf 73' lang='grc' dir='ltr'>ἀειδῆ</span> <span class='ocrx_word' id='word_1_94' title='bbox 901 1525 1045 1613; x_wconf 86' lang='grc' dir='ltr'>πάντως</span> <span class='ocrx_word' id='word_1_95' title='bbox 1063 1523 1203 1629; x_wconf 79' lang='grc' dir='ltr'>ἀληθὴς</span> <span class='ocrx_word' id='word_1_96' title='bbox 1221 1526 1325 1606; x_wconf 79' lang='grc' dir='ltr'>ἔσται</span> 
     </span>
     <span class='ocr_line' id='line_1_11' title="bbox 67 1651 1325 1758; baseline 0.002 -29"><span class='ocrx_word' id='word_1_97' title='bbox 67 1689 110 1730; x_wconf 86' lang='lat'>10</span> <span class='ocrx_word' id='word_1_98' title='bbox 123 1660 187 1732; x_wconf 90' lang='grc' dir='ltr'>τοῦ</span> <span class='ocrx_word' id='word_1_99' title='bbox 204 1657 371 1756; x_wconf 82' lang='grc' dir='ltr'>Σωτῆρος</span> <span class='ocrx_word' id='word_1_100' title='bbox 388 1654 408 1734; x_wconf 88' lang='grc' dir='ltr'><strong>ὁ</strong></span> <span class='ocrx_word' id='word_1_101' title='bbox 427 1651 547 1758; x_wconf 85' lang='grc' dir='ltr'>λόγος·</span> <span class='ocrx_word' id='word_1_102' title='bbox 586 1652 657 1758; x_wconf 82' lang='grc' dir='ltr'>ζωὴ</span> <span class='ocrx_word' id='word_1_103' title='bbox 674 1652 746 1757; x_wconf 87' lang='grc' dir='ltr'>γάρ</span> <span class='ocrx_word' id='word_1_104' title='bbox 764 1654 787 1754; x_wconf 85' lang='grc' dir='ltr'><em>ἡ</em></span> <span class='ocrx_word' id='word_1_105' title='bbox 804 1659 949 1757; x_wconf 90' lang='grc' dir='ltr'>γνῶσις,</span> <span class='ocrx_word' id='word_1_106' title='bbox 969 1654 1018 1736; x_wconf 86' lang='grc' dir='ltr'>ῶς</span> <span class='ocrx_word' id='word_1_107' title='bbox 1037 1651 1129 1752; x_wconf 82' lang='grc' dir='ltr'>ὅλην</span> <span class='ocrx_word' id='word_1_108' title='bbox 1146 1652 1325 1732; x_wconf 78' lang='grc' dir='ltr'>ὠδίνουσα</span> 
     </span>
     <span class='ocr_line' id='line_1_12' title="bbox 123 1774 1322 1881; baseline 0.005 -27"><span class='ocrx_word' id='word_1_109' title='bbox 123 1782 187 1855; x_wconf 87' lang='grc' dir='ltr'>τοῦ</span> <span class='ocrx_word' id='word_1_110' title='bbox 213 1778 414 1881; x_wconf 85' lang='grc' dir='ltr'>μυστηρίου</span> <span class='ocrx_word' id='word_1_111' title='bbox 440 1775 507 1878; x_wconf 86' lang='grc' dir='ltr'>τῆν</span> <span class='ocrx_word' id='word_1_112' title='bbox 524 1777 683 1877; x_wconf 80' lang='grc' dir='ltr'>δύναμιν,</span> <span class='ocrx_word' id='word_1_113' title='bbox 703 1779 763 1857; x_wconf 81' lang='grc' dir='ltr'>καί</span> <span class='ocrx_word' id='word_1_114' title='bbox 789 1775 1043 1880; x_wconf 78' lang='grc' dir='ltr'>είσκομίζουσα</span> <span class='ocrx_word' id='word_1_115' title='bbox 1064 1774 1136 1874; x_wconf 75' lang='grc' dir='ltr'>μὲν</span> <span class='ocrx_word' id='word_1_116' title='bbox 1160 1779 1224 1876; x_wconf 87' lang='grc' dir='ltr'>τῆς</span> <span class='ocrx_word' id='word_1_117' title='bbox 1250 1809 1322 1876; x_wconf 81' lang='grc' dir='ltr'>μν-</span> 
     </span>
     <span class='ocr_line' id='line_1_13' title="bbox 123 1895 1324 2009; baseline 0.001 -31"><span class='ocrx_word' id='word_1_118' title='bbox 123 1902 249 1998; x_wconf 85' lang='grc' dir='ltr'>στικῆς</span> <span class='ocrx_word' id='word_1_119' title='bbox 278 1901 443 2004; x_wconf 81' lang='grc' dir='ltr'>εὐλογίας</span> <span class='ocrx_word' id='word_1_120' title='bbox 470 1899 536 2003; x_wconf 80' lang='grc' dir='ltr'>τὴν</span> <span class='ocrx_word' id='word_1_121' title='bbox 562 1901 717 2009; x_wconf 81' lang='grc' dir='ltr'>μέθεξιν,</span> <span class='ocrx_word' id='word_1_122' title='bbox 736 1902 778 1981; x_wconf 87' lang='grc' dir='ltr'>δι’</span> <span class='ocrx_word' id='word_1_123' title='bbox 802 1901 845 2002; x_wconf 79' lang='grc' dir='ltr'>ῆς</span> <span class='ocrx_word' id='word_1_124' title='bbox 873 1905 924 2009; x_wconf 75' lang='grc' dir='ltr'>τῷ</span> <span class='ocrx_word' id='word_1_125' title='bbox 952 1897 1055 2002; x_wconf 78' lang='grc' dir='ltr'>ζῶντι</span> <span class='ocrx_word' id='word_1_126' title='bbox 1081 1901 1139 1980; x_wconf 86' lang='grc' dir='ltr'>καὶ</span> <span class='ocrx_word' id='word_1_127' title='bbox 1164 1895 1324 2008; x_wconf 77' lang='grc' dir='ltr'>ζωοποιηῖ</span> 
     </span>
     <span class='ocr_line' id='line_1_14' title="bbox 123 2021 1323 2134; baseline 0.001 -33"><span class='ocrx_word' id='word_1_128' title='bbox 123 2024 441 2124; x_wconf 84' lang='grc' dir='ltr'>προσοικειοῦμεθα</span> <span class='ocrx_word' id='word_1_129' title='bbox 459 2024 581 2134; x_wconf 81' lang='grc' dir='ltr'>Λόγῳ.</span> <span class='ocrx_word' id='word_1_130' title='bbox 621 2025 810 2124; x_wconf 85' lang='grc' dir='ltr'>σόσσωμα</span> <span class='ocrx_word' id='word_1_131' title='bbox 836 2021 909 2129; x_wconf 87' lang='grc' dir='ltr'>γάρ</span> <span class='ocrx_word' id='word_1_132' title='bbox 935 2028 994 2103; x_wconf 80' lang='grc' dir='ltr'>καὶ</span> <span class='ocrx_word' id='word_1_133' title='bbox 1020 2023 1233 2128; x_wconf 80' lang='grc' dir='ltr'>συμμίτοχα</span> <span class='ocrx_word' id='word_1_134' title='bbox 1258 2030 1323 2102; x_wconf 91' lang='grc' dir='ltr'>τοῦ</span> 
     </span>
     <span class='ocr_line' id='line_1_15' title="bbox 123 2145 1324 2250; baseline 0.002 -26"><span class='ocrx_word' id='word_1_135' title='bbox 123 2150 289 2248; x_wconf 87' lang='grc' dir='ltr'>Χριστοῦ</span> <span class='ocrx_word' id='word_1_136' title='bbox 312 2147 372 2227; x_wconf 82' lang='grc' dir='ltr'>διὰ</span> <span class='ocrx_word' id='word_1_137' title='bbox 395 2149 528 2247; x_wconf 81' lang='grc' dir='ltr'>ταύτην</span> <span class='ocrx_word' id='word_1_138' title='bbox 546 2145 643 2249; x_wconf 79' lang='grc' dir='ltr'>οἶμαι</span> <span class='ocrx_word' id='word_1_139' title='bbox 667 2147 734 2250; x_wconf 85' lang='grc' dir='ltr'>τῆν</span> <span class='ocrx_word' id='word_1_140' title='bbox 751 2149 867 2229; x_wconf 89' lang='grc' dir='ltr'>αῖτίαν</span> <span class='ocrx_word' id='word_1_141' title='bbox 885 2150 944 2230; x_wconf 84' lang='grc' dir='ltr'>καῖ</span> <span class='ocrx_word' id='word_1_142' title='bbox 963 2149 983 2228; x_wconf 86' lang='grc' dir='ltr'><strong><em>ὁ</em></strong></span> <span class='ocrx_word' id='word_1_143' title='bbox 1004 2152 1152 2230; x_wconf 87' lang='grc' dir='ltr'>Παῦλος</span> <span class='ocrx_word' id='word_1_144' title='bbox 1174 2145 1221 2226; x_wconf 79' lang='grc' dir='ltr'>τὰ</span> <span class='ocrx_word' id='word_1_145' title='bbox 1239 2145 1324 2246; x_wconf 78' lang='grc' dir='ltr'>ἔθνη</span> 
     </span>
     <span class='ocr_line' id='line_1_16' title="bbox 70 2269 1324 2379; baseline 0.003 -34"><span class='ocrx_word' id='word_1_146' title='bbox 70 2300 108 2362; x_wconf 85' lang='lat'>15</span> <span class='ocrx_word' id='word_1_147' title='bbox 123 2272 290 2372; x_wconf 84' lang='grc' dir='ltr'>γενέσθαι</span> <span class='ocrx_word' id='word_1_148' title='bbox 318 2274 445 2379; x_wconf 81' lang='grc' dir='ltr'>φησὶν,</span> <span class='ocrx_word' id='word_1_149' title='bbox 470 2272 533 2352; x_wconf 85' lang='grc' dir='ltr'>ἇτε</span> <span class='ocrx_word' id='word_1_150' title='bbox 560 2271 604 2372; x_wconf 82' lang='grc' dir='ltr'>δὴ</span> <span class='ocrx_word' id='word_1_151' title='bbox 631 2275 690 2352; x_wconf 81' lang='grc' dir='ltr'>καὶ</span> <span class='ocrx_word' id='word_1_152' title='bbox 717 2271 966 2378; x_wconf 88' lang='grc' dir='ltr'>μετεσχηκότα</span> <span class='ocrx_word' id='word_1_153' title='bbox 995 2273 1059 2370; x_wconf 87' lang='grc' dir='ltr'>τῆς</span> <span class='ocrx_word' id='word_1_154' title='bbox 1086 2270 1190 2372; x_wconf 90' lang='grc' dir='ltr'>ἀγίιις</span> <span class='ocrx_word' id='word_1_155' title='bbox 1215 2269 1324 2350; x_wconf 80' lang='grc' dir='ltr'>αὐτοῦ</span> 
     </span>
     <span class='ocr_line' id='line_1_17' title="bbox 123 2392 1449 2524; baseline 0.001 -52"><span class='ocrx_word' id='word_1_156' title='bbox 123 2392 260 2495; x_wconf 88' lang='grc' dir='ltr'>σαρκός</span> <span class='ocrx_word' id='word_1_157' title='bbox 283 2398 402 2476; x_wconf 77' lang='grc' dir='ltr'>τεκαὶ</span> <span class='ocrx_word' id='word_1_158' title='bbox 427 2395 588 2494; x_wconf 81' lang='grc' dir='ltr'>αἵματος.</span> <span class='ocrx_word' id='word_1_159' title='bbox 630 2396 771 2497; x_wconf 88' lang='grc' dir='ltr'>νοηθείη</span> <span class='ocrx_word' id='word_1_160' title='bbox 795 2397 826 2476; x_wconf 84' lang='grc' dir='ltr'>δ</span> <span class='ocrx_word' id='word_1_161' title='bbox 846 2394 891 2476; x_wconf 85' lang='grc' dir='ltr'>ἀν</span> <span class='ocrx_word' id='word_1_162' title='bbox 909 2397 1002 2476; x_wconf 85' lang='grc' dir='ltr'>οῦτω</span> <span class='ocrx_word' id='word_1_163' title='bbox 1029 2396 1087 2474; x_wconf 81' lang='grc' dir='ltr'>καὶ</span> <span class='ocrx_word' id='word_1_164' title='bbox 1111 2392 1207 2494; x_wconf 81' lang='grc' dir='ltr'>μίλη</span> <span class='ocrx_word' id='word_1_165' title='bbox 1224 2398 1319 2497; x_wconf 87' lang='grc' dir='ltr'>Χρι-</span> <span class='ocrx_word' id='word_1_166' title='bbox 1366 2394 1449 2524; x_wconf 49' lang='lat'>{5⁰1}</span> 
     </span>
     <span class='ocr_line' id='line_1_18' title="bbox 122 2516 1318 2624; baseline 0 -27"><span class='ocrx_word' id='word_1_167' title='bbox 122 2526 215 2598; x_wconf 90' lang='grc' dir='ltr'>στοῦ</span> <span class='ocrx_word' id='word_1_168' title='bbox 237 2516 283 2598; x_wconf 81' lang='grc' dir='ltr'>τὰ</span> <span class='ocrx_word' id='word_1_169' title='bbox 307 2519 460 2623; x_wconf 70' lang='grc' dir='ltr'>ἡμέτερα</span> <span class='ocrx_word' id='word_1_170' title='bbox 484 2517 592 2620; x_wconf 80' lang='grc' dir='ltr'>μίλη.</span> <span class='ocrx_word' id='word_1_171' title='bbox 628 2518 698 2622; x_wconf 76' lang='grc' dir='ltr'>ζωὴ</span> <span class='ocrx_word' id='word_1_172' title='bbox 725 2527 916 2624; x_wconf 86' lang='grc' dir='ltr'>τοιγαροῦν</span> <span class='ocrx_word' id='word_1_173' title='bbox 943 2519 965 2619; x_wconf 83' lang='grc' dir='ltr'><em>ἡ</em></span> <span class='ocrx_word' id='word_1_174' title='bbox 995 2524 1132 2620; x_wconf 89' lang='grc' dir='ltr'>γνῶσις</span> <span class='ocrx_word' id='word_1_175' title='bbox 1158 2519 1318 2618; x_wconf 79' lang='grc' dir='ltr'>εἰσκομί-</span> 
     </span>
     <span class='ocr_line' id='line_1_19' title="bbox 122 2639 1328 2754; baseline 0 -31"><span class='ocrx_word' id='word_1_176' title='bbox 122 2639 235 2744; x_wconf 60' lang='lat' dir='ltr'>§moa</span> <span class='ocrx_word' id='word_1_177' title='bbox 252 2640 342 2746; x_wconf 82' lang='grc' dir='ltr'>πρὸς</span> <span class='ocrx_word' id='word_1_178' title='bbox 359 2643 474 2754; x_wconf 79' lang='grc' dir='ltr'>τούτῳ</span> <span class='ocrx_word' id='word_1_179' title='bbox 492 2642 558 2745; x_wconf 84' lang='grc' dir='ltr'>τὴν</span> <span class='ocrx_word' id='word_1_180' title='bbox 577 2642 636 2724; x_wconf 82' lang='grc' dir='ltr'>διὰ</span> <span class='ocrx_word' id='word_1_181' title='bbox 654 2652 718 2725; x_wconf 87' lang='grc' dir='ltr'>τοῦ</span> <span class='ocrx_word' id='word_1_182' title='bbox 734 2644 944 2744; x_wconf 83' lang='grc' dir='ltr'>Πνεόμοτος</span> <span class='ocrx_word' id='word_1_183' title='bbox 957 2643 1137 2746; x_wconf 81' lang='grc' dir='ltr'>εὐλογίαν.</span> <span class='ocrx_word' id='word_1_184' title='bbox 1170 2649 1328 2724; x_wconf 83' lang='grc' dir='ltr'>κατοικεῖ</span> 
     </span>
     <span class='ocr_line' id='line_1_20' title="bbox 121 2763 1323 2874; baseline 0.005 -28"><span class='ocrx_word' id='word_1_185' title='bbox 121 2763 194 2869; x_wconf 88' lang='grc' dir='ltr'>γάρ</span> <span class='ocrx_word' id='word_1_186' title='bbox 221 2767 259 2847; x_wconf 80' lang='grc' dir='ltr'>ἐν</span> <span class='ocrx_word' id='word_1_187' title='bbox 285 2773 362 2853; x_wconf 89' lang='grc' dir='ltr'>ταῖς</span> <span class='ocrx_word' id='word_1_188' title='bbox 388 2769 546 2872; x_wconf 86' lang='grc' dir='ltr'>καρδίαις</span> <span class='ocrx_word' id='word_1_189' title='bbox 573 2768 684 2868; x_wconf 85' lang='grc' dir='ltr'>ἡμῶν,</span> <span class='ocrx_word' id='word_1_190' title='bbox 705 2771 940 2874; x_wconf 86' lang='grc' dir='ltr'>ἀναμορφοῦν</span> <span class='ocrx_word' id='word_1_191' title='bbox 963 2771 1011 2851; x_wconf 87' lang='grc' dir='ltr'>εῖς</span> <span class='ocrx_word' id='word_1_192' title='bbox 1039 2767 1220 2847; x_wconf 78' lang='grc' dir='ltr'>υἱοθεσίαν</span> <span class='ocrx_word' id='word_1_193' title='bbox 1241 2763 1323 2852; x_wconf 84' lang='grc' dir='ltr'>τοῦς</span> 
     </span>
     <span class='ocr_line' id='line_1_21' title="bbox 67 2890 1353 2999; baseline 0.001 -29"><span class='ocrx_word' id='word_1_194' title='bbox 67 2919 108 2960; x_wconf 80' lang='lat'>20</span> <span class='ocrx_word' id='word_1_195' title='bbox 123 2890 331 2995; x_wconf 75' lang='grc' dir='ltr'>δεχομένους</span> <span class='ocrx_word' id='word_1_196' title='bbox 358 2891 455 2991; x_wconf 79' lang='grc' dir='ltr'>αὐτὸ,</span> <span class='ocrx_word' id='word_1_197' title='bbox 477 2895 536 2972; x_wconf 75' lang='grc' dir='ltr'>καὶ</span> <span class='ocrx_word' id='word_1_198' title='bbox 563 2891 795 2974; x_wconf 84' lang='grc' dir='ltr'>ἀναπλάττον</span> <span class='ocrx_word' id='word_1_199' title='bbox 820 2897 868 2976; x_wconf 82' lang='grc' dir='ltr'>εἰς</span> <span class='ocrx_word' id='word_1_200' title='bbox 896 2890 1108 2999; x_wconf 82' lang='grc' dir='ltr'>ἀφθαρσίαν</span> <span class='ocrx_word' id='word_1_201' title='bbox 1131 2893 1190 2970; x_wconf 81' lang='grc' dir='ltr'>καὶ</span> <span class='ocrx_word' id='word_1_202' title='bbox 1218 2890 1353 2971; x_wconf 71' lang='grc' dir='ltr'>είισί-Θ</span> 
     </span>
     <span class='ocr_line' id='line_1_22' title="bbox 120 3013 1323 3123; baseline 0.001 -28"><span class='ocrx_word' id='word_1_203' title='bbox 120 3021 223 3110; x_wconf 81' lang='grc' dir='ltr'>βειαν</span> <span class='ocrx_word' id='word_1_204' title='bbox 241 3014 300 3095; x_wconf 81' lang='grc' dir='ltr'>διὰ</span> <span class='ocrx_word' id='word_1_205' title='bbox 321 3017 504 3100; x_wconf 90' lang='grc' dir='ltr'>πολιτείας</span> <span class='ocrx_word' id='word_1_206' title='bbox 528 3015 772 3118; x_wconf 84' lang='grc' dir='ltr'>εὐαγγελικῆς.</span> <span class='ocrx_word' id='word_1_207' title='bbox 812 3013 988 3123; x_wconf 80' lang='grc' dir='ltr'>πρόξενον</span> <span class='ocrx_word' id='word_1_208' title='bbox 1005 3015 1124 3095; x_wconf 90' lang='grc' dir='ltr'>τοίνυν</span> <span class='ocrx_word' id='word_1_209' title='bbox 1142 3017 1200 3096; x_wconf 79' lang='grc' dir='ltr'>κοῦ</span> <span class='ocrx_word' id='word_1_210' title='bbox 1218 3019 1323 3096; x_wconf 81' lang='grc' dir='ltr'>οἱονεὶ</span> 
     </span>
     <span class='ocr_line' id='line_1_23' title="bbox 120 3136 1322 3244; baseline 0 -24"><span class='ocrx_word' id='word_1_211' title='bbox 120 3137 393 3244; x_wconf 83' lang='grc' dir='ltr'>προμνήστριαν</span> <span class='ocrx_word' id='word_1_212' title='bbox 420 3145 493 3219; x_wconf 92' lang='grc' dir='ltr'>τῶν</span> <span class='ocrx_word' id='word_1_213' title='bbox 520 3138 712 3242; x_wconf 82' lang='grc' dir='ltr'>εῖρημίνων</span> <span class='ocrx_word' id='word_1_214' title='bbox 735 3141 892 3241; x_wconf 85' lang='grc' dir='ltr'>ἀγαθῶν,</span> <span class='ocrx_word' id='word_1_215' title='bbox 916 3136 982 3240; x_wconf 87' lang='grc' dir='ltr'>τὴν</span> <span class='ocrx_word' id='word_1_216' title='bbox 1004 3141 1052 3222; x_wconf 88' lang='grc' dir='ltr'>εῖς</span> <span class='ocrx_word' id='word_1_217' title='bbox 1080 3139 1162 3220; x_wconf 76' lang='grc' dir='ltr'>Θεῦν</span> <span class='ocrx_word' id='word_1_218' title='bbox 1186 3137 1239 3220; x_wconf 76' lang='grc' dir='ltr'>τλν</span> <span class='ocrx_word' id='word_1_219' title='bbox 1260 3138 1322 3220; x_wconf 80' lang='grc' dir='ltr'>ἕνα</span> 
     </span>
     <span class='ocr_line' id='line_1_24' title="bbox 120 3259 1321 3367; baseline 0.002 -25"><span class='ocrx_word' id='word_1_220' title='bbox 120 3265 179 3342; x_wconf 80' lang='grc' dir='ltr'>καὶ</span> <span class='ocrx_word' id='word_1_221' title='bbox 205 3259 352 3356; x_wconf 73' lang='grc' dir='ltr'>ἀληθινδι</span> <span class='ocrx_word' id='word_1_222' title='bbox 380 3261 616 3362; x_wconf 80' lang='grc' dir='ltr'>ἐπιστάμενος</span> <span class='ocrx_word' id='word_1_223' title='bbox 642 3269 781 3364; x_wconf 87' lang='grc' dir='ltr'>γνῶσιν</span> <span class='ocrx_word' id='word_1_224' title='bbox 804 3264 824 3343; x_wconf 87' lang='grc' dir='ltr'>ὁ</span> <span class='ocrx_word' id='word_1_225' title='bbox 848 3262 982 3367; x_wconf 82' lang='grc' dir='ltr'>Κύριος</span> <span class='ocrx_word' id='word_1_226' title='bbox 1009 3263 1110 3362; x_wconf 85' lang='grc' dir='ltr'>ἡμῶν</span> <span class='ocrx_word' id='word_1_227' title='bbox 1130 3259 1274 3363; x_wconf 81' lang='grc' dir='ltr'>Ἰησοῦς</span> <span class='ocrx_word' id='word_1_228' title='bbox 1301 3263 1321 3344; x_wconf 85' lang='grc' dir='ltr'><em>ὃ</em></span> 
     </span>
     <span class='ocr_line' id='line_1_25' title="bbox 120 3381 1321 3497; baseline 0 -29"><span class='ocrx_word' id='word_1_229' title='bbox 120 3383 294 3490; x_wconf 81' lang='grc' dir='ltr'>Χριστὸς,</span> <span class='ocrx_word' id='word_1_230' title='bbox 324 3383 410 3497; x_wconf 80' lang='grc' dir='ltr'>ζαῆν</span> <span class='ocrx_word' id='word_1_231' title='bbox 440 3381 531 3467; x_wconf 81' lang='grc' dir='ltr'>εἷναί</span> <span class='ocrx_word' id='word_1_232' title='bbox 557 3393 674 3495; x_wconf 90' lang='grc' dir='ltr'>φησιν</span> <span class='ocrx_word' id='word_1_233' title='bbox 701 3383 812 3488; x_wconf 79' lang='grc' dir='ltr'>σία-ῆν</span> <span class='ocrx_word' id='word_1_234' title='bbox 839 3385 906 3487; x_wconf 84' lang='grc' dir='ltr'>τὴν</span> <span class='ocrx_word' id='word_1_235' title='bbox 934 3387 1064 3468; x_wconf 78' lang='grc' dir='ltr'>αῖάνιον</span> <span class='ocrx_word' id='word_1_236' title='bbox 1100 3383 1164 3467; x_wconf 80' lang='grc' dir='ltr'>ἅτε</span> <span class='ocrx_word' id='word_1_237' title='bbox 1191 3383 1235 3486; x_wconf 80' lang='grc' dir='ltr'>δὴ</span> <span class='ocrx_word' id='word_1_238' title='bbox 1262 3390 1321 3468; x_wconf 79' lang='grc' dir='ltr'>καὶ</span> 
     </span>
     <span class='ocr_line' id='line_1_26' title="bbox 67 3507 1321 3618; baseline 0.003 -30"><span class='ocrx_word' id='word_1_239' title='bbox 67 3541 106 3603; x_wconf 79' lang='grc' dir='ltr'>ο5</span> <span class='ocrx_word' id='word_1_240' title='bbox 119 3511 256 3614; x_wconf 79' lang='grc' dir='ltr'>μητέρα</span> <span class='ocrx_word' id='word_1_241' title='bbox 287 3513 346 3591; x_wconf 78' lang='grc' dir='ltr'>καὶ</span> <span class='ocrx_word' id='word_1_242' title='bbox 382 3507 521 3618; x_wconf 79' lang='grc' dir='ltr'>τροφόν</span> <span class='ocrx_word' id='word_1_243' title='bbox 550 3515 615 3611; x_wconf 82' lang='grc' dir='ltr'>τῆς</span> <span class='ocrx_word' id='word_1_244' title='bbox 651 3512 793 3593; x_wconf 87' lang='grc' dir='ltr'>οῖωνίου</span> <span class='ocrx_word' id='word_1_245' title='bbox 825 3511 927 3617; x_wconf 76' lang='grc' dir='ltr'>ζωῆς,</span> <span class='ocrx_word' id='word_1_246' title='bbox 962 3511 1164 3592; x_wconf 87' lang='grc' dir='ltr'>ῶδίνουσάν</span> <span class='ocrx_word' id='word_1_247' title='bbox 1195 3508 1321 3616; x_wconf 85' lang='grc' dir='ltr'>ῶσπερ</span> 
     </span>
     <span class='ocr_line' id='line_1_27' title="bbox 119 3631 1320 3743; baseline 0 -29"><span class='ocrx_word' id='word_1_248' title='bbox 119 3635 158 3714; x_wconf 82' lang='grc' dir='ltr'>ἐν</span> <span class='ocrx_word' id='word_1_249' title='bbox 181 3634 251 3742; x_wconf 77' lang='grc' dir='ltr'>ῖδίᾳ</span> <span class='ocrx_word' id='word_1_250' title='bbox 268 3633 413 3735; x_wconf 81' lang='grc' dir='ltr'>δυνάμει</span> <span class='ocrx_word' id='word_1_251' title='bbox 439 3637 499 3715; x_wconf 79' lang='grc' dir='ltr'>καὶ</span> <span class='ocrx_word' id='word_1_252' title='bbox 527 3633 638 3743; x_wconf 77' lang='grc' dir='ltr'>φύσει</span> <span class='ocrx_word' id='word_1_253' title='bbox 666 3634 712 3716; x_wconf 81' lang='grc' dir='ltr'>τὰ</span> <span class='ocrx_word' id='word_1_254' title='bbox 736 3639 800 3736; x_wconf 86' lang='grc' dir='ltr'>τῆς</span> <span class='ocrx_word' id='word_1_255' title='bbox 824 3635 914 3741; x_wconf 77' lang='grc' dir='ltr'>ζωῆς</span> <span class='ocrx_word' id='word_1_256' title='bbox 939 3634 1035 3716; x_wconf 87' lang='grc' dir='ltr'>αίτιιι</span> <span class='ocrx_word' id='word_1_257' title='bbox 1054 3637 1114 3716; x_wconf 79' lang='grc' dir='ltr'>καὶ</span> <span class='ocrx_word' id='word_1_258' title='bbox 1136 3638 1184 3721; x_wconf 88' lang='grc' dir='ltr'>είς</span> <span class='ocrx_word' id='word_1_259' title='bbox 1208 3631 1320 3735; x_wconf 86' lang='grc' dir='ltr'>αῦτῆν</span> 
     </span>
     <span class='ocr_line' id='line_1_28' title="bbox 119 3755 359 3866; baseline -0.004 -28"><span class='ocrx_word' id='word_1_260' title='bbox 119 3755 359 3866; x_wconf 71' lang='grc' dir='ltr'>ἀποφέροιτο.</span> 
     </span>
     <span class='ocr_line' id='line_1_29' title="bbox 176 3877 1321 3993; baseline 0 -31"><span class='ocrx_word' id='word_1_261' title='bbox 176 3877 291 3982; x_wconf 80' lang='grc' dir='ltr'>Οἶμαι</span> <span class='ocrx_word' id='word_1_262' title='bbox 318 3881 357 3962; x_wconf 77' lang='grc' dir='ltr'>δὲ</span> <span class='ocrx_word' id='word_1_263' title='bbox 384 3887 457 3964; x_wconf 89' lang='grc' dir='ltr'>δεῖν</span> <span class='ocrx_word' id='word_1_264' title='bbox 477 3885 691 3988; x_wconf 83' lang='grc' dir='ltr'>ἐπιτηρῆσαι</span> <span class='ocrx_word' id='word_1_265' title='bbox 714 3889 938 3993; x_wconf 86' lang='grc' dir='ltr'>φιλομαθῶς,</span> <span class='ocrx_word' id='word_1_266' title='bbox 959 3881 1052 3966; x_wconf 77' lang='grc' dir='ltr'>κατὰ</span> <span class='ocrx_word' id='word_1_267' title='bbox 1079 3885 1159 3966; x_wconf 90' lang='grc' dir='ltr'>τίνα</span> <span class='ocrx_word' id='word_1_268' title='bbox 1186 3881 1321 3987; x_wconf 92' lang='grc' dir='ltr'>τρόπον</span> 
     </span>
     <span class='ocr_line' id='line_1_30' title="bbox 118 4003 1484 4111; baseline 0.002 -28"><span class='ocrx_word' id='word_1_269' title='bbox 118 4005 157 4084; x_wconf 88' lang='grc' dir='ltr'>ε’ν</span> <span class='ocrx_word' id='word_1_270' title='bbox 180 4004 263 4104; x_wconf 89' lang='grc' dir='ltr'>ἡμῖν</span> <span class='ocrx_word' id='word_1_271' title='bbox 286 4003 421 4108; x_wconf 80' lang='grc' dir='ltr'>εἴρηκεν</span> <span class='ocrx_word' id='word_1_272' title='bbox 448 4005 649 4111; x_wconf 82' lang='grc' dir='ltr'>όΧριστὸς</span> <span class='ocrx_word' id='word_1_273' title='bbox 676 4005 743 4108; x_wconf 79' lang='grc' dir='ltr'>τὴν</span> <span class='ocrx_word' id='word_1_274' title='bbox 763 4005 989 4108; x_wconf 78' lang='grc' dir='ltr'>τελειοτάτην</span> <span class='ocrx_word' id='word_1_275' title='bbox 1015 4011 1349 4110; x_wconf 63' lang='grc' dir='ltr'>ἀποπληροῦσθαιε</span> <span class='ocrx_word' id='word_1_276' title='bbox 1368 4021 1484 4079; x_wconf 69' lang='lat' dir='ltr'>OM</span> 
     </span>
     <span class='ocr_line' id='line_1_31' title="bbox 67 4127 1319 4237; baseline -0.002 -22"><span class='ocrx_word' id='word_1_277' title='bbox 67 4154 106 4215; x_wconf 82' lang='lat'>30</span> <span class='ocrx_word' id='word_1_278' title='bbox 118 4134 257 4232; x_wconf 90' lang='grc' dir='ltr'>γνῶσιν</span> <span class='ocrx_word' id='word_1_279' title='bbox 273 4136 337 4209; x_wconf 93' lang='grc' dir='ltr'>τοῦ</span> <span class='ocrx_word' id='word_1_280' title='bbox 364 4127 476 4230; x_wconf 88' lang='grc' dir='ltr'>μόνον</span> <span class='ocrx_word' id='word_1_281' title='bbox 497 4132 556 4210; x_wconf 83' lang='grc' dir='ltr'>καὶ</span> <span class='ocrx_word' id='word_1_282' title='bbox 583 4129 675 4212; x_wconf 87' lang='grc' dir='ltr'>κατά</span> <span class='ocrx_word' id='word_1_283' title='bbox 696 4131 870 4233; x_wconf 81' lang='grc' dir='ltr'>ἀλήθειαν</span> <span class='ocrx_word' id='word_1_284' title='bbox 886 4129 990 4216; x_wconf 83' lang='grc' dir='ltr'>ὄντος</span> <span class='ocrx_word' id='word_1_285' title='bbox 1009 4136 1118 4212; x_wconf 85' lang='grc' dir='ltr'>θεοῦ.</span> <span class='ocrx_word' id='word_1_286' title='bbox 1157 4129 1222 4213; x_wconf 80' lang='grc' dir='ltr'>θέα</span> <span class='ocrx_word' id='word_1_287' title='bbox 1246 4130 1319 4237; x_wconf 84' lang='grc' dir='ltr'>γάρ</span> 
     </span>
     <span class='ocr_line' id='line_1_32' title="bbox 117 4249 1318 4362; baseline 0.003 -28"><span class='ocrx_word' id='word_1_288' title='bbox 117 4249 215 4337; x_wconf 73' lang='grc' dir='ltr'>ὅπως</span> <span class='ocrx_word' id='word_1_289' title='bbox 238 4253 281 4333; x_wconf 89' lang='grc' dir='ltr'>οῦ</span> <span class='ocrx_word' id='word_1_290' title='bbox 308 4251 391 4358; x_wconf 89' lang='grc' dir='ltr'>δίχα</span> <span class='ocrx_word' id='word_1_291' title='bbox 414 4256 479 4354; x_wconf 80' lang='grc' dir='ltr'>τῆς</span> <span class='ocrx_word' id='word_1_292' title='bbox 500 4253 557 4362; x_wconf 81' lang='grc' dir='ltr'>ἐφ’</span> <span class='ocrx_word' id='word_1_293' title='bbox 577 4258 656 4362; x_wconf 78' lang='grc' dir='ltr'>Υῖφ</span> <span class='ocrx_word' id='word_1_294' title='bbox 682 4256 831 4359; x_wconf 85' lang='grc' dir='ltr'>θεωρίας</span> <span class='ocrx_word' id='word_1_295' title='bbox 855 4254 1027 4358; x_wconf 88' lang='grc' dir='ltr'>γίγνεται,</span> <span class='ocrx_word' id='word_1_296' title='bbox 1055 4257 1170 4355; x_wconf 85' lang='grc' dir='ltr'>δῆλον</span> <span class='ocrx_word' id='word_1_297' title='bbox 1195 4255 1234 4336; x_wconf 82' lang='grc' dir='ltr'>δὲ</span> <span class='ocrx_word' id='word_1_298' title='bbox 1261 4255 1318 4338; x_wconf 78' lang='grc' dir='ltr'>ότι</span> 
     </span>
    </p>
   </div>
   <div class='ocr_carea' id='block_1_3' title="bbox 1336 1999 1484 2116">
    <p class='ocr_par' dir='ltr' id='par_1_3' title="bbox 1336 1999 1484 2116">
     <span class='ocr_line' id='line_1_33' title="bbox 1336 1999 1484 2116; baseline 0.007 -65"><span class='ocrx_word' id='word_1_299' title='bbox 1336 1999 1435 2116; x_wconf 61' lang='grc' dir='ltr'>ᾶέρδ.</span> <span class='ocrx_word' id='word_1_300' title='bbox 1448 2000 1484 2052; x_wconf 79' lang='lat' dir='ltr'><strong>iii.</strong></span> 
     </span>
    </p>
   </div>
   <div class='ocr_carea' id='block_1_4' title="bbox 119 4545 1318 4690">
    <p class='ocr_par' dir='ltr' id='par_1_4' title="bbox 119 4545 1318 4690">
     <span class='ocr_line' id='line_1_34' title="bbox 156 4545 1318 4640; baseline 0.006 -38"><span class='ocrx_word' id='word_1_301' title='bbox 156 4546 198 4603; x_wconf 81' lang='lat'>16.</span> <span class='ocrx_word' id='word_1_302' title='bbox 217 4545 347 4630; x_wconf 56' lang='lat' dir='ltr'>W]</span> <span class='ocrx_word' id='word_1_303' title='bbox 360 4551 429 4605; x_wconf 79' lang='grc' dir='ltr'>θεοῦ</span> <span class='ocrx_word' id='word_1_304' title='bbox 441 4549 474 4606; x_wconf 82' lang='grc' dir='ltr'>Ε.</span> <span class='ocrx_word' id='word_1_305' title='bbox 487 4549 505 4582; x_wconf 80' lang='lat'>‘⁶</span> <span class='ocrx_word' id='word_1_306' title='bbox 514 4547 640 4640; x_wconf 59' lang='lat' dir='ltr'>Chrinfis&#39;</span> <span class='ocrx_word' id='word_1_307' title='bbox 653 4547 734 4640; x_wconf 53' lang='lat' dir='ltr'>habe}</span> <span class='ocrx_word' id='word_1_308' title='bbox 745 4545 803 4604; x_wconf 77' lang='lat' dir='ltr'>Geo</span> <span class='ocrx_word' id='word_1_309' title='bbox 835 4547 937 4622; x_wconf 83' lang='grc' dir='ltr'>.Ί’τιρ.</span> <span class='ocrx_word' id='word_1_310' title='bbox 949 4554 1066 4620; x_wconf 75' lang='grc' dir='ltr'>Χριστοῦ</span> <span class='ocrx_word' id='word_1_311' title='bbox 1079 4551 1112 4608; x_wconf 73' lang='grc' dir='ltr'>τὰ</span> <span class='ocrx_word' id='word_1_312' title='bbox 1125 4549 1236 4624; x_wconf 71' lang='grc' dir='ltr'>ἦμίςιρο</span> <span class='ocrx_word' id='word_1_313' title='bbox 1251 4553 1318 4624; x_wconf 76' lang='grc' dir='ltr'>μιλη</span> 
     </span>
     <span class='ocr_line' id='line_1_35' title="bbox 119 4617 842 4690; baseline 0.003 -16"><span class='ocrx_word' id='word_1_314' title='bbox 119 4635 173 4674; x_wconf 82' lang='lat' dir='ltr'>om.</span> <span class='ocrx_word' id='word_1_315' title='bbox 187 4617 290 4690; x_wconf 67' lang='lat' dir='ltr'><strong>Magne.</strong></span> <span class='ocrx_word' id='word_1_316' title='bbox 504 4619 547 4677; x_wconf 76' lang='grc' dir='ltr'>τό.</span> <span class='ocrx_word' id='word_1_317' title='bbox 565 4620 645 4688; x_wconf 79' lang='grc' dir='ltr'>οϋιηι</span> <span class='ocrx_word' id='word_1_318' title='bbox 657 4619 689 4676; x_wconf 81' lang='grc' dir='ltr'>Ε.</span> <span class='ocrx_word' id='word_1_319' title='bbox 702 4621 779 4676; x_wconf 77' lang='grc' dir='ltr'>αυτὸν</span> <span class='ocrx_word' id='word_1_320' title='bbox 835 4661 842 4676; x_wconf 94' lang='grc'>.</span> 
     </span>
    </p>
   </div>
   <div class='ocr_carea' id='block_1_5' title="bbox 0 0 1624 5114">
    <p class='ocr_par' dir='ltr' id='par_1_5' title="bbox 0 0 1624 5114">
     <span class='ocr_line' id='line_1_36' title="bbox 0 0 1624 5114; baseline 0 1"><span class='ocrx_word' id='word_1_321' title='bbox 0 0 1624 5114; x_wconf 95' lang='lat' dir='ltr'> </span> 
     </span>
    </p>
   </div>
  </div>
 </body>
</html>
