<?xml version="1.0" encoding="UTF-8"?>
<!DOCTYPE html PUBLIC "-//W3C//DTD XHTML 1.0 Transitional//EN"
    "http://www.w3.org/TR/xhtml1/DTD/xhtml1-transitional.dtd">
<html xmlns="http://www.w3.org/1999/xhtml" xml:lang="en" lang="en">
 <head>
  <title>
</title>
<meta http-equiv="Content-Type" content="text/html;charset=utf-8" />
  <meta name='ocr-system' content='tesseract 3.04.00' />
  <meta name='ocr-capabilities' content='ocr_page ocr_carea ocr_par ocr_line ocrx_word'/>
</head>
<body>
  <div class='ocr_page' id='page_1' title='image "./sanctipatrisnos02pusegoog_0523.png"; bbox 0 0 3248 5112; ppageno 0'>
   <div class='ocr_carea' id='block_1_1' title="bbox 172 369 1366 444">
    <p class='ocr_par' dir='ltr' id='par_1_1' title="bbox 172 369 1366 444">
     <span class='ocr_line' id='line_1_1' title="bbox 172 369 1366 444; baseline 0.004 -10"><span class='ocrx_word' id='word_1_1' title='bbox 172 369 302 444; x_wconf 70' lang='lat' dir='ltr'><strong>ximo.</strong></span> <span class='ocrx_word' id='word_1_2' title='bbox 356 373 414 440; x_wconf 94' lang='lat' dir='ltr'>IN</span> <span class='ocrx_word' id='word_1_3' title='bbox 444 375 758 444; x_wconf 86' lang='lat' dir='ltr'><strong>S.JOANNEM.</strong></span> <span class='ocrx_word' id='word_1_4' title='bbox 804 377 900 444; x_wconf 87' lang='lat' dir='ltr'><strong>LIB.</strong></span> <span class='ocrx_word' id='word_1_5' title='bbox 924 377 984 443; x_wconf 90' lang='lat' dir='ltr'>IX.</span> <span class='ocrx_word' id='word_1_6' title='bbox 1031 377 1134 444; x_wconf 83' lang='lat' dir='ltr'><strong>CAP.</strong></span> <span class='ocrx_word' id='word_1_7' title='bbox 1157 377 1187 442; x_wconf 93' lang='lat'>1.</span> <span class='ocrx_word' id='word_1_8' title='bbox 1304 377 1366 440; x_wconf 82' lang='lat'>481</span> 
     </span>
    </p>
   </div>
   <div class='ocr_carea' id='block_1_2' title="bbox 120 536 1538 4362">
    <p class='ocr_par' dir='ltr' id='par_1_2' title="bbox 120 536 1538 4362">
     <span class='ocr_line' id='line_1_2' title="bbox 173 536 1371 697; baseline -0.003 -77"><span class='ocrx_word' id='word_1_9' title='bbox 173 555 288 636; x_wconf 79' lang='grc' dir='ltr'>μενος,</span> <span class='ocrx_word' id='word_1_10' title='bbox 308 547 371 619; x_wconf 92' lang='grc' dir='ltr'>νῦν</span> <span class='ocrx_word' id='word_1_11' title='bbox 392 540 521 642; x_wconf 75' lang='grc' dir='ltr'>ἴδωμεν</span> <span class='ocrx_word' id='word_1_12' title='bbox 537 547 602 643; x_wconf 83' lang='grc' dir='ltr'>τῆς</span> <span class='ocrx_word' id='word_1_13' title='bbox 628 551 692 624; x_wconf 91' lang='grc' dir='ltr'>τοῦ</span> <span class='ocrx_word' id='word_1_14' title='bbox 720 549 950 697; x_wconf 86' lang='grc' dir='ltr'>Μονογενρῦς</span> <span class='ocrx_word' id='word_1_15' title='bbox 977 539 1279 644; x_wconf 81' lang='grc' dir='ltr'>εὐανθρωπήσεως</span> <span class='ocrx_word' id='word_1_16' title='bbox 1305 536 1371 617; x_wconf 86' lang='grc' dir='ltr'>τὸν</span> 
     </span>
     <span class='ocr_line' id='line_1_3' title="bbox 174 659 1369 816; baseline 0.001 -76"><span class='ocrx_word' id='word_1_17' title='bbox 174 659 328 742; x_wconf 90' lang='grc' dir='ltr'>σκοπόν·</span> <span class='ocrx_word' id='word_1_18' title='bbox 359 664 443 768; x_wconf 88' lang='grc' dir='ltr'>φέρε</span> <span class='ocrx_word' id='word_1_19' title='bbox 471 665 780 766; x_wconf 80' lang='grc' dir='ltr'>δοκιμάσωμεν</span> <span class='ocrx_word' id='word_1_20' title='bbox 740 703 807 768; x_wconf 89' lang='grc' dir='ltr'>την</span> <span class='ocrx_word' id='word_1_21' title='bbox 825 669 951 767; x_wconf 79' lang='grc' dir='ltr'>αἰτίαν,</span> <span class='ocrx_word' id='word_1_22' title='bbox 970 664 1053 747; x_wconf 86' lang='grc' dir='ltr'>δι’</span> <span class='ocrx_word' id='word_1_23' title='bbox 1033 701 1078 766; x_wconf 92' lang='grc' dir='ltr'>ην</span> <span class='ocrx_word' id='word_1_24' title='bbox 1096 668 1133 745; x_wconf 88' lang='grc' dir='ltr'>έν</span> <span class='ocrx_word' id='word_1_25' title='bbox 1149 669 1278 816; x_wconf 83' lang='grc' dir='ltr'>μορφῇ</span> <span class='ocrx_word' id='word_1_26' title='bbox 1304 669 1369 742; x_wconf 94' lang='grc' dir='ltr'>τοῦ</span> 
     </span>
     <span class='ocr_line' id='line_1_4' title="bbox 175 787 1520 920; baseline 0.003 -57"><span class='ocrx_word' id='word_1_27' title='bbox 175 788 271 864; x_wconf 84' lang='grc' dir='ltr'>θεοῦ</span> <span class='ocrx_word' id='word_1_28' title='bbox 288 821 346 866; x_wconf 92' lang='grc' dir='ltr'>και</span> <span class='ocrx_word' id='word_1_29' title='bbox 334 789 544 895; x_wconf 80' lang='grc' dir='ltr'>Πατρός</span> <span class='ocrx_word' id='word_1_30' title='bbox 526 790 696 898; x_wconf 86' lang='grc' dir='ltr'>υπάρχων</span> <span class='ocrx_word' id='word_1_31' title='bbox 712 797 760 878; x_wconf 87' lang='grc' dir='ltr'>ὡς</span> <span class='ocrx_word' id='word_1_32' title='bbox 773 793 903 890; x_wconf 86' lang='grc' dir='ltr'>Θεὸς,“</span> <span class='ocrx_word' id='word_1_33' title='bbox 912 794 979 899; x_wconf 84' lang='grc' dir='ltr'>οὐχ</span> <span class='ocrx_word' id='word_1_34' title='bbox 997 789 1189 896; x_wconf 82' lang='grc' dir='ltr'>ἁρπαγμὸν</span> <span class='ocrx_word' id='word_1_35' title='bbox 1203 787 1368 891; x_wconf 79' lang='grc' dir='ltr'>ἡγήσατο</span> <span class='ocrx_word' id='word_1_36' title='bbox 1415 787 1520 920; x_wconf 49' lang='grc' dir='ltr'>ΡΨ</span> 
     </span>
     <span class='ocr_line' id='line_1_5' title="bbox 174 905 1403 1024; baseline 0.001 -36.035"><span class='ocrx_word' id='word_1_37' title='bbox 174 915 257 988; x_wconf 76' lang='lat' dir='ltr'>“ro</span> <span class='ocrx_word' id='word_1_38' title='bbox 240 905 415 990; x_wconf 64' lang='grc' dir='ltr'>εἶναι’</span> <span class='ocrx_word' id='word_1_39' title='bbox 400 947 463 992; x_wconf 91' lang='grc' dir='ltr'>ισα</span> <span class='ocrx_word' id='word_1_40' title='bbox 491 919 584 1024; x_wconf 73' lang='grc' dir='ltr'>Θεῷ,</span> <span class='ocrx_word' id='word_1_41' title='bbox 612 915 744 996; x_wconf 72' lang='grc' dir='ltr'>ἀλλΗ</span> <span class='ocrx_word' id='word_1_42' title='bbox 726 915 852 998; x_wconf 80' lang='grc' dir='ltr'>εαυτὸν</span> <span class='ocrx_word' id='word_1_43' title='bbox 879 916 1029 996; x_wconf 87' lang='grc' dir='ltr'>ε’κένωσε</span> <span class='ocrx_word' id='word_1_44' title='bbox 1057 909 1204 1020; x_wconf 82' lang='grc' dir='ltr'>μορφὴν</span> <span class='ocrx_word' id='word_1_45' title='bbox 1236 912 1403 992; x_wconf 78' lang='grc' dir='ltr'>δούλουᾱ</span> 
     </span>
     <span class='ocr_line' id='line_1_6' title="bbox 142 1031 1367 1146; baseline 0.008 -33"><span class='ocrx_word' id='word_1_46' title='bbox 142 1039 197 1110; x_wconf 86' lang='lat'>5“</span> <span class='ocrx_word' id='word_1_47' title='bbox 216 1031 353 1132; x_wconf 77' lang='grc' dir='ltr'>λαβὼν,</span> <span class='ocrx_word' id='word_1_48' title='bbox 379 1038 437 1116; x_wconf 78' lang='grc' dir='ltr'>καὶ</span> <span class='ocrx_word' id='word_1_49' title='bbox 467 1039 625 1138; x_wconf 75' lang='grc' dir='ltr'>ι’τιτεμεινε</span> <span class='ocrx_word' id='word_1_50' title='bbox 656 1039 817 1144; x_wconf 79' lang='grc' dir='ltr'>σταυρόν</span> <span class='ocrx_word' id='word_1_51' title='bbox 849 1040 1024 1146; x_wconf 75' lang='grc' dir='ltr'>αἰσχύνης</span> <span class='ocrx_word' id='word_1_52' title='bbox 1053 1034 1367 1143; x_wconf 53' lang='grc' dir='ltr'>καταφρονήσαςΫ</span> 
     </span>
     <span class='ocr_line' id='line_1_7' title="bbox 174 1153 1369 1267; baseline 0.004 -33"><span class='ocrx_word' id='word_1_53' title='bbox 174 1153 278 1236; x_wconf 78' lang='grc' dir='ltr'>ἔσται</span> <span class='ocrx_word' id='word_1_54' title='bbox 295 1157 367 1262; x_wconf 89' lang='grc' dir='ltr'>γάρ</span> <span class='ocrx_word' id='word_1_55' title='bbox 386 1161 478 1241; x_wconf 82' lang='grc' dir='ltr'>οὕτω</span> <span class='ocrx_word' id='word_1_56' title='bbox 495 1165 554 1242; x_wconf 84' lang='grc' dir='ltr'>καὶ</span> <span class='ocrx_word' id='word_1_57' title='bbox 571 1163 677 1263; x_wconf 91' lang='grc' dir='ltr'>μόλις</span> <span class='ocrx_word' id='word_1_58' title='bbox 696 1165 926 1262; x_wconf 85' lang='grc' dir='ltr'>εὐσύνοπτον,</span> <span class='ocrx_word' id='word_1_59' title='bbox 945 1161 1036 1245; x_wconf 87' lang='grc' dir='ltr'>κατά</span> <span class='ocrx_word' id='word_1_60' title='bbox 1055 1197 1097 1264; x_wconf 94' lang='grc' dir='ltr'>γε</span> <span class='ocrx_word' id='word_1_61' title='bbox 1115 1159 1157 1241; x_wconf 85' lang='grc' dir='ltr'>τὸ</span> <span class='ocrx_word' id='word_1_62' title='bbox 1176 1163 1369 1267; x_wconf 81' lang='grc' dir='ltr'>ἐγχωροῦν,</span> 
     </span>
     <span class='ocr_line' id='line_1_8' title="bbox 174 1283 1370 1390; baseline 0.003 -32"><span class='ocrx_word' id='word_1_63' title='bbox 174 1285 248 1359; x_wconf 82' lang='grc' dir='ltr'>τῶν</span> <span class='ocrx_word' id='word_1_64' title='bbox 264 1283 505 1384; x_wconf 78' lang='grc' dir='ltr'>προκειμένων</span> <span class='ocrx_word' id='word_1_65' title='bbox 521 1285 564 1366; x_wconf 84' lang='grc' dir='ltr'>τὸ</span> <span class='ocrx_word' id='word_1_66' title='bbox 582 1287 708 1381; x_wconf 80' lang='grc' dir='ltr'>βάθος.</span> <span class='ocrx_word' id='word_1_67' title='bbox 746 1285 963 1390; x_wconf 84' lang='grc' dir='ltr'>γνωσόμεθα</span> <span class='ocrx_word' id='word_1_68' title='bbox 989 1290 1027 1366; x_wconf 83' lang='grc' dir='ltr'>δὲ</span> <span class='ocrx_word' id='word_1_69' title='bbox 1052 1292 1129 1370; x_wconf 83' lang='grc' dir='ltr'>πῶς</span> <span class='ocrx_word' id='word_1_70' title='bbox 1145 1284 1211 1382; x_wconf 90' lang='grc' dir='ltr'>μέν</span> <span class='ocrx_word' id='word_1_71' title='bbox 1229 1286 1330 1364; x_wconf 85' lang='grc' dir='ltr'>ἐστιν</span> <span class='ocrx_word' id='word_1_72' title='bbox 1349 1283 1370 1361; x_wconf 91' lang='lat'>6</span> 
     </span>
     <span class='ocr_line' id='line_1_9' title="bbox 174 1402 1370 1518; baseline 0.001 -34"><span class='ocrx_word' id='word_1_73' title='bbox 174 1402 263 1488; x_wconf 76' lang='grc' dir='ltr'>Υἱὸς</span> <span class='ocrx_word' id='word_1_74' title='bbox 284 1407 322 1486; x_wconf 87' lang='grc' dir='ltr'>έν</span> <span class='ocrx_word' id='word_1_75' title='bbox 342 1413 472 1513; x_wconf 77' lang='grc' dir='ltr'>Πατρὶ,</span> <span class='ocrx_word' id='word_1_76' title='bbox 491 1417 654 1518; x_wconf 77' lang='grc' dir='ltr'>φυσικῶς</span> <span class='ocrx_word' id='word_1_77' title='bbox 673 1409 840 1512; x_wconf 85' lang='grc' dir='ltr'>δηλονότι</span> <span class='ocrx_word' id='word_1_78' title='bbox 858 1414 917 1492; x_wconf 82' lang='grc' dir='ltr'>καὶ</span> <span class='ocrx_word' id='word_1_79' title='bbox 935 1412 977 1492; x_wconf 87' lang='grc' dir='ltr'>οῦ</span> <span class='ocrx_word' id='word_1_80' title='bbox 995 1409 1086 1492; x_wconf 86' lang='grc' dir='ltr'>κατά</span> <span class='ocrx_word' id='word_1_81' title='bbox 1104 1443 1146 1512; x_wconf 91' lang='grc' dir='ltr'>γε</span> <span class='ocrx_word' id='word_1_82' title='bbox 1165 1407 1230 1507; x_wconf 81' lang='grc' dir='ltr'>τὴν</span> <span class='ocrx_word' id='word_1_83' title='bbox 1249 1409 1288 1487; x_wconf 88' lang='grc' dir='ltr'>έκ</span> <span class='ocrx_word' id='word_1_84' title='bbox 1307 1413 1370 1486; x_wconf 91' lang='grc' dir='ltr'>τοῦ</span> 
     </span>
     <span class='ocr_line' id='line_1_10' title="bbox 174 1529 1369 1640; baseline 0.002 -32"><span class='ocrx_word' id='word_1_85' title='bbox 174 1531 387 1630; x_wconf 83' lang='grc' dir='ltr'>ἀγαπᾶσθαι</span> <span class='ocrx_word' id='word_1_86' title='bbox 414 1536 472 1614; x_wconf 79' lang='grc' dir='ltr'>καὶ</span> <span class='ocrx_word' id='word_1_87' title='bbox 501 1537 647 1636; x_wconf 81' lang='grc' dir='ltr'>ἀγαπᾶν</span> <span class='ocrx_word' id='word_1_88' title='bbox 671 1537 919 1638; x_wconf 87' lang='grc' dir='ltr'>ε’πινοηθεΐσαν</span> <span class='ocrx_word' id='word_1_89' title='bbox 943 1534 1076 1640; x_wconf 88' lang='grc' dir='ltr'>σχέσιν</span> <span class='ocrx_word' id='word_1_90' title='bbox 1101 1529 1202 1634; x_wconf 82' lang='grc' dir='ltr'>παρὰ</span> <span class='ocrx_word' id='word_1_91' title='bbox 1229 1537 1302 1610; x_wconf 83' lang='grc' dir='ltr'>τῶν</span> <span class='ocrx_word' id='word_1_92' title='bbox 1325 1530 1369 1610; x_wconf 85' lang='grc' dir='ltr'>δι’</span> 
     </span>
     <span class='ocr_line' id='line_1_11' title="bbox 124 1653 1371 1768; baseline 0 -36"><span class='ocrx_word' id='word_1_93' title='bbox 124 1654 345 1740; x_wconf 82' lang='grc' dir='ltr'>ῐοέναντίας·</span> <span class='ocrx_word' id='word_1_94' title='bbox 373 1657 473 1756; x_wconf 82' lang='grc' dir='ltr'>ἡμεῖς</span> <span class='ocrx_word' id='word_1_95' title='bbox 501 1657 539 1738; x_wconf 76' lang='grc' dir='ltr'>δέ</span> <span class='ocrx_word' id='word_1_96' title='bbox 560 1660 606 1738; x_wconf 77' lang='grc' dir='ltr'>αὖ</span> <span class='ocrx_word' id='word_1_97' title='bbox 630 1658 744 1740; x_wconf 82' lang='grc' dir='ltr'>πόλιν</span> <span class='ocrx_word' id='word_1_98' title='bbox 762 1663 800 1740; x_wconf 86' lang='grc' dir='ltr'>έν</span> <span class='ocrx_word' id='word_1_99' title='bbox 818 1662 914 1768; x_wconf 79' lang='grc' dir='ltr'>αὐτῷ</span> <span class='ocrx_word' id='word_1_100' title='bbox 940 1656 1033 1741; x_wconf 77' lang='grc' dir='ltr'>κατὰ</span> <span class='ocrx_word' id='word_1_101' title='bbox 1057 1657 1120 1738; x_wconf 85' lang='grc' dir='ltr'>τὸν</span> <span class='ocrx_word' id='word_1_102' title='bbox 1136 1656 1219 1736; x_wconf 87' lang='grc' dir='ltr'>’ίσον</span> <span class='ocrx_word' id='word_1_103' title='bbox 1236 1653 1371 1758; x_wconf 86' lang='grc' dir='ltr'>τρόπον</span> 
     </span>
     <span class='ocr_line' id='line_1_12' title="bbox 175 1778 1372 1884; baseline 0 -28"><span class='ocrx_word' id='word_1_104' title='bbox 175 1781 233 1857; x_wconf 81' lang='grc' dir='ltr'>καὶ</span> <span class='ocrx_word' id='word_1_105' title='bbox 261 1778 368 1863; x_wconf 81' lang='grc' dir='ltr'>αὑτὸς</span> <span class='ocrx_word' id='word_1_106' title='bbox 394 1782 433 1860; x_wconf 90' lang='grc' dir='ltr'>έν</span> <span class='ocrx_word' id='word_1_107' title='bbox 457 1781 551 1881; x_wconf 85' lang='grc' dir='ltr'>ἡμῖν.</span> <span class='ocrx_word' id='word_1_108' title='bbox 589 1784 716 1864; x_wconf 88' lang='grc' dir='ltr'>ούκοῦν</span> <span class='ocrx_word' id='word_1_109' title='bbox 743 1784 828 1882; x_wconf 87' lang='grc' dir='ltr'>μίαν</span> <span class='ocrx_word' id='word_1_110' title='bbox 854 1783 919 1883; x_wconf 76' lang='grc' dir='ltr'>μέν</span> <span class='ocrx_word' id='word_1_111' title='bbox 946 1782 1071 1884; x_wconf 80' lang='grc' dir='ltr'>ὥσπερ</span> <span class='ocrx_word' id='word_1_112' title='bbox 1099 1783 1218 1880; x_wconf 79' lang='grc' dir='ltr'>ἀληθῆ</span> <span class='ocrx_word' id='word_1_113' title='bbox 1245 1811 1284 1858; x_wconf 91' lang='grc' dir='ltr'>τε</span> <span class='ocrx_word' id='word_1_114' title='bbox 1312 1779 1372 1856; x_wconf 83' lang='grc' dir='ltr'>καὶ</span> 
     </span>
     <span class='ocr_line' id='line_1_13' title="bbox 174 1901 1372 2010; baseline 0 -30"><span class='ocrx_word' id='word_1_115' title='bbox 174 1901 414 2003; x_wconf 88' lang='grc' dir='ltr'>γενικωτάτην</span> <span class='ocrx_word' id='word_1_116' title='bbox 440 1907 557 1986; x_wconf 81' lang='grc' dir='ltr'>αἰτίαν</span> <span class='ocrx_word' id='word_1_117' title='bbox 584 1911 647 2007; x_wconf 79' lang='grc' dir='ltr'>τῆς</span> <span class='ocrx_word' id='word_1_118' title='bbox 671 1906 973 2010; x_wconf 81' lang='grc' dir='ltr'>ε’νανθρωπήσεως</span> <span class='ocrx_word' id='word_1_119' title='bbox 1000 1915 1064 1987; x_wconf 91' lang='grc' dir='ltr'>τοῦ</span> <span class='ocrx_word' id='word_1_120' title='bbox 1094 1911 1323 2006; x_wconf 87' lang='grc' dir='ltr'>Μονογενοῦς</span> <span class='ocrx_word' id='word_1_121' title='bbox 1351 1903 1372 1980; x_wconf 88' lang='lat'>6</span> 
     </span>
     <span class='ocr_line' id='line_1_14' title="bbox 175 2023 1401 2178; baseline -0.007 -67"><span class='ocrx_word' id='word_1_122' title='bbox 175 2023 339 2130; x_wconf 78' lang='grc' dir='ltr'>σοφὸς</span> <span class='ocrx_word' id='word_1_123' title='bbox 318 2035 402 2125; x_wconf 87' lang='grc' dir='ltr'>ημῖν</span> <span class='ocrx_word' id='word_1_124' title='bbox 424 2028 660 2135; x_wconf 79' lang='grc' dir='ltr'>ἐξηγούμενος</span> <span class='ocrx_word' id='word_1_125' title='bbox 681 2036 830 2115; x_wconf 85' lang='grc' dir='ltr'>Παῦλος</span> <span class='ocrx_word' id='word_1_126' title='bbox 855 2030 1027 2136; x_wconf 76' lang='grc' dir='ltr'>ἔφασκεν·</span> <span class='ocrx_word' id='word_1_127' title='bbox 1058 2026 1228 2128; x_wconf 88' lang='grc' dir='ltr'>εῦδόκησε</span> <span class='ocrx_word' id='word_1_128' title='bbox 1253 2025 1325 2178; x_wconf 84' lang='grc' dir='ltr'>γὰρ</span> <span class='ocrx_word' id='word_1_129' title='bbox 1351 2027 1401 2105; x_wconf 85' lang='grc' dir='ltr'>ὁο</span> 
     </span>
     <span class='ocr_line' id='line_1_15' title="bbox 175 2149 1449 2264; baseline 0 -35"><span class='ocrx_word' id='word_1_130' title='bbox 175 2149 269 2234; x_wconf 83' lang='grc' dir='ltr'>Θεὸς</span> <span class='ocrx_word' id='word_1_131' title='bbox 302 2153 361 2230; x_wconf 80' lang='grc' dir='ltr'>καὶ</span> <span class='ocrx_word' id='word_1_132' title='bbox 393 2151 523 2256; x_wconf 82' lang='grc' dir='ltr'>Πατὴρ</span> <span class='ocrx_word' id='word_1_133' title='bbox 552 2165 574 2202; x_wconf 90' lang='grc'>“</span> <span class='ocrx_word' id='word_1_134' title='bbox 589 2154 984 2262; x_wconf 78' lang='grc' dir='ltr'>ἀνακεφαλαιώσασθαι</span> <span class='ocrx_word' id='word_1_135' title='bbox 1019 2151 1066 2233; x_wconf 89' lang='grc' dir='ltr'>τά</span> <span class='ocrx_word' id='word_1_136' title='bbox 1098 2152 1217 2233; x_wconf 84' lang='grc' dir='ltr'>πάντα</span> <span class='ocrx_word' id='word_1_137' title='bbox 1249 2153 1287 2230; x_wconf 91' lang='grc' dir='ltr'>έν</span> <span class='ocrx_word' id='word_1_138' title='bbox 1319 2156 1449 2264; x_wconf 72' lang='grc' dir='ltr'>τῷΙο</span> 
     </span>
     <span class='ocr_line' id='line_1_16' title="bbox 124 2273 1371 2384; baseline -0.003 -25.935"><span class='ocrx_word' id='word_1_139' title='bbox 124 2273 398 2382; x_wconf 73' lang='grc' dir='ltr'>1ε“Χριστη3,”</span> <span class='ocrx_word' id='word_1_140' title='bbox 418 2278 476 2356; x_wconf 80' lang='grc' dir='ltr'>καὶ</span> <span class='ocrx_word' id='word_1_141' title='bbox 504 2275 559 2358; x_wconf 84' lang='grc' dir='ltr'>ότι</span> <span class='ocrx_word' id='word_1_142' title='bbox 583 2275 626 2357; x_wconf 81' lang='grc' dir='ltr'>τὸ</span> <span class='ocrx_word' id='word_1_143' title='bbox 651 2281 715 2377; x_wconf 84' lang='grc' dir='ltr'>τῆς</span> <span class='ocrx_word' id='word_1_144' title='bbox 739 2274 1134 2384; x_wconf 56' lang='grc' dir='ltr'>ἀνακεφαλαιώσεως*</span> <span class='ocrx_word' id='word_1_145' title='bbox 1111 2273 1226 2374; x_wconf 86' lang='grc' dir='ltr'>ονομά</span> <span class='ocrx_word' id='word_1_146' title='bbox 1249 2309 1287 2355; x_wconf 89' lang='grc' dir='ltr'>τε</span> <span class='ocrx_word' id='word_1_147' title='bbox 1313 2277 1371 2354; x_wconf 81' lang='grc' dir='ltr'>καὶ</span> 
     </span>
     <span class='ocr_line' id='line_1_17' title="bbox 174 2397 1372 2502; baseline 0.001 -25"><span class='ocrx_word' id='word_1_148' title='bbox 174 2403 327 2500; x_wconf 83' lang='grc' dir='ltr'>πρᾶγμα</span> <span class='ocrx_word' id='word_1_149' title='bbox 349 2403 459 2499; x_wconf 82' lang='grc' dir='ltr'>δηλοῖ</span> <span class='ocrx_word' id='word_1_150' title='bbox 478 2399 520 2480; x_wconf 80' lang='grc' dir='ltr'>τὸ</span> <span class='ocrx_word' id='word_1_151' title='bbox 545 2399 761 2501; x_wconf 79' lang='grc' dir='ltr'>ἀνακομίσαι</span> <span class='ocrx_word' id='word_1_152' title='bbox 785 2399 898 2482; x_wconf 81' lang='grc' dir='ltr'>πόλιν</span> <span class='ocrx_word' id='word_1_153' title='bbox 917 2403 975 2480; x_wconf 81' lang='grc' dir='ltr'>καὶ</span> <span class='ocrx_word' id='word_1_154' title='bbox 1001 2403 1197 2494; x_wconf 85' lang='grc' dir='ltr'>ἀναλαβεῖν</span> <span class='ocrx_word' id='word_1_155' title='bbox 1214 2404 1263 2482; x_wconf 85' lang='grc' dir='ltr'>είς</span> <span class='ocrx_word' id='word_1_156' title='bbox 1284 2397 1372 2502; x_wconf 80' lang='grc' dir='ltr'>ὅπερ</span> 
     </span>
     <span class='ocr_line' id='line_1_18' title="bbox 174 2517 1372 2628; baseline 0.004 -28"><span class='ocrx_word' id='word_1_157' title='bbox 174 2517 220 2620; x_wconf 83' lang='grc' dir='ltr'>ἦν</span> <span class='ocrx_word' id='word_1_158' title='bbox 237 2523 274 2601; x_wconf 88' lang='grc' dir='ltr'>έν</span> <span class='ocrx_word' id='word_1_159' title='bbox 293 2525 387 2628; x_wconf 80' lang='grc' dir='ltr'>ἀρχῇ</span> <span class='ocrx_word' id='word_1_160' title='bbox 409 2523 456 2603; x_wconf 88' lang='grc' dir='ltr'>τά</span> <span class='ocrx_word' id='word_1_161' title='bbox 478 2520 570 2628; x_wconf 74' lang='grc' dir='ltr'>πρὸς</span> <span class='ocrx_word' id='word_1_162' title='bbox 594 2523 762 2623; x_wconf 88' lang='grc' dir='ltr'>ἀνόμοιον</span> <span class='ocrx_word' id='word_1_163' title='bbox 780 2522 1031 2606; x_wconf 82' lang='grc' dir='ltr'>ἐκπεπτωκότα</span> <span class='ocrx_word' id='word_1_164' title='bbox 1048 2522 1164 2608; x_wconf 85' lang='grc' dir='ltr'>τέλος·</span> <span class='ocrx_word' id='word_1_165' title='bbox 1196 2519 1271 2602; x_wconf 83' lang='grc' dir='ltr'>εἶτα</span> <span class='ocrx_word' id='word_1_166' title='bbox 1289 2519 1372 2605; x_wconf 81' lang='grc' dir='ltr'>τοῦς</span> 
     </span>
     <span class='ocr_line' id='line_1_19' title="bbox 173 2645 1371 2754; baseline -0.003 -24"><span class='ocrx_word' id='word_1_167' title='bbox 173 2648 239 2744; x_wconf 79' lang='grc' dir='ltr'>τῆς</span> <span class='ocrx_word' id='word_1_168' title='bbox 257 2647 603 2754; x_wconf 87' lang='grc' dir='ltr'>ἀνακεφαλαιώσεως</span> <span class='ocrx_word' id='word_1_169' title='bbox 620 2647 775 2752; x_wconf 87' lang='grc' dir='ltr'>τρόπους</span> <span class='ocrx_word' id='word_1_170' title='bbox 793 2648 861 2728; x_wconf 85' lang='grc' dir='ltr'>ἀνά</span> <span class='ocrx_word' id='word_1_171' title='bbox 878 2650 985 2752; x_wconf 89' lang='grc' dir='ltr'>μέρος</span> <span class='ocrx_word' id='word_1_172' title='bbox 1001 2649 1085 2749; x_wconf 82' lang='grc' dir='ltr'>ἡμῖν</span> <span class='ocrx_word' id='word_1_173' title='bbox 1103 2645 1371 2728; x_wconf 90' lang='grc' dir='ltr'>ἀπολευκαίνειν</span> 
     </span>
     <span class='ocr_line' id='line_1_20' title="bbox 174 2769 1370 2878; baseline 0 -28"><span class='ocrx_word' id='word_1_174' title='bbox 174 2769 320 2867; x_wconf 87' lang='grc' dir='ltr'>ε’θέλων,</span> <span class='ocrx_word' id='word_1_175' title='bbox 338 2804 426 2851; x_wconf 92' lang='grc' dir='ltr'>ποτε</span> <span class='ocrx_word' id='word_1_176' title='bbox 451 2769 517 2870; x_wconf 79' lang='grc' dir='ltr'>μέν</span> <span class='ocrx_word' id='word_1_177' title='bbox 537 2772 675 2878; x_wconf 78' lang='grc' dir='ltr'>ἔφασκε</span> <span class='ocrx_word' id='word_1_178' title='bbox 694 2783 717 2822; x_wconf 89' lang='grc'><strong>“</strong></span> <span class='ocrx_word' id='word_1_179' title='bbox 730 2773 785 2854; x_wconf 91' lang='lat' dir='ltr'>T6</span> <span class='ocrx_word' id='word_1_180' title='bbox 810 2773 882 2876; x_wconf 81' lang='grc' dir='ltr'>γὰρ</span> <span class='ocrx_word' id='word_1_181' title='bbox 907 2772 1082 2853; x_wconf 87' lang='grc' dir='ltr'>ἀδύνατον</span> <span class='ocrx_word' id='word_1_182' title='bbox 1104 2780 1167 2852; x_wconf 91' lang='grc' dir='ltr'>τοῦ</span> <span class='ocrx_word' id='word_1_183' title='bbox 1193 2769 1314 2870; x_wconf 91' lang='grc' dir='ltr'>νόμου,</span> <span class='ocrx_word' id='word_1_184' title='bbox 1332 2772 1370 2850; x_wconf 88' lang='grc' dir='ltr'>έν</span> 
     </span>
     <span class='ocr_line' id='line_1_21' title="bbox 120 2890 1372 3002; baseline 0.006 -32"><span class='ocrx_word' id='word_1_185' title='bbox 120 2903 198 2972; x_wconf 80' lang='grc' dir='ltr'>-οο“</span> <span class='ocrx_word' id='word_1_186' title='bbox 216 2929 245 3000; x_wconf 81' lang='grc' dir='ltr'><strong><em>ῳ</em></strong></span> <span class='ocrx_word' id='word_1_187' title='bbox 227 2890 406 2995; x_wconf 85' lang='grc' dir='ltr'>ἠσθένει</span> <span class='ocrx_word' id='word_1_188' title='bbox 424 2894 543 2975; x_wconf 80' lang='grc' dir='ltr'>διὰ</span> <span class='ocrx_word' id='word_1_189' title='bbox 500 2930 564 2996; x_wconf 90' lang='grc' dir='ltr'>της</span> <span class='ocrx_word' id='word_1_190' title='bbox 582 2894 728 3002; x_wconf 80' lang='grc' dir='ltr'>σαρκὸς,</span> <span class='ocrx_word' id='word_1_191' title='bbox 747 2932 768 2977; x_wconf 90' lang='grc' dir='ltr'>υ</span> <span class='ocrx_word' id='word_1_192' title='bbox 754 2896 932 2983; x_wconf 84' lang='grc' dir='ltr'>Θεὸς</span> <span class='ocrx_word' id='word_1_193' title='bbox 897 2931 960 2977; x_wconf 92' lang='grc' dir='ltr'>τον</span> <span class='ocrx_word' id='word_1_194' title='bbox 978 2893 1204 2977; x_wconf 83' lang='grc' dir='ltr'>εαυτοῦΥιὸν</span> <span class='ocrx_word' id='word_1_195' title='bbox 1221 2893 1372 3001; x_wconf 78' lang='grc' dir='ltr'>πέμψας</span> 
     </span>
     <span class='ocr_line' id='line_1_22' title="bbox 174 3016 1371 3124; baseline 0 -28"><span class='ocrx_word' id='word_1_196' title='bbox 174 3026 198 3064; x_wconf 85' lang='grc'><strong>“</strong></span> <span class='ocrx_word' id='word_1_197' title='bbox 215 3019 253 3097; x_wconf 86' lang='grc' dir='ltr'>έν</span> <span class='ocrx_word' id='word_1_198' title='bbox 272 3017 466 3117; x_wconf 84' lang='grc' dir='ltr'>ὁμοιώματι</span> <span class='ocrx_word' id='word_1_199' title='bbox 482 3018 618 3122; x_wconf 82' lang='grc' dir='ltr'>σαρκὸς</span> <span class='ocrx_word' id='word_1_200' title='bbox 636 3021 810 3124; x_wconf 84' lang='grc' dir='ltr'>ἁμαρτίας</span> <span class='ocrx_word' id='word_1_201' title='bbox 828 3022 887 3100; x_wconf 82' lang='grc' dir='ltr'>καὶ</span> <span class='ocrx_word' id='word_1_202' title='bbox 903 3021 983 3123; x_wconf 83' lang='grc' dir='ltr'>περὶ</span> <span class='ocrx_word' id='word_1_203' title='bbox 1002 3019 1176 3122; x_wconf 84' lang='grc' dir='ltr'>ἁμαρτίας</span> <span class='ocrx_word' id='word_1_204' title='bbox 1194 3016 1371 3122; x_wconf 89' lang='grc' dir='ltr'>κατέκρινε</span> 
     </span>
     <span class='ocr_line' id='line_1_23' title="bbox 176 3136 1538 3248; baseline 0 -28"><span class='ocrx_word' id='word_1_205' title='bbox 176 3150 198 3190; x_wconf 82' lang='grc'><strong>“</strong></span> <span class='ocrx_word' id='word_1_206' title='bbox 216 3138 283 3240; x_wconf 84' lang='grc' dir='ltr'>τὴν</span> <span class='ocrx_word' id='word_1_207' title='bbox 310 3141 487 3244; x_wconf 87' lang='grc' dir='ltr'>ἀμαρτίαν</span> <span class='ocrx_word' id='word_1_208' title='bbox 513 3143 623 3248; x_wconf 81' lang='grc' dir='ltr'>ε’ντῇ</span> <span class='ocrx_word' id='word_1_209' title='bbox 655 3147 774 3246; x_wconf 86' lang='grc' dir='ltr'>σαρκὶ,</span> <span class='ocrx_word' id='word_1_210' title='bbox 804 3143 863 3224; x_wconf 81' lang='grc' dir='ltr'>ἵνα</span> <span class='ocrx_word' id='word_1_211' title='bbox 894 3141 936 3222; x_wconf 80' lang='grc' dir='ltr'>τὸ</span> <span class='ocrx_word' id='word_1_212' title='bbox 966 3142 1139 3240; x_wconf 86' lang='grc' dir='ltr'>δικαίωμα</span> <span class='ocrx_word' id='word_1_213' title='bbox 1167 3147 1232 3220; x_wconf 90' lang='grc' dir='ltr'>τοῦ</span> <span class='ocrx_word' id='word_1_214' title='bbox 1261 3136 1401 3236; x_wconf 74' lang='grc' dir='ltr'>νόμους</span> <span class='ocrx_word' id='word_1_215' title='bbox 1421 3164 1538 3220; x_wconf 76' lang='lat' dir='ltr'><strong>820A.</strong></span> 
     </span>
     <span class='ocr_line' id='line_1_24' title="bbox 175 3259 1369 3368; baseline -0.003 -24"><span class='ocrx_word' id='word_1_216' title='bbox 175 3273 198 3312; x_wconf 80' lang='lat'>‘⁴</span> <span class='ocrx_word' id='word_1_217' title='bbox 215 3269 393 3368; x_wconf 83' lang='grc' dir='ltr'>πληρωθῇ</span> <span class='ocrx_word' id='word_1_218' title='bbox 413 3265 451 3344; x_wconf 88' lang='grc' dir='ltr'>έν</span> <span class='ocrx_word' id='word_1_219' title='bbox 469 3265 553 3364; x_wconf 79' lang='grc' dir='ltr'>ἡμῖν</span> <span class='ocrx_word' id='word_1_220' title='bbox 569 3271 644 3351; x_wconf 84' lang='grc' dir='ltr'>τοῖς</span> <span class='ocrx_word' id='word_1_221' title='bbox 665 3265 715 3366; x_wconf 86' lang='grc' dir='ltr'>μὴ</span> <span class='ocrx_word' id='word_1_222' title='bbox 734 3265 826 3346; x_wconf 86' lang='grc' dir='ltr'>κατά</span> <span class='ocrx_word' id='word_1_223' title='bbox 844 3264 964 3368; x_wconf 84' lang='grc' dir='ltr'>σάρκα</span> <span class='ocrx_word' id='word_1_224' title='bbox 982 3271 1251 3366; x_wconf 85' lang='grc' dir='ltr'>περιπατοῦσιν,</span> <span class='ocrx_word' id='word_1_225' title='bbox 1269 3259 1369 3342; x_wconf 88' lang='grc' dir='ltr'>ἀλλά</span> 
     </span>
     <span class='ocr_line' id='line_1_25' title="bbox 176 3384 1519 3516; baseline -0.002 -48"><span class='ocrx_word' id='word_1_226' title='bbox 176 3397 198 3438; x_wconf 83' lang='grc'><strong>“</strong></span> <span class='ocrx_word' id='word_1_227' title='bbox 216 3385 309 3468; x_wconf 88' lang='grc' dir='ltr'>κατά</span> <span class='ocrx_word' id='word_1_228' title='bbox 335 3389 510 3487; x_wconf 86' lang='grc' dir='ltr'>πνεῦμα·”</span> <span class='ocrx_word' id='word_1_229' title='bbox 543 3387 632 3470; x_wconf 79' lang='grc' dir='ltr'>ποτέ</span> <span class='ocrx_word' id='word_1_230' title='bbox 660 3389 697 3470; x_wconf 78' lang='grc' dir='ltr'>δὲ</span> <span class='ocrx_word' id='word_1_231' title='bbox 724 3389 838 3471; x_wconf 84' lang='grc' dir='ltr'>πάλιν</span> <span class='ocrx_word' id='word_1_232' title='bbox 861 3387 1047 3489; x_wconf 81' lang='grc' dir='ltr'>“Ἐπειδὴ</span> <span class='ocrx_word' id='word_1_233' title='bbox 1075 3385 1145 3490; x_wconf 80' lang='grc' dir='ltr'>γὰρ</span> <span class='ocrx_word' id='word_1_234' title='bbox 1172 3384 1218 3465; x_wconf 83' lang='grc' dir='ltr'>τὰ</span> <span class='ocrx_word' id='word_1_235' title='bbox 1244 3385 1369 3466; x_wconf 85' lang='grc' dir='ltr'>παιδία</span> <span class='ocrx_word' id='word_1_236' title='bbox 1413 3383 1519 3516; x_wconf 53' lang='lat' dir='ltr'>fflsffl</span> 
     </span>
     <span class='ocr_line' id='line_1_26' title="bbox 123 3509 1370 3618; baseline 0 -26"><span class='ocrx_word' id='word_1_237' title='bbox 123 3521 198 3600; x_wconf 75' lang='lat'>²5“</span> <span class='ocrx_word' id='word_1_238' title='bbox 217 3511 467 3612; x_wconf 80' lang='grc' dir='ltr'>κεκοινώνηκεν</span> <span class='ocrx_word' id='word_1_239' title='bbox 499 3512 647 3613; x_wconf 82' lang='grc' dir='ltr'>αἵματος</span> <span class='ocrx_word' id='word_1_240' title='bbox 678 3517 736 3594; x_wconf 80' lang='grc' dir='ltr'>καὶ</span> <span class='ocrx_word' id='word_1_241' title='bbox 767 3511 915 3618; x_wconf 78' lang='grc' dir='ltr'>σαρκός,</span> <span class='ocrx_word' id='word_1_242' title='bbox 943 3511 1002 3594; x_wconf 77' lang='grc' dir='ltr'>διὰ</span> <span class='ocrx_word' id='word_1_243' title='bbox 1033 3519 1139 3593; x_wconf 90' lang='grc' dir='ltr'>τοῦτο</span> <span class='ocrx_word' id='word_1_244' title='bbox 1170 3513 1229 3592; x_wconf 86' lang='grc' dir='ltr'>καὶ</span> <span class='ocrx_word' id='word_1_245' title='bbox 1264 3509 1370 3596; x_wconf 82' lang='grc' dir='ltr'>αὐτὸς</span> 
     </span>
     <span class='ocr_line' id='line_1_27' title="bbox 174 3632 1371 3743; baseline -0.002 -26"><span class='ocrx_word' id='word_1_246' title='bbox 174 3645 198 3686; x_wconf 88' lang='grc'><strong>“</strong></span> <span class='ocrx_word' id='word_1_247' title='bbox 216 3635 481 3740; x_wconf 89' lang='grc' dir='ltr'>παραπλησίως</span> <span class='ocrx_word' id='word_1_248' title='bbox 507 3634 660 3743; x_wconf 83' lang='grc' dir='ltr'>μετέσχε</span> <span class='ocrx_word' id='word_1_249' title='bbox 686 3643 761 3719; x_wconf 84' lang='grc' dir='ltr'>τῶν</span> <span class='ocrx_word' id='word_1_250' title='bbox 787 3639 916 3736; x_wconf 83' lang='grc' dir='ltr'>αῦτῶν,</span> <span class='ocrx_word' id='word_1_251' title='bbox 942 3637 1001 3717; x_wconf 84' lang='grc' dir='ltr'>ἵνα</span> <span class='ocrx_word' id='word_1_252' title='bbox 1032 3633 1090 3716; x_wconf 86' lang='grc' dir='ltr'>διά</span> <span class='ocrx_word' id='word_1_253' title='bbox 1120 3642 1184 3716; x_wconf 92' lang='grc' dir='ltr'>τοῦ</span> <span class='ocrx_word' id='word_1_254' title='bbox 1215 3632 1371 3716; x_wconf 88' lang='grc' dir='ltr'>θανάτου</span> 
     </span>
     <span class='ocr_line' id='line_1_28' title="bbox 175 3757 1371 3866; baseline 0.002 -28"><span class='ocrx_word' id='word_1_255' title='bbox 175 3769 197 3808; x_wconf 84' lang='grc'><strong>“</strong></span> <span class='ocrx_word' id='word_1_256' title='bbox 215 3757 428 3866; x_wconf 81' lang='grc' dir='ltr'>καταργήσῃ</span> <span class='ocrx_word' id='word_1_257' title='bbox 454 3758 519 3840; x_wconf 79' lang='grc' dir='ltr'>τόν</span> <span class='ocrx_word' id='word_1_258' title='bbox 545 3757 588 3841; x_wconf 81' lang='grc' dir='ltr'>τὸ</span> <span class='ocrx_word' id='word_1_259' title='bbox 615 3759 743 3865; x_wconf 89' lang='grc' dir='ltr'>κράτος</span> <span class='ocrx_word' id='word_1_260' title='bbox 771 3759 899 3866; x_wconf 83' lang='grc' dir='ltr'>έχοντα</span> <span class='ocrx_word' id='word_1_261' title='bbox 925 3768 989 3840; x_wconf 89' lang='grc' dir='ltr'>τοῦ</span> <span class='ocrx_word' id='word_1_262' title='bbox 1017 3757 1182 3857; x_wconf 82' lang='grc' dir='ltr'>θανάτου,</span> <span class='ocrx_word' id='word_1_263' title='bbox 1205 3757 1371 3840; x_wconf 88' lang='grc' dir='ltr'>τουτέστι</span> 
     </span>
     <span class='ocr_line' id='line_1_29' title="bbox 175 3879 1369 3992; baseline 0.002 -30"><span class='ocrx_word' id='word_1_264' title='bbox 175 3891 197 3929; x_wconf 86' lang='grc'><strong>“</strong></span> <span class='ocrx_word' id='word_1_265' title='bbox 215 3879 279 3962; x_wconf 79' lang='grc' dir='ltr'>τόν</span> <span class='ocrx_word' id='word_1_266' title='bbox 295 3881 480 3981; x_wconf 81' lang='grc' dir='ltr'>διάβολον,</span> <span class='ocrx_word' id='word_1_267' title='bbox 498 3887 556 3965; x_wconf 86' lang='grc' dir='ltr'>καὶ</span> <span class='ocrx_word' id='word_1_268' title='bbox 581 3884 780 3992; x_wconf 72' lang='grc' dir='ltr'>ἀπαλλάξῃ</span> <span class='ocrx_word' id='word_1_269' title='bbox 805 3884 951 3968; x_wconf 81' lang='grc' dir='ltr'>τούτους</span> <span class='ocrx_word' id='word_1_270' title='bbox 974 3881 1056 3964; x_wconf 79' lang='grc' dir='ltr'>ὅσοι</span> <span class='ocrx_word' id='word_1_271' title='bbox 1082 3881 1189 3990; x_wconf 82' lang='grc' dir='ltr'>φόβῳ</span> <span class='ocrx_word' id='word_1_272' title='bbox 1214 3883 1369 3964; x_wconf 84' lang='grc' dir='ltr'>θανάτου</span> 
     </span>
     <span class='ocr_line' id='line_1_30' title="bbox 175 4005 1369 4114; baseline 0 -28"><span class='ocrx_word' id='word_1_273' title='bbox 175 4016 197 4056; x_wconf 84' lang='grc'><strong>“</strong></span> <span class='ocrx_word' id='word_1_274' title='bbox 216 4005 275 4086; x_wconf 80' lang='grc' dir='ltr'>διὰ</span> <span class='ocrx_word' id='word_1_275' title='bbox 301 4005 436 4093; x_wconf 79' lang='grc' dir='ltr'>παντὸς</span> <span class='ocrx_word' id='word_1_276' title='bbox 462 4015 527 4088; x_wconf 90' lang='grc' dir='ltr'>τοῦ</span> <span class='ocrx_word' id='word_1_277' title='bbox 551 4007 618 4111; x_wconf 77' lang='grc' dir='ltr'>ζῆν</span> <span class='ocrx_word' id='word_1_278' title='bbox 640 4008 756 4114; x_wconf 87' lang='grc' dir='ltr'>ε”νοχοι</span> <span class='ocrx_word' id='word_1_279' title='bbox 780 4007 877 4109; x_wconf 86' lang='grc' dir='ltr'>ἦσαν</span> <span class='ocrx_word' id='word_1_280' title='bbox 901 4007 1096 4092; x_wconf 87' lang='grc' dir='ltr'>δουλείας.”</span> <span class='ocrx_word' id='word_1_281' title='bbox 1127 4009 1185 4086; x_wconf 82' lang='grc' dir='ltr'>καὶ</span> <span class='ocrx_word' id='word_1_282' title='bbox 1213 4006 1276 4086; x_wconf 87' lang='grc' dir='ltr'>δύο</span> <span class='ocrx_word' id='word_1_283' title='bbox 1302 4005 1369 4106; x_wconf 77' lang='grc' dir='ltr'>μὲν</span> 
     </span>
     <span class='ocr_line' id='line_1_31' title="bbox 125 4128 1368 4238; baseline 0.001 -27"><span class='ocrx_word' id='word_1_284' title='bbox 125 4161 163 4220; x_wconf 79' lang='lat'>30</span> <span class='ocrx_word' id='word_1_285' title='bbox 174 4128 320 4214; x_wconf 91' lang='grc' dir='ltr'>τούτους</span> <span class='ocrx_word' id='word_1_286' title='bbox 359 4130 443 4230; x_wconf 76' lang='grc' dir='ltr'>ἡμῖν</span> <span class='ocrx_word' id='word_1_287' title='bbox 478 4134 543 4230; x_wconf 85' lang='grc' dir='ltr'>τῆς</span> <span class='ocrx_word' id='word_1_288' title='bbox 584 4133 930 4238; x_wconf 87' lang='grc' dir='ltr'>ἀνακεφαλαιώσεως</span> <span class='ocrx_word' id='word_1_289' title='bbox 971 4129 1122 4234; x_wconf 89' lang='grc' dir='ltr'>τρόπους</span> <span class='ocrx_word' id='word_1_290' title='bbox 1168 4129 1368 4230; x_wconf 86' lang='grc' dir='ltr'>ἀναγκαίως</span> 
     </span>
     <span class='ocr_line' id='line_1_32' title="bbox 174 4249 1400 4362; baseline 0.002 -28"><span class='ocrx_word' id='word_1_291' title='bbox 174 4254 303 4362; x_wconf 85' lang='grc' dir='ltr'>έχοντα</span> <span class='ocrx_word' id='word_1_292' title='bbox 329 4257 393 4354; x_wconf 81' lang='grc' dir='ltr'>τῆς</span> <span class='ocrx_word' id='word_1_293' title='bbox 421 4254 723 4358; x_wconf 83' lang='grc' dir='ltr'>ένανθρωπήσεως</span> <span class='ocrx_word' id='word_1_294' title='bbox 749 4263 813 4336; x_wconf 89' lang='grc' dir='ltr'>τοῦ</span> <span class='ocrx_word' id='word_1_295' title='bbox 843 4259 1070 4356; x_wconf 87' lang='grc' dir='ltr'>Μονογενοῦς</span> <span class='ocrx_word' id='word_1_296' title='bbox 1098 4249 1315 4356; x_wconf 83' lang='grc' dir='ltr'>τὸνλόγον,</span> <span class='ocrx_word' id='word_1_297' title='bbox 1346 4255 1400 4337; x_wconf 90' lang='lat' dir='ltr'>6b</span> 
     </span>
    </p>
   </div>
   <div class='ocr_carea' id='block_1_3' title="bbox 1415 1033 1539 1152">
    <p class='ocr_par' dir='ltr' id='par_1_3' title="bbox 1415 1033 1539 1152">
     <span class='ocr_line' id='line_1_33' title="bbox 1415 1033 1539 1084; baseline -0.024 0"><span class='ocrx_word' id='word_1_298' title='bbox 1415 1034 1481 1084; x_wconf 82' lang='lat' dir='ltr'><strong>Heb.</strong></span> <span class='ocrx_word' id='word_1_299' title='bbox 1497 1033 1539 1082; x_wconf 77' lang='lat' dir='ltr'><strong>xii.</strong></span> 
     </span>
     <span class='ocr_line' id='line_1_34' title="bbox 1417 1116 1440 1152; baseline 0.087 -2"><span class='ocrx_word' id='word_1_300' title='bbox 1417 1116 1440 1152; x_wconf 80' lang='grc' dir='ltr'>ο.</span> 
     </span>
    </p>
   </div>
   <div class='ocr_carea' id='block_1_4' title="bbox 1416 2148 1512 2213">
    <p class='ocr_par' dir='ltr' id='par_1_4' title="bbox 1416 2148 1512 2213">
     <span class='ocr_line' id='line_1_35' title="bbox 1416 2148 1512 2213; baseline -0.012 -15"><span class='ocrx_word' id='word_1_301' title='bbox 1416 2148 1500 2213; x_wconf 78' lang='grc' dir='ltr'>Ερλ.Ι</span> <span class='ocrx_word' id='word_1_302' title='bbox 1493 2163 1512 2199; x_wconf 88' lang='grc' dir='ltr'>ι.</span> 
     </span>
    </p>
   </div>
   <div class='ocr_carea' id='block_1_5' title="bbox 1414 2765 1537 2894">
    <p class='ocr_par' dir='ltr' id='par_1_5' title="bbox 1414 2765 1537 2894">
     <span class='ocr_line' id='line_1_36' title="bbox 1415 2765 1489 2817; baseline -0.016 -2"><span class='ocrx_word' id='word_1_303' title='bbox 1415 2765 1489 2817; x_wconf 85' lang='lat' dir='ltr'><strong>Rom.</strong></span> 
     </span>
     <span class='ocr_line' id='line_1_37' title="bbox 1414 2832 1537 2894; baseline 0 -13"><span class='ocrx_word' id='word_1_304' title='bbox 1414 2832 1537 2894; x_wconf 64' lang='lat' dir='ltr'>&#39;fii-⁸34·</span> 
     </span>
    </p>
   </div>
   <div class='ocr_carea' id='block_1_6' title="bbox 176 4531 1369 4678">
    <p class='ocr_par' dir='ltr' id='par_1_6' title="bbox 176 4531 1369 4678">
     <span class='ocr_line' id='line_1_38' title="bbox 210 4531 1369 4624; baseline 0.001 -34"><span class='ocrx_word' id='word_1_305' title='bbox 210 4547 236 4608; x_wconf 83' lang='lat'>5.</span> <span class='ocrx_word' id='word_1_306' title='bbox 254 4531 494 4624; x_wconf 70' lang='grc' dir='ltr'>κατοφρονητήνΕ.</span> <span class='ocrx_word' id='word_1_307' title='bbox 584 4549 608 4606; x_wconf 89' lang='lat'>7.</span> <span class='ocrx_word' id='word_1_308' title='bbox 628 4537 739 4604; x_wconf 68' lang='lat' dir='ltr'><strong>mom.</strong></span> <span class='ocrx_word' id='word_1_309' title='bbox 753 4537 785 4591; x_wconf 87' lang='grc' dir='ltr'><strong>Ε.</strong></span> <span class='ocrx_word' id='word_1_310' title='bbox 884 4551 925 4590; x_wconf 88' lang='grc' dir='ltr'>ιο.</span> <span class='ocrx_word' id='word_1_311' title='bbox 945 4533 1013 4590; x_wconf 69' lang='lat' dir='ltr'>BE.</span> <span class='ocrx_word' id='word_1_312' title='bbox 1106 4547 1146 4604; x_wconf 87' lang='lat'>17.</span> <span class='ocrx_word' id='word_1_313' title='bbox 1236 4539 1323 4608; x_wconf 77' lang='grc' dir='ltr'>τρόπῳ</span> <span class='ocrx_word' id='word_1_314' title='bbox 1336 4535 1369 4592; x_wconf 89' lang='grc' dir='ltr'>Ε.</span> 
     </span>
     <span class='ocr_line' id='line_1_39' title="bbox 176 4537 1235 4678; baseline -0.002 -15"><span class='ocrx_word' id='word_1_315' title='bbox 176 4621 219 4675; x_wconf 78' lang='lat'>²⁵·</span> <span class='ocrx_word' id='word_1_316' title='bbox 237 4603 567 4678; x_wconf 70' lang='grc' dir='ltr'>οἶμοςοςκαλσορκὸςλοο</span> <span class='ocrx_word' id='word_1_317' title='bbox 580 4607 717 4664; x_wconf 82' lang='lat' dir='ltr'><strong>ordiueE.</strong></span> <span class='ocrx_word' id='word_1_318' title='bbox 825 4623 868 4678; x_wconf 81' lang='lat'>31.</span> <span class='ocrx_word' id='word_1_319' title='bbox 886 4605 1052 4678; x_wconf 80' lang='grc' dir='ltr'>έχοντοΕ.”</span> <span class='ocrx_word' id='word_1_320' title='bbox 1037 4627 1143 4677; x_wconf 76' lang='grc' dir='ltr'>ιχοττος</span> <span class='ocrx_word' id='word_1_321' title='bbox 1140 4537 1235 4662; x_wconf 59' lang='lat'>66.—</span> 
     </span>
    </p>
   </div>
   <div class='ocr_carea' id='block_1_7' title="bbox 217 4707 806 4776">
    <p class='ocr_par' dir='ltr' id='par_1_7' title="bbox 217 4707 806 4776">
     <span class='ocr_line' id='line_1_40' title="bbox 217 4707 806 4776; baseline -0.003 -22"><span class='ocrx_word' id='word_1_322' title='bbox 217 4707 288 4754; x_wconf 76' lang='grc' dir='ltr'>τοι.</span> <span class='ocrx_word' id='word_1_323' title='bbox 305 4707 342 4755; x_wconf 86' lang='grc' dir='ltr'>ιι.</span> <span class='ocrx_word' id='word_1_324' title='bbox 747 4709 766 4776; x_wconf 88' lang='lat'>3</span> <span class='ocrx_word' id='word_1_325' title='bbox 783 4707 806 4770; x_wconf 77' lang='grc' dir='ltr'>η</span> 
     </span>
    </p>
   </div>
   <div class='ocr_carea' id='block_1_8' title="bbox 0 0 1633 5112">
    <p class='ocr_par' dir='ltr' id='par_1_8' title="bbox 0 0 1633 5112">
     <span class='ocr_line' id='line_1_41' title="bbox 0 0 1633 5112; baseline 0 0"><span class='ocrx_word' id='word_1_326' title='bbox 0 0 1633 5112; x_wconf 95' lang='lat' dir='ltr'> </span> 
     </span>
    </p>
   </div>
  </div>
 </body>
</html>
