3248 5112
132 375 230 419 και.
318 355 375 420 IN
405 356 439 421 S.
463 355 718 422 JOANNEM.
764 355 859 422 LIB.
883 355 925 422 X.
970 353 1144 421 cAP.11.
1265 355 1329 418 545

134 515 298 622 καθάπερ
319 523 377 600 καὶ
396 521 440 627 ἐξ
459 519 660 624 ἀνθρώπων
681 519 729 600 τὰ
749 519 794 628 έξ
815 520 933 600 αὐτῶν
950 519 1165 623 γεννήματα,
1182 523 1261 602 πῶς
1282 514 1360 597 ῶνα

134 639 188 740 ε’ίη
216 641 308 722 κατὰ
334 643 507 745 ἀλήθειαν
524 642 635 742 Υῖός;
675 641 751 725 εἶτα
777 651 855 729 πῶς
883 643 948 725 τὸν
968 641 1143 746 μακάρων
1158 639 1330 738 Ἰωάννην

134 765 338 867 ἀποστήσει
378 769 533 870 λέγοντα
570 779 592 816 “
610 770 658 848 'O
695 767 908 870 ἀρνούμενος
943 765 1008 849 τὸν
1043 766 1134 848 Υίῦν
1169 767 1228 846 καὶ
1267 761 1331 844 τόν
1376 759 1498 889 {isssom

135 897 157 936 “
178 890 327 996 Πατέρα
354 892 560 995 ἀρνήσεται·
599 892 620 972 ό
648 894 840 995 ὁμολογῶν
866 890 931 972 τὸν
953 889 1044 974 Υῖῖιν
1072 894 1247 992 ὁμολογεῖ
1272 889 1331 968 καὶ

99 1022 158 1096 5“
176 1012 241 1092 τὸν
270 1015 418 1118 Πατέρα
430 1014 461 1112 ;”
492 1019 550 1096 καὶ
579 1014 718 1118 ἀληθής
748 1015 768 1095 ὁ
797 1013 920 1118 λόγος·
964 1019 1001 1096 έν
1030 1013 1102 1119 γὰρ
1133 1021 1186 1121 τῷ
1222 1012 1331 1122 ἑτέρῳ

136 1146 400 1244 συναναιρεῖται
424 1139 568 1225 πάντας
592 1142 651 1220 καὶ
675 1141 944 1248 συνυφίσταται
963 1137 1006 1219 τὸ
1027 1139 1156 1242 ἕτερον.
1197 1138 1240 1217 οῦ
1260 1133 1332 1240 γὰρ

136 1259 182 1340 ἂν
204 1261 257 1362 εἴη
284 1262 403 1366 πατήρ
430 1265 495 1344 οῦκ
522 1262 624 1348 ὄντος
651 1267 737 1362 υἱοῦ,
760 1262 836 1344 οὐδ’
855 1261 901 1343 ἂν
924 1261 997 1348 υίὸς
1024 1258 1139 1344 νοοῖτό
1166 1295 1255 1343 ποτε
1280 1259 1332 1360 μή

136 1385 217 1489 οῦχὶ
235 1383 378 1471 πάντως
396 1388 493 1494 αὐτῷ
510 1386 830 1486 συνεπινοουμένου
850 1395 914 1469 τοῦ
933 1387 1132 1494 φύσαντος.
1165 1392 1195 1467 εῖ
1212 1385 1331 1466 τοίνυν

136 1510 294 1609 ἀρνεῖται
323 1508 387 1590 τὸν
413 1509 516 1592 Υίόν·
558 1513 744 1616 ἑτερογενῆ
776 1510 848 1616 γὰρ
880 1507 970 1591 εἶναί
998 1517 1102 1618 φησι·
1136 1515 1194 1591 καὶ
1223 1509 1332 1590 αὐτὸν

81 1662 122 1704 10
136 1629 322 1734 ἠρνήσατο
359 1633 422 1714 τὸν
455 1635 614 1738 Πατέρα.
662 1636 701 1715 τί
734 1635 797 1715 οὖν
828 1631 858 1714 ὦ
889 1633 1062 1731 βέλτιστε
1099 1632 1190 1737 πρὸς
1220 1642 1364 1714 ταῦται
1385 1657 1505 1718 em.

137 1756 249 1858 ε’ρεῖς;
285 1761 333 1841 εῖς
359 1758 440 1838 τίνα
467 1759 597 1840 λοιπὸν
624 1759 647 1859 ῆ
675 1759 822 1856 πίστις;
856 1767 928 1839 ποῦ
952 1753 1020 1858 Ιτῆς
1048 1759 1153 1860 ἁγίας
1177 1757 1333 1861 Τριάδος

138 1879 162 1978 ή
197 1877 316 1986 δόξας
361 1881 511 1963 λέλυται
543 1881 616 1987 γὰρ
649 1887 707 1963 καὶ
740 1881 879 1988 φρούδη
910 1881 1040 1963 λοιπὸν
1072 1881 1094 1982 ή
1131 1887 1205 1961 τῶν
1237 1880 1335 1962 ὅλων

139 2011 326 2107 κρατοῦσα
352 2006 474 2110 φύσις,
500 2010 537 2086 έν
561 2013 691 2112 ψιλαῖς
717 2007 801 2107 ἡμῖν
825 2013 1071 2106 σημανθεῖσα.
1082 2005 1208 2112 λέξεσι
1235 2005 1335 2108 παρὰ

139 2131 204 2226 τῆς
222 2129 326 2230 ἁγίας
350 2135 507 2237 γραφῆς·
538 2129 727 2234 ἀναγκάζει
751 2129 822 2234 γὰρ
850 2131 941 2231 ἡμᾶς
967 2133 1025 2210 καὶ
1050 2127 1109 2210 διὰ
1134 2136 1206 2209 τῶν
1223 2129 1335 2214 οῦτὼς

85 2267 125 2328 15
140 2250 403 2358 ἀπηχεστότων
421 2254 508 2333 ῖέναι
533 2253 697 2357 λόγωνή
722 2252 861 2334 ἐκείνων
879 2254 1089 2360 ἁποπληξία
1114 2256 1172 2334 καὶ
1197 2256 1331 2359 ψευδο-

139 2375 262 2472 μυθία.
301 2376 502 2462 ἀλλ’ἴσως
529 2377 572 2459 τὸ
599 2383 663 2479 τῆς
692 2379 900 2485 δυσφημίας
929 2378 1141 2463 καταδείσας
1168 2377 1333 2480 μέγεθος,

139 2502 324 2600 ἇλλογειαῆ
342 2498 409 2599 μέν
426 2499 518 2582 εἶναί
533 2509 639 2610 φησι,
652 2505 891 2606 γεγεννῆσθαι
909 2499 1024 2604 γεμήν
1040 2499 1141 2605 παρὰ
1157 2509 1222 2581 τοῦ
1241 2506 1337 2581 Θεοῦ

139 2625 199 2704 καὶ
229 2622 385 2733 Πατρός.
433 2625 532 2726 ήμεῖς
562 2625 600 2706 δέ
629 2627 674 2706 αὖ
701 2624 814 2706 πάλιν
842 2631 950 2706 εἰπεῖν
977 2625 1224 2726 ἀπαιτήσομεν
1249 2629 1338 2710 Πῶς

139 2746 211 2849 ἄρα
230 2753 469 2851 γεγεννῆσθαι
488 2750 618 2830 δίδωσί
632 2783 671 2828 τε
697 2751 757 2829 καὶ
782 2750 979 2851 ὁμολογεῖ,
1012 2755 1042 2829 εὶ
1058 2747 1124 2848 μέν
1141 2749 1214 2854 γὰρ
1232 2753 1281 2834 ὡς
1299 2746 1370 2832 ἓνο

85 2901 127 2942 20
139 2878 214 2952 τῶν
240 2871 459 2972 κτισμάτων,
487 2871 579 2954 κατὰ
606 2871 738 2979 σχέσιν
765 2873 832 2974 τῆν
856 2877 903 2958 ὡς
935 2876 973 2954 ἐν
1001 2871 1126 2979 ἀγάπη
1156 2877 1215 2954 καὶ
1246 2873 1339 2954 κατὰ

94 3059 99 3068 .
140 2990 308 3095 θέλησιν·
338 2993 551 3100 πάνταγὰρ
574 2999 613 3077 ἐκ
630 3001 727 3077 Θεοῦ
751 2996 906 3098 λέγεται·
936 2995 995 3077 διὰ
1012 3004 1085 3078 τῶν
1102 2998 1219 3078 αὐτῶν
1237 3000 1339 3080 οὐδέν

139 3117 250 3219 ἦττον
274 3119 353 3226 ἥξει
381 3127 643 3228 βλασφημιῶν.
692 3124 812 3221 ἀληθῆ
840 3119 877 3200 δὲ
904 3119 968 3200 τὸν
994 3119 1101 3201 τόκον
1128 3121 1247 3213 εῖπῶν,
1275 3123 1336 3203 ἕκ-

140 3240 263 3350 φυλόν
280 3277 319 3323 τε
337 3240 426 3324 εἶναι
445 3237 767 3344 διαβεβαιούμενος,
786 3245 844 3322 καὶ
867 3246 1050 3346 ἀλλογενῆ
1074 3245 1193 3347 λέγων
1212 3245 1264 3325 ἔτι
1280 3250 1339 3326 καὶ

140 3365 233 3467 μετὰ
260 3375 375 3466 τοῦτο,
395 3367 620 3468 δυσσεβήσει
645 3365 790 3452 πάντως
813 3372 862 3451 εῖς
886 3365 994 3448 αὐτὸν
1015 3366 1079 3448 τόν
1097 3368 1337 3470 γεννήσαντα·

86 3489 163 3582 σεῦ
188 3489 261 3593 γὰρ
285 3493 344 3570 καὶ
368 3489 458 3591 αὐτῆ
483 3489 722 3596 παρῃτήσατο
746 3495 875 3571 παθεῖν
893 3497 966 3571 τῶν
983 3498 1141 3594 γενητῶν
1162 3493 1185 3592 ή
1209 3491 1337 3599 φύσις,

140 3623 249 3696 τοῦτο
271 3613 315 3714 δή
339 3613 484 3699 πάντως
509 3614 722 3721 ῦποδείξειεν
741 3615 979 3715 ὑπομείναντα
995 3613 1058 3694 τὸν
1078 3615 1186 3696 Θεόν.
1226 3613 1249 3718 ή
1268 3613 1340 3719 γὰρ

142 3739 223 3844 οῦχὶ
249 3737 292 3818 τὸ
320 3737 359 3818 ἔκ
386 3773 480 3822 τινος
507 3735 600 3818 κατὰ
627 3737 742 3845 φύσιν
766 3737 1020 3840 γεγεννημένον
1038 3741 1193 3840 ἀληθῶς,
1213 3738 1369 3839 ὁμοού-ι3

141 3897 226 3944 σιον
250 3869 302 3970 τηῖ
323 3861 460 3942 τεκόντι
483 3861 671 3968 φαίνεται;
702 3864 760 3941 καὶ
780 3867 859 3946 πῶς
886 3865 953 3967 οὐχ
981 3859 1098 3943 ἅπασι
1125 3864 1313 3969 συμφανές
1325 3895 1336 3961 ;

141 3989 271 4068 οῦκοῦν
302 3987 324 4086 ή
356 3987 422 4085 μὲν
453 3986 569 4068 κτίσις
601 3983 692 4065 κατὰ
727 3983 840 4088 λόγον
871 3983 1014 4089 πρόεισι
1046 3985 1110 4065 τὸν
1141 3985 1337 4088 πρέποντα·

85 4154 129 4212 30
141 4113 249 4192 τίκτει
277 4109 350 4214 γὰρ
377 4111 440 4190 οῦκ
468 4111 660 4211 ἀλλογενῆ·
695 4106 807 4208 μόνον
834 4106 873 4188 δὲ
899 4107 1063 4190 παθόντα
1089 4105 1271 4190 τὸνθεόν
1298 4107 1341 4190 τῦ

140 4236 300 4316 ε’ναντίον
327 4231 538 4338 εὑρήσομεν,
562 4231 659 4338 εἴπερ
687 4236 871 4336 ἀλλογενῆ
898 4231 1088 4335 γεγέννηκε
1121 4235 1180 4314 καὶ
1207 4233 1272 4314 οῦκ
1299 4231 1345 4341 ἐξ
1481 4279 1505 4318 ο

143 4361 234 4445 ἰδίας
254 4356 400 4466 φύσεως
422 4355 486 4437 τὸν
504 4353 606 4438 Υίόν.

632 4603 658 4653 4·
675 4581 853 4655 311²&on-

726 4687 749 4748 4
763 4687 784 4730 Δ
