<?xml version="1.0" encoding="UTF-8"?>
<!DOCTYPE html PUBLIC "-//W3C//DTD XHTML 1.0 Transitional//EN"
    "http://www.w3.org/TR/xhtml1/DTD/xhtml1-transitional.dtd">
<html xmlns="http://www.w3.org/1999/xhtml" xml:lang="en" lang="en">
 <head>
  <title>
</title>
<meta http-equiv="Content-Type" content="text/html;charset=utf-8" />
  <meta name='ocr-system' content='tesseract 3.04.00' />
  <meta name='ocr-capabilities' content='ocr_page ocr_carea ocr_par ocr_line ocrx_word'/>
</head>
<body>
  <div class='ocr_page' id='page_1' title='image "./sanctipatrisnos02pusegoog_0620.png"; bbox 0 0 3274 5118; ppageno 0'>
   <div class='ocr_carea' id='block_1_1' title="bbox 298 312 1500 384">
    <p class='ocr_par' dir='ltr' id='par_1_1' title="bbox 298 312 1500 384">
     <span class='ocr_line' id='line_1_1' title="bbox 298 312 1500 384; baseline -0.001 -9"><span class='ocrx_word' id='word_1_1' title='bbox 298 313 363 380; x_wconf 80' lang='lat'>582</span> <span class='ocrx_word' id='word_1_2' title='bbox 601 319 641 383; x_wconf 91' lang='grc' dir='ltr'>Β.</span> <span class='ocrx_word' id='word_1_3' title='bbox 665 319 874 384; x_wconf 79' lang='lat' dir='ltr'><strong>CYRILLI</strong></span> <span class='ocrx_word' id='word_1_4' title='bbox 904 318 1194 384; x_wconf 82' lang='lat' dir='ltr'><strong>ALEXANDR.</strong></span> <span class='ocrx_word' id='word_1_5' title='bbox 1375 335 1430 376; x_wconf 86' lang='lat' dir='ltr'>xv.</span> <span class='ocrx_word' id='word_1_6' title='bbox 1447 312 1500 374; x_wconf 92' lang='lat'>16.</span> 
     </span>
    </p>
   </div>
   <div class='ocr_carea' id='block_1_2' title="bbox 135 475 1556 2815">
    <p class='ocr_par' dir='ltr' id='par_1_2' title="bbox 300 475 1500 586">
     <span class='ocr_line' id='line_1_2' title="bbox 300 475 1500 586; baseline -0.002 -29"><span class='ocrx_word' id='word_1_7' title='bbox 300 475 363 557; x_wconf 78' lang='grc' dir='ltr'>τὸν</span> <span class='ocrx_word' id='word_1_8' title='bbox 390 483 453 579; x_wconf 83' lang='grc' dir='ltr'>τῆς</span> <span class='ocrx_word' id='word_1_9' title='bbox 478 479 569 561; x_wconf 80' lang='grc' dir='ltr'>κατὰ</span> <span class='ocrx_word' id='word_1_10' title='bbox 591 481 713 586; x_wconf 82' lang='grc' dir='ltr'>σάρκα</span> <span class='ocrx_word' id='word_1_11' title='bbox 738 488 930 586; x_wconf 77' lang='grc' dir='ltr'>περιτομῆς</span> <span class='ocrx_word' id='word_1_12' title='bbox 957 486 1106 564; x_wconf 82' lang='grc' dir='ltr'>ἐποιεῖτο</span> <span class='ocrx_word' id='word_1_13' title='bbox 1133 481 1256 584; x_wconf 86' lang='grc' dir='ltr'>λόγον,</span> <span class='ocrx_word' id='word_1_14' title='bbox 1281 479 1349 582; x_wconf 83' lang='grc' dir='ltr'>οὐχ</span> <span class='ocrx_word' id='word_1_15' title='bbox 1375 477 1500 578; x_wconf 88' lang='grc' dir='ltr'>ἑτέρου</span> 
     </span>
    </p>

    <p class='ocr_par' dir='ltr' id='par_1_3' title="bbox 135 598 1501 959">
     <span class='ocr_line' id='line_1_3' title="bbox 303 598 1501 712; baseline 0.001 -31"><span class='ocrx_word' id='word_1_16' title='bbox 303 602 397 688; x_wconf 79' lang='grc' dir='ltr'>τινὸς</span> <span class='ocrx_word' id='word_1_17' title='bbox 421 605 527 709; x_wconf 83' lang='grc' dir='ltr'>χάριν</span> <span class='ocrx_word' id='word_1_18' title='bbox 559 604 726 687; x_wconf 77' lang='grc' dir='ltr'>δεδόσθαι</span> <span class='ocrx_word' id='word_1_19' title='bbox 758 607 892 706; x_wconf 81' lang='grc' dir='ltr'>ταύτην</span> <span class='ocrx_word' id='word_1_20' title='bbox 923 608 1175 712; x_wconf 88' lang='grc' dir='ltr'>διισχυρίσατο</span> <span class='ocrx_word' id='word_1_21' title='bbox 1201 610 1246 710; x_wconf 79' lang='grc' dir='ltr'>τῇ</span> <span class='ocrx_word' id='word_1_22' title='bbox 1277 610 1342 683; x_wconf 80' lang='grc' dir='ltr'>τοῦ</span> <span class='ocrx_word' id='word_1_23' title='bbox 1374 598 1501 702; x_wconf 81' lang='grc' dir='ltr'>γένους</span> 
     </span>
     <span class='ocr_line' id='line_1_4' title="bbox 135 717 1500 837; baseline -0.002 -32"><span class='ocrx_word' id='word_1_24' title='bbox 135 717 252 836; x_wconf 47' lang='grc' dir='ltr'>ψ·</span> <span class='ocrx_word' id='word_1_25' title='bbox 304 729 460 833; x_wconf 82' lang='grc' dir='ltr'>ἀπαρχῇ,</span> <span class='ocrx_word' id='word_1_26' title='bbox 479 729 642 809; x_wconf 83' lang='grc' dir='ltr'>τουτείττι</span> <span class='ocrx_word' id='word_1_27' title='bbox 661 735 712 837; x_wconf 78' lang='grc' dir='ltr'>τῷ</span> <span class='ocrx_word' id='word_1_28' title='bbox 729 729 912 832; x_wconf 78' lang='grc' dir='ltr'>Ἀβραὰμ,</span> <span class='ocrx_word' id='word_1_29' title='bbox 931 727 1036 829; x_wconf 79' lang='grc' dir='ltr'>ἢτοῦ</span> <span class='ocrx_word' id='word_1_30' title='bbox 1055 729 1221 831; x_wconf 83' lang='grc' dir='ltr'>γενέσθαι</span> <span class='ocrx_word' id='word_1_31' title='bbox 1240 737 1262 776; x_wconf 87' lang='grc'><strong>“</strong></span> <span class='ocrx_word' id='word_1_32' title='bbox 1273 732 1424 826; x_wconf 86' lang='grc' dir='ltr'>σημεῖον</span> <span class='ocrx_word' id='word_1_33' title='bbox 1439 727 1500 802; x_wconf 77' lang='grc' dir='ltr'>καὶ</span> 
     </span>
     <span class='ocr_line' id='line_1_5' title="bbox 304 845 1501 959; baseline -0.005 -30"><span class='ocrx_word' id='word_1_34' title='bbox 304 861 326 896; x_wconf 92' lang='grc'>“</span> <span class='ocrx_word' id='word_1_35' title='bbox 344 855 533 956; x_wconf 85' lang='grc' dir='ltr'>σφραγῖδα</span> <span class='ocrx_word' id='word_1_36' title='bbox 559 857 620 950; x_wconf 77' lang='grc' dir='ltr'>τῆς</span> <span class='ocrx_word' id='word_1_37' title='bbox 648 855 685 932; x_wconf 87' lang='grc' dir='ltr'>έν</span> <span class='ocrx_word' id='word_1_38' title='bbox 708 852 931 959; x_wconf 76' lang='grc' dir='ltr'>ἀκροβυστίᾳ</span> <span class='ocrx_word' id='word_1_39' title='bbox 956 853 1146 936; x_wconf 89' lang='grc' dir='ltr'>πίστεως.”</span> <span class='ocrx_word' id='word_1_40' title='bbox 1183 849 1268 932; x_wconf 81' lang='grc' dir='ltr'>εἶδέ</span> <span class='ocrx_word' id='word_1_41' title='bbox 1293 847 1366 952; x_wconf 80' lang='grc' dir='ltr'>πρὸ</span> <span class='ocrx_word' id='word_1_42' title='bbox 1385 845 1501 945; x_wconf 82' lang='grc' dir='ltr'>νόμου</span> 
     </span>
    </p>

    <p class='ocr_par' dir='ltr' id='par_1_4' title="bbox 274 969 1532 1573">
     <span class='ocr_line' id='line_1_6' title="bbox 274 969 1532 1076; baseline -0.003 -23"><span class='ocrx_word' id='word_1_43' title='bbox 274 973 327 1072; x_wconf 73' lang='grc' dir='ltr'><em>θὴ</em></span> <span class='ocrx_word' id='word_1_44' title='bbox 354 975 578 1076; x_wconf 79' lang='grc' dir='ltr'>ἀκροβυστία</span> <span class='ocrx_word' id='word_1_45' title='bbox 603 977 683 1074; x_wconf 85' lang='grc' dir='ltr'>μεθ’</span> <span class='ocrx_word' id='word_1_46' title='bbox 712 975 755 1076; x_wconf 72' lang='grc' dir='ltr'>ἧς</span> <span class='ocrx_word' id='word_1_47' title='bbox 781 978 839 1054; x_wconf 80' lang='grc' dir='ltr'>καὶ</span> <span class='ocrx_word' id='word_1_48' title='bbox 867 977 889 1076; x_wconf 86' lang='grc' dir='ltr'><strong><em>ἡ</em></strong></span> <span class='ocrx_word' id='word_1_49' title='bbox 917 977 1049 1074; x_wconf 90' lang='grc' dir='ltr'>πίστις,</span> <span class='ocrx_word' id='word_1_50' title='bbox 1068 975 1158 1074; x_wconf 80' lang='grc' dir='ltr'>μετὰ</span> <span class='ocrx_word' id='word_1_51' title='bbox 1179 973 1217 1055; x_wconf 87' lang='grc' dir='ltr'>δέ</span> <span class='ocrx_word' id='word_1_52' title='bbox 1242 971 1306 1054; x_wconf 79' lang='grc' dir='ltr'>τάν</span> <span class='ocrx_word' id='word_1_53' title='bbox 1334 971 1445 1069; x_wconf 86' lang='grc' dir='ltr'>νόμον</span> <span class='ocrx_word' id='word_1_54' title='bbox 1475 969 1532 1067; x_wconf 74' lang='grc' dir='ltr'>ἦε</span> 
     </span>
     <span class='ocr_line' id='line_1_7' title="bbox 304 1093 1499 1204; baseline -0.001 -30"><span class='ocrx_word' id='word_1_55' title='bbox 304 1093 475 1197; x_wconf 78' lang='grc' dir='ltr'>περιτομὴ</span> <span class='ocrx_word' id='word_1_56' title='bbox 500 1097 542 1178; x_wconf 81' lang='grc' dir='ltr'>τὸ</span> <span class='ocrx_word' id='word_1_57' title='bbox 569 1101 606 1178; x_wconf 91' lang='grc' dir='ltr'>έκ</span> <span class='ocrx_word' id='word_1_58' title='bbox 634 1100 790 1183; x_wconf 87' lang='grc' dir='ltr'>πίστεως</span> <span class='ocrx_word' id='word_1_59' title='bbox 820 1100 883 1178; x_wconf 79' lang='grc' dir='ltr'>οὐκ</span> <span class='ocrx_word' id='word_1_60' title='bbox 912 1099 1047 1204; x_wconf 88' lang='grc' dir='ltr'>έχουσα</span> <span class='ocrx_word' id='word_1_61' title='bbox 1079 1099 1256 1203; x_wconf 84' lang='grc' dir='ltr'>καύχημα,</span> <span class='ocrx_word' id='word_1_62' title='bbox 1278 1097 1499 1178; x_wconf 77' lang='grc' dir='ltr'>πεπίστευκε</span> 
     </span>
     <span class='ocr_line' id='line_1_8' title="bbox 305 1216 1499 1328; baseline 0 -31"><span class='ocrx_word' id='word_1_63' title='bbox 305 1218 342 1298; x_wconf 84' lang='grc' dir='ltr'>δέ</span> <span class='ocrx_word' id='word_1_64' title='bbox 360 1220 531 1324; x_wconf 82' lang='grc' dir='ltr'>Ἀβραὰμ</span> <span class='ocrx_word' id='word_1_65' title='bbox 550 1224 587 1302; x_wconf 87' lang='grc' dir='ltr'>έν</span> <span class='ocrx_word' id='word_1_66' title='bbox 605 1222 838 1328; x_wconf 76' lang='grc' dir='ltr'>ἀκροβυστίᾳ·</span> <span class='ocrx_word' id='word_1_67' title='bbox 865 1229 942 1306; x_wconf 82' lang='grc' dir='ltr'>πῶς</span> <span class='ocrx_word' id='word_1_68' title='bbox 961 1223 1002 1302; x_wconf 84' lang='grc' dir='ltr'>οὐ</span> <span class='ocrx_word' id='word_1_69' title='bbox 1019 1221 1249 1325; x_wconf 88' lang='grc' dir='ltr'>πρεσβυτέρα</span> <span class='ocrx_word' id='word_1_70' title='bbox 1267 1225 1330 1320; x_wconf 77' lang='grc' dir='ltr'>τῆς</span> <span class='ocrx_word' id='word_1_71' title='bbox 1347 1216 1499 1324; x_wconf 80' lang='grc' dir='ltr'>ἐννόμῳ</span> 
     </span>
     <span class='ocr_line' id='line_1_9' title="bbox 304 1342 1498 1445; baseline -0.003 -22"><span class='ocrx_word' id='word_1_72' title='bbox 304 1344 485 1427; x_wconf 76' lang='grc' dir='ltr'>πολιτείας</span> <span class='ocrx_word' id='word_1_73' title='bbox 512 1344 615 1445; x_wconf 88' lang='grc' dir='ltr'>ἡδιά</span> <span class='ocrx_word' id='word_1_74' title='bbox 638 1346 796 1428; x_wconf 91' lang='grc' dir='ltr'>πίστεως</span> <span class='ocrx_word' id='word_1_75' title='bbox 820 1345 922 1424; x_wconf 89' lang='grc' dir='ltr'>έσται</span> <span class='ocrx_word' id='word_1_76' title='bbox 947 1344 1164 1445; x_wconf 81' lang='grc' dir='ltr'>δικαιοσύνη,</span> <span class='ocrx_word' id='word_1_77' title='bbox 1188 1342 1440 1443; x_wconf 69' lang='grc' dir='ltr'>δικαιουμεῖιων</span> <span class='ocrx_word' id='word_1_78' title='bbox 1458 1373 1498 1420; x_wconf 86' lang='grc' dir='ltr'>τε</span> 
     </span>
     <span class='ocr_line' id='line_1_10' title="bbox 306 1464 1499 1573; baseline -0.002 -29"><span class='ocrx_word' id='word_1_79' title='bbox 306 1469 364 1544; x_wconf 80' lang='grc' dir='ltr'>καὶ</span> <span class='ocrx_word' id='word_1_80' title='bbox 392 1469 691 1570; x_wconf 73' lang='grc' dir='ltr'>ἐλευθερουμένων</span> <span class='ocrx_word' id='word_1_81' title='bbox 719 1467 776 1547; x_wconf 88' lang='grc' dir='ltr'>διά</span> <span class='ocrx_word' id='word_1_82' title='bbox 801 1473 864 1567; x_wconf 78' lang='grc' dir='ltr'>τῆς</span> <span class='ocrx_word' id='word_1_83' title='bbox 890 1475 937 1552; x_wconf 85' lang='grc' dir='ltr'>είς</span> <span class='ocrx_word' id='word_1_84' title='bbox 967 1467 1063 1549; x_wconf 81' lang='grc' dir='ltr'>Θεὸν</span> <span class='ocrx_word' id='word_1_85' title='bbox 1088 1469 1223 1573; x_wconf 88' lang='grc' dir='ltr'>φιλίας,</span> <span class='ocrx_word' id='word_1_86' title='bbox 1244 1464 1404 1568; x_wconf 81' lang='grc' dir='ltr'>καθάπερ</span> <span class='ocrx_word' id='word_1_87' title='bbox 1431 1466 1499 1543; x_wconf 85' lang='lat' dir='ltr'>&#39;A-</span> 
     </span>
    </p>

    <p class='ocr_par' dir='ltr' id='par_1_5' title="bbox 170 1587 1556 2188">
     <span class='ocr_line' id='line_1_11' title="bbox 170 1587 1556 1693; baseline -0.003 -24"><span class='ocrx_word' id='word_1_88' title='bbox 170 1635 175 1646; x_wconf 94' lang='lat'><strong>·</strong></span> <span class='ocrx_word' id='word_1_89' title='bbox 218 1631 225 1648; x_wconf 95' lang='lat'><strong>·</strong></span> <span class='ocrx_word' id='word_1_90' title='bbox 305 1587 452 1691; x_wconf 86' lang='grc' dir='ltr'>βραάμ;</span> <span class='ocrx_word' id='word_1_91' title='bbox 483 1591 575 1670; x_wconf 79' lang='grc' dir='ltr'>οὕτω</span> <span class='ocrx_word' id='word_1_92' title='bbox 603 1590 674 1693; x_wconf 83' lang='grc' dir='ltr'>γὰρ</span> <span class='ocrx_word' id='word_1_93' title='bbox 700 1590 802 1671; x_wconf 88' lang='grc' dir='ltr'>έσται</span> <span class='ocrx_word' id='word_1_94' title='bbox 830 1596 887 1671; x_wconf 81' lang='grc' dir='ltr'>καὶ</span> <span class='ocrx_word' id='word_1_95' title='bbox 916 1602 939 1639; x_wconf 87' lang='grc'><strong>“</strong></span> <span class='ocrx_word' id='word_1_96' title='bbox 950 1590 1070 1692; x_wconf 78' lang='grc' dir='ltr'>πατὴρ</span> <span class='ocrx_word' id='word_1_97' title='bbox 1095 1597 1248 1671; x_wconf 85' lang='grc' dir='ltr'>πολλῶν</span> <span class='ocrx_word' id='word_1_98' title='bbox 1276 1589 1422 1678; x_wconf 82' lang='grc' dir='ltr'>έθνῶν,”</span> <span class='ocrx_word' id='word_1_99' title='bbox 1456 1587 1503 1693; x_wconf 80' lang='grc' dir='ltr'>ἐξ</span> <span class='ocrx_word' id='word_1_100' title='bbox 1518 1635 1556 1675; x_wconf 82' lang='lat'>10</span> 
     </span>
     <span class='ocr_line' id='line_1_12' title="bbox 305 1710 1496 1818; baseline -0.001 -28"><span class='ocrx_word' id='word_1_101' title='bbox 305 1713 532 1813; x_wconf 80' lang='grc' dir='ltr'>ἐπαγγελίας,</span> <span class='ocrx_word' id='word_1_102' title='bbox 553 1716 595 1792; x_wconf 82' lang='grc' dir='ltr'>οὐ</span> <span class='ocrx_word' id='word_1_103' title='bbox 613 1712 704 1792; x_wconf 82' lang='grc' dir='ltr'>κατὰ</span> <span class='ocrx_word' id='word_1_104' title='bbox 722 1711 852 1816; x_wconf 89' lang='grc' dir='ltr'>σάρκα.</span> <span class='ocrx_word' id='word_1_105' title='bbox 890 1717 948 1794; x_wconf 83' lang='grc' dir='ltr'>καὶ</span> <span class='ocrx_word' id='word_1_106' title='bbox 971 1722 1083 1794; x_wconf 81' lang='grc' dir='ltr'>ταῦτα</span> <span class='ocrx_word' id='word_1_107' title='bbox 1102 1716 1175 1793; x_wconf 78' lang='grc' dir='ltr'>νυνὶ</span> <span class='ocrx_word' id='word_1_108' title='bbox 1195 1713 1382 1818; x_wconf 83' lang='grc' dir='ltr'>χρησίμως</span> <span class='ocrx_word' id='word_1_109' title='bbox 1398 1710 1496 1812; x_wconf 78' lang='grc' dir='ltr'>εἰρή-</span> 
     </span>
     <span class='ocr_line' id='line_1_13' title="bbox 305 1830 1497 1943; baseline 0.005 -30"><span class='ocrx_word' id='word_1_110' title='bbox 305 1868 425 1932; x_wconf 88' lang='grc' dir='ltr'>καμεν,</span> <span class='ocrx_word' id='word_1_111' title='bbox 445 1835 503 1916; x_wconf 83' lang='grc' dir='ltr'>διὰ</span> <span class='ocrx_word' id='word_1_112' title='bbox 530 1833 572 1916; x_wconf 80' lang='grc' dir='ltr'>τὸ</span> <span class='ocrx_word' id='word_1_113' title='bbox 598 1837 709 1943; x_wconf 85' lang='grc' dir='ltr'>φάναι</span> <span class='ocrx_word' id='word_1_114' title='bbox 735 1835 798 1917; x_wconf 84' lang='grc' dir='ltr'>τὸν</span> <span class='ocrx_word' id='word_1_115' title='bbox 818 1838 952 1939; x_wconf 81' lang='grc' dir='ltr'>Κύρων</span> <span class='ocrx_word' id='word_1_116' title='bbox 969 1837 1093 1918; x_wconf 80' lang='grc' dir='ltr'>Οὐιιίτι</span> <span class='ocrx_word' id='word_1_117' title='bbox 1116 1834 1210 1939; x_wconf 77' lang='grc' dir='ltr'>λέγω</span> <span class='ocrx_word' id='word_1_118' title='bbox 1234 1842 1327 1940; x_wconf 79' lang='grc' dir='ltr'>ἀμοῖς</span> <span class='ocrx_word' id='word_1_119' title='bbox 1345 1830 1497 1919; x_wconf 82' lang='grc' dir='ltr'>θοίλους·</span> 
     </span>
     <span class='ocr_line' id='line_1_14' title="bbox 304 1956 1501 2068; baseline 0.004 -31"><span class='ocrx_word' id='word_1_120' title='bbox 304 1963 398 2063; x_wconf 74' lang='grc' dir='ltr'>ὑμεῖς</span> <span class='ocrx_word' id='word_1_121' title='bbox 420 1965 517 2065; x_wconf 88' lang='grc' dir='ltr'>φίλοι</span> <span class='ocrx_word' id='word_1_122' title='bbox 546 1995 609 2064; x_wconf 87' lang='grc' dir='ltr'>μιν</span> <span class='ocrx_word' id='word_1_123' title='bbox 637 1959 721 2058; x_wconf 79' lang='grc' dir='ltr'>ε’στέ,</span> <span class='ocrx_word' id='word_1_124' title='bbox 752 1967 798 2040; x_wconf 82' lang='grc' dir='ltr'>ἰ’τι</span> <span class='ocrx_word' id='word_1_125' title='bbox 822 1961 941 2041; x_wconf 84' lang='grc' dir='ltr'>πάιτιι</span> <span class='ocrx_word' id='word_1_126' title='bbox 966 1957 992 2040; x_wconf 77' lang='grc' dir='ltr'>θ</span> <span class='ocrx_word' id='word_1_127' title='bbox 1019 1958 1148 2054; x_wconf 68' lang='grc' dir='ltr'>ἥκουσα</span> <span class='ocrx_word' id='word_1_128' title='bbox 1172 1958 1270 2068; x_wconf 73' lang='grc' dir='ltr'>παράι</span> <span class='ocrx_word' id='word_1_129' title='bbox 1290 1960 1346 2039; x_wconf 81' lang='grc' dir='ltr'>τοῧ</span> <span class='ocrx_word' id='word_1_130' title='bbox 1366 1956 1501 2064; x_wconf 69' lang='grc' dir='ltr'>Πιιτρδε</span> 
     </span>
     <span class='ocr_line' id='line_1_15' title="bbox 305 2084 600 2188; baseline 0.017 -27"><span class='ocrx_word' id='word_1_131' title='bbox 305 2084 497 2184; x_wconf 73' lang='grc' dir='ltr'>ιἰνίγγειλιι</span> <span class='ocrx_word' id='word_1_132' title='bbox 515 2087 600 2188; x_wconf 76' lang='grc' dir='ltr'>ὑμῖν.</span> 
     </span>
    </p>

    <p class='ocr_par' dir='ltr' id='par_1_6' title="bbox 137 2269 407 2350">
     <span class='ocr_line' id='line_1_16' title="bbox 137 2269 407 2350; baseline 0 0"><span class='ocrx_word' id='word_1_133' title='bbox 137 2293 293 2350; x_wconf 71' lang='lat' dir='ltr'>ema</span> <span class='ocrx_word' id='word_1_134' title='bbox 403 2269 407 2275; x_wconf 79' lang='grc'><strong>’</strong></span> 
     </span>
    </p>

    <p class='ocr_par' dir='ltr' id='par_1_7' title="bbox 255 2361 1555 2815">
     <span class='ocr_line' id='line_1_17' title="bbox 255 2361 1555 2452; baseline -0.001 -23"><span class='ocrx_word' id='word_1_135' title='bbox 255 2371 292 2429; x_wconf 86' lang='lat'>16</span> <span class='ocrx_word' id='word_1_136' title='bbox 307 2361 373 2450; x_wconf 83' lang='grc' dir='ltr'>Οὐχ</span> <span class='ocrx_word' id='word_1_137' title='bbox 415 2361 506 2441; x_wconf 81' lang='grc' dir='ltr'>ὑμεῖς</span> <span class='ocrx_word' id='word_1_138' title='bbox 549 2387 589 2441; x_wconf 88' lang='grc' dir='ltr'>με</span> <span class='ocrx_word' id='word_1_139' title='bbox 622 2367 826 2446; x_wconf 72' lang='grc' dir='ltr'>ἐξελέξασθε,</span> <span class='ocrx_word' id='word_1_140' title='bbox 862 2366 930 2432; x_wconf 81' lang='grc' dir='ltr'>ἀλλ’</span> <span class='ocrx_word' id='word_1_141' title='bbox 971 2365 1036 2440; x_wconf 62' lang='lat' dir='ltr'>&amp;sco</span> <span class='ocrx_word' id='word_1_142' title='bbox 1075 2366 1275 2441; x_wconf 65' lang='grc' dir='ltr'>ἐξελεξάμην</span> <span class='ocrx_word' id='word_1_143' title='bbox 1315 2365 1410 2444; x_wconf 77' lang='grc' dir='ltr'>ὑμᾶς,</span> <span class='ocrx_word' id='word_1_144' title='bbox 1448 2363 1501 2429; x_wconf 80' lang='grc' dir='ltr'>καὶ</span> <span class='ocrx_word' id='word_1_145' title='bbox 1519 2391 1555 2452; x_wconf 83' lang='lat'>15</span> 
     </span>
     <span class='ocr_line' id='line_1_18' title="bbox 356 2489 1502 2580; baseline 0.003 -26"><span class='ocrx_word' id='word_1_146' title='bbox 356 2489 485 2554; x_wconf 85' lang='grc' dir='ltr'>τέθεικα</span> <span class='ocrx_word' id='word_1_147' title='bbox 513 2489 595 2566; x_wconf 77' lang='grc' dir='ltr'>ὑμᾶς</span> <span class='ocrx_word' id='word_1_148' title='bbox 622 2491 675 2556; x_wconf 83' lang='grc' dir='ltr'>ἵνα</span> <span class='ocrx_word' id='word_1_149' title='bbox 702 2492 846 2566; x_wconf 77' lang='grc' dir='ltr'>ὑπάςιιτε</span> <span class='ocrx_word' id='word_1_150' title='bbox 875 2493 927 2556; x_wconf 80' lang='grc' dir='ltr'>καί</span> <span class='ocrx_word' id='word_1_151' title='bbox 955 2489 1081 2580; x_wconf 86' lang='grc' dir='ltr'>καρπὸν</span> <span class='ocrx_word' id='word_1_152' title='bbox 1108 2490 1232 2580; x_wconf 69' lang='grc' dir='ltr'>φέρητε</span> <span class='ocrx_word' id='word_1_153' title='bbox 1255 2491 1308 2555; x_wconf 80' lang='grc' dir='ltr'>καὶ</span> <span class='ocrx_word' id='word_1_154' title='bbox 1332 2489 1350 2558; x_wconf 88' lang='grc' dir='ltr'>ὁ</span> <span class='ocrx_word' id='word_1_155' title='bbox 1375 2490 1502 2578; x_wconf 86' lang='grc' dir='ltr'>καρπόι</span> 
     </span>
     <span class='ocr_line' id='line_1_19' title="bbox 358 2612 1503 2705; baseline 0.004 -30"><span class='ocrx_word' id='word_1_156' title='bbox 358 2613 447 2688; x_wconf 85' lang='grc' dir='ltr'>ὑμῶν</span> <span class='ocrx_word' id='word_1_157' title='bbox 466 2617 558 2705; x_wconf 77' lang='grc' dir='ltr'>μένη·</span> <span class='ocrx_word' id='word_1_158' title='bbox 591 2616 644 2679; x_wconf 79' lang='grc' dir='ltr'>ἵνα</span> <span class='ocrx_word' id='word_1_159' title='bbox 666 2617 684 2681; x_wconf 89' lang='grc' dir='ltr'><strong>ὄ</strong></span> <span class='ocrx_word' id='word_1_160' title='bbox 705 2640 736 2681; x_wconf 89' lang='grc' dir='ltr'>τι</span> <span class='ocrx_word' id='word_1_161' title='bbox 763 2616 802 2682; x_wconf 81' lang='grc' dir='ltr'>ἂν</span> <span class='ocrx_word' id='word_1_162' title='bbox 822 2612 977 2684; x_wconf 77' lang='grc' dir='ltr'>αἰτιίοιιτε</span> <span class='ocrx_word' id='word_1_163' title='bbox 1004 2616 1059 2684; x_wconf 86' lang='grc' dir='ltr'>τὸν</span> <span class='ocrx_word' id='word_1_164' title='bbox 1079 2615 1209 2704; x_wconf 80' lang='grc' dir='ltr'>Πατέρα</span> <span class='ocrx_word' id='word_1_165' title='bbox 1236 2616 1271 2681; x_wconf 83' lang='grc' dir='ltr'>ὲν</span> <span class='ocrx_word' id='word_1_166' title='bbox 1290 2617 1338 2700; x_wconf 84' lang='grc' dir='ltr'>τῷ</span> <span class='ocrx_word' id='word_1_167' title='bbox 1364 2614 1503 2692; x_wconf 85' lang='grc' dir='ltr'>ὀνόματί</span> 
     </span>
     <span class='ocr_line' id='line_1_20' title="bbox 359 2735 658 2815; baseline 0.007 -13"><span class='ocrx_word' id='word_1_168' title='bbox 359 2759 420 2812; x_wconf 88' lang='grc' dir='ltr'>μου</span> <span class='ocrx_word' id='word_1_169' title='bbox 448 2737 547 2804; x_wconf 82' lang='grc' dir='ltr'>δώσει</span> <span class='ocrx_word' id='word_1_170' title='bbox 574 2735 658 2815; x_wconf 84' lang='grc' dir='ltr'>ὑμῖν.</span> 
     </span>
    </p>
   </div>
   <div class='ocr_carea' id='block_1_3' title="bbox 274 2909 1557 4248">
    <p class='ocr_par' dir='ltr' id='par_1_8' title="bbox 308 2909 1557 3261">
     <span class='ocr_line' id='line_1_21' title="bbox 364 2909 1503 3018; baseline 0.004 -29"><span class='ocrx_word' id='word_1_171' title='bbox 364 2911 460 2990; x_wconf 73' lang='grc' dir='ltr'>Οὔτε</span> <span class='ocrx_word' id='word_1_172' title='bbox 485 2918 559 2994; x_wconf 86' lang='grc' dir='ltr'>τοῖς</span> <span class='ocrx_word' id='word_1_173' title='bbox 582 2912 675 3013; x_wconf 84' lang='grc' dir='ltr'>ἀγαν</span> <span class='ocrx_word' id='word_1_174' title='bbox 699 2912 999 3016; x_wconf 88' lang='grc' dir='ltr'>δυσαχθεστέροις</span> <span class='ocrx_word' id='word_1_175' title='bbox 1027 2911 1349 3018; x_wconf 80' lang='grc' dir='ltr'>καταφορτίζεσθαι</span> <span class='ocrx_word' id='word_1_176' title='bbox 1378 2909 1503 3010; x_wconf 82' lang='grc' dir='ltr'>λόγοις</span> 
     </span>
     <span class='ocr_line' id='line_1_22' title="bbox 308 3030 1557 3140; baseline -0.002 -29"><span class='ocrx_word' id='word_1_177' title='bbox 308 3030 390 3117; x_wconf 83' lang='grc' dir='ltr'>τοίις</span> <span class='ocrx_word' id='word_1_178' title='bbox 408 3034 529 3135; x_wconf 83' lang='grc' dir='ltr'>ἁγίους</span> <span class='ocrx_word' id='word_1_179' title='bbox 548 3037 670 3140; x_wconf 79' lang='grc' dir='ltr'>ἐφίησι</span> <span class='ocrx_word' id='word_1_180' title='bbox 693 3035 864 3136; x_wconf 83' lang='grc' dir='ltr'>μαθητὰς,</span> <span class='ocrx_word' id='word_1_181' title='bbox 884 3034 925 3116; x_wconf 82' lang='grc' dir='ltr'>τὸ</span> <span class='ocrx_word' id='word_1_182' title='bbox 950 3034 1047 3117; x_wconf 78' lang='grc' dir='ltr'>πολὺ</span> <span class='ocrx_word' id='word_1_183' title='bbox 1066 3031 1222 3118; x_wconf 80' lang='grc' dir='ltr'>νενευκὸς</span> <span class='ocrx_word' id='word_1_184' title='bbox 1241 3039 1289 3118; x_wconf 81' lang='grc' dir='ltr'>εἰς</span> <span class='ocrx_word' id='word_1_185' title='bbox 1312 3033 1503 3114; x_wconf 86' lang='grc' dir='ltr'>ἀσθένειαν</span> <span class='ocrx_word' id='word_1_186' title='bbox 1518 3071 1557 3110; x_wconf 78' lang='lat'>20</span> 
     </span>
     <span class='ocr_line' id='line_1_23' title="bbox 308 3155 1503 3261; baseline 0.003 -27"><span class='ocrx_word' id='word_1_187' title='bbox 308 3163 380 3235; x_wconf 80' lang='grc' dir='ltr'>τῶν</span> <span class='ocrx_word' id='word_1_188' title='bbox 410 3159 641 3260; x_wconf 88' lang='grc' dir='ltr'>ἀνθρωπίνων</span> <span class='ocrx_word' id='word_1_189' title='bbox 671 3167 861 3261; x_wconf 83' lang='grc' dir='ltr'>λογισμῶν</span> <span class='ocrx_word' id='word_1_190' title='bbox 891 3160 953 3240; x_wconf 83' lang='grc' dir='ltr'>οὐκ</span> <span class='ocrx_word' id='word_1_191' title='bbox 983 3157 1178 3260; x_wconf 83' lang='grc' dir='ltr'>ἀγνοήσας,</span> <span class='ocrx_word' id='word_1_192' title='bbox 1204 3162 1252 3242; x_wconf 84' lang='grc' dir='ltr'>ὡς</span> <span class='ocrx_word' id='word_1_193' title='bbox 1281 3155 1390 3255; x_wconf 79' lang='grc' dir='ltr'>θεὸς,</span> <span class='ocrx_word' id='word_1_194' title='bbox 1422 3160 1503 3238; x_wconf 84' lang='grc' dir='ltr'>οὔτε</span> 
     </span>
    </p>

    <p class='ocr_par' dir='ltr' id='par_1_9' title="bbox 274 3279 1553 4248">
     <span class='ocr_line' id='line_1_24' title="bbox 274 3279 1500 3389; baseline 0.002 -31"><span class='ocrx_word' id='word_1_195' title='bbox 274 3279 380 3379; x_wconf 65' lang='grc' dir='ltr'>ιςμὴν</span> <span class='ocrx_word' id='word_1_196' title='bbox 397 3287 476 3364; x_wconf 85' lang='grc' dir='ltr'>ταῖς,</span> <span class='ocrx_word' id='word_1_197' title='bbox 492 3281 718 3384; x_wconf 86' lang='grc' dir='ltr'>ὑπερμέτροις</span> <span class='ocrx_word' id='word_1_198' title='bbox 734 3283 919 3382; x_wconf 90' lang='grc' dir='ltr'>θυμηδίαις</span> <span class='ocrx_word' id='word_1_199' title='bbox 937 3286 978 3389; x_wconf 82' lang='grc' dir='ltr'>έᾷ</span> <span class='ocrx_word' id='word_1_200' title='bbox 1000 3287 1196 3363; x_wconf 85' lang='grc' dir='ltr'>διακεῖσθαι</span> <span class='ocrx_word' id='word_1_201' title='bbox 1213 3281 1304 3384; x_wconf 84' lang='grc' dir='ltr'>πρὸς</span> <span class='ocrx_word' id='word_1_202' title='bbox 1322 3279 1365 3360; x_wconf 83' lang='grc' dir='ltr'>τὸ</span> <span class='ocrx_word' id='word_1_203' title='bbox 1383 3279 1500 3360; x_wconf 82' lang='grc' dir='ltr'>εὐόλι·</span> 
     </span>
     <span class='ocr_line' id='line_1_25' title="bbox 308 3400 1502 3508; baseline 0 -26"><span class='ocrx_word' id='word_1_204' title='bbox 308 3410 413 3484; x_wconf 90' lang='grc' dir='ltr'>σθον·</span> <span class='ocrx_word' id='word_1_205' title='bbox 450 3405 593 3503; x_wconf 89' lang='grc' dir='ltr'>νόσημα</span> <span class='ocrx_word' id='word_1_206' title='bbox 620 3405 690 3507; x_wconf 87' lang='grc' dir='ltr'>γάρ</span> <span class='ocrx_word' id='word_1_207' title='bbox 717 3441 794 3490; x_wconf 91' lang='grc' dir='ltr'>πως</span> <span class='ocrx_word' id='word_1_208' title='bbox 819 3408 879 3484; x_wconf 78' lang='grc' dir='ltr'>καὶ</span> <span class='ocrx_word' id='word_1_209' title='bbox 907 3415 1014 3485; x_wconf 83' lang='grc' dir='ltr'>τοῦτο</span> <span class='ocrx_word' id='word_1_210' title='bbox 1041 3405 1181 3508; x_wconf 88' lang='grc' dir='ltr'>πικρόν·</span> <span class='ocrx_word' id='word_1_211' title='bbox 1213 3405 1298 3502; x_wconf 89' lang='grc' dir='ltr'>μίαν</span> <span class='ocrx_word' id='word_1_212' title='bbox 1318 3404 1355 3484; x_wconf 83' lang='grc' dir='ltr'>δέ</span> <span class='ocrx_word' id='word_1_213' title='bbox 1376 3400 1502 3504; x_wconf 76' lang='grc' dir='ltr'>ὥσπερ</span> 
     </span>
     <span class='ocr_line' id='line_1_26' title="bbox 308 3526 1502 3632; baseline 0.005 -28"><span class='ocrx_word' id='word_1_214' title='bbox 308 3526 352 3630; x_wconf 82' lang='grc' dir='ltr'>ἐξ</span> <span class='ocrx_word' id='word_1_215' title='bbox 377 3529 512 3632; x_wconf 85' lang='grc' dir='ltr'>ἀμφοῖν</span> <span class='ocrx_word' id='word_1_216' title='bbox 540 3527 751 3629; x_wconf 86' lang='grc' dir='ltr'>διακεράσας</span> <span class='ocrx_word' id='word_1_217' title='bbox 789 3527 983 3628; x_wconf 87' lang='grc' dir='ltr'>μεσότητα,</span> <span class='ocrx_word' id='word_1_218' title='bbox 1011 3533 1164 3628; x_wconf 86' lang='grc' dir='ltr'>ποδηγεῖ</span> <span class='ocrx_word' id='word_1_219' title='bbox 1197 3526 1421 3625; x_wconf 88' lang='grc' dir='ltr'>καθηκόντως</span> <span class='ocrx_word' id='word_1_220' title='bbox 1454 3532 1502 3610; x_wconf 79' lang='grc' dir='ltr'>εἰς</span> 
     </span>
     <span class='ocr_line' id='line_1_27' title="bbox 308 3649 1553 3756; baseline -0.001 -30"><span class='ocrx_word' id='word_1_221' title='bbox 308 3651 463 3756; x_wconf 83' lang='grc' dir='ltr'>ἀσφαλῆ</span> <span class='ocrx_word' id='word_1_222' title='bbox 488 3651 623 3750; x_wconf 91' lang='grc' dir='ltr'>τρίβον,</span> <span class='ocrx_word' id='word_1_223' title='bbox 652 3653 710 3730; x_wconf 81' lang='grc' dir='ltr'>καὶ</span> <span class='ocrx_word' id='word_1_224' title='bbox 737 3651 919 3736; x_wconf 90' lang='grc' dir='ltr'>πολιτείας</span> <span class='ocrx_word' id='word_1_225' title='bbox 946 3653 1063 3735; x_wconf 83' lang='grc' dir='ltr'>αὐτοῖς</span> <span class='ocrx_word' id='word_1_226' title='bbox 1091 3655 1155 3750; x_wconf 75' lang='grc' dir='ltr'>τῆς</span> <span class='ocrx_word' id='word_1_227' title='bbox 1184 3649 1416 3752; x_wconf 87' lang='grc' dir='ltr'>έδραιοτέρας,</span> <span class='ocrx_word' id='word_1_228' title='bbox 1444 3651 1502 3729; x_wconf 81' lang='grc' dir='ltr'>καὶ</span> <span class='ocrx_word' id='word_1_229' title='bbox 1518 3681 1553 3741; x_wconf 80' lang='lat'>²5</span> 
     </span>
     <span class='ocr_line' id='line_1_28' title="bbox 308 3768 1501 3877; baseline 0.003 -27"><span class='ocrx_word' id='word_1_230' title='bbox 308 3768 582 3876; x_wconf 85' lang='grc' dir='ltr'>σφαλερότητος</span> <span class='ocrx_word' id='word_1_231' title='bbox 616 3770 761 3872; x_wconf 87' lang='grc' dir='ltr'>ἁπάσης</span> <span class='ocrx_word' id='word_1_232' title='bbox 795 3775 1079 3877; x_wconf 79' lang='grc' dir='ltr'>ἀπηλλαγμένης</span> <span class='ocrx_word' id='word_1_233' title='bbox 1107 3771 1326 3876; x_wconf 80' lang='grc' dir='ltr'>ἐνεργάζεται</span> <span class='ocrx_word' id='word_1_234' title='bbox 1353 3779 1501 3874; x_wconf 86' lang='grc' dir='ltr'>γνῶσιν.</span> 
     </span>
     <span class='ocr_line' id='line_1_29' title="bbox 308 3895 1504 4001; baseline 0.004 -27"><span class='ocrx_word' id='word_1_235' title='bbox 308 3895 546 3995; x_wconf 74' lang='grc' dir='ltr'>διαρκέστατα</span> <span class='ocrx_word' id='word_1_236' title='bbox 571 3895 691 3974; x_wconf 91' lang='grc' dir='ltr'>τοίνυν</span> <span class='ocrx_word' id='word_1_237' title='bbox 712 3895 839 3979; x_wconf 75' lang='grc' dir='ltr'>αὐτοὺς</span> <span class='ocrx_word' id='word_1_238' title='bbox 866 3905 940 3980; x_wconf 86' lang='grc' dir='ltr'>τοῖς</span> <span class='ocrx_word' id='word_1_239' title='bbox 968 3904 1015 3980; x_wconf 82' lang='grc' dir='ltr'>είς</span> <span class='ocrx_word' id='word_1_240' title='bbox 1042 3897 1275 3999; x_wconf 79' lang='grc' dir='ltr'>παράκλησιν</span> <span class='ocrx_word' id='word_1_241' title='bbox 1302 3895 1504 4001; x_wconf 71' lang='grc' dir='ltr'>ἀπαλείψας</span> 
     </span>
     <span class='ocr_line' id='line_1_30' title="bbox 308 4003 1503 4122; baseline 0.002 -26"><span class='ocrx_word' id='word_1_242' title='bbox 308 4015 442 4118; x_wconf 89' lang='grc' dir='ltr'>λόγοις,</span> <span class='ocrx_word' id='word_1_243' title='bbox 461 4019 517 4096; x_wconf 79' lang='grc' dir='ltr'>καὶ</span> <span class='ocrx_word' id='word_1_244' title='bbox 540 4018 596 4122; x_wconf 82' lang='grc' dir='ltr'>ἐφ’</span> <span class='ocrx_word' id='word_1_245' title='bbox 616 4016 668 4102; x_wconf 80' lang='grc' dir='ltr'>οἷς</span> <span class='ocrx_word' id='word_1_246' title='bbox 687 4015 731 4118; x_wconf 84' lang='grc' dir='ltr'>ἦν</span> <span class='ocrx_word' id='word_1_247' title='bbox 749 4018 840 4102; x_wconf 82' lang='grc' dir='ltr'>είκὸς</span> <span class='ocrx_word' id='word_1_248' title='bbox 868 4018 1165 4121; x_wconf 88' lang='grc' dir='ltr'>καταστυγνοίσαι</span> <span class='ocrx_word' id='word_1_249' title='bbox 1193 4018 1350 4122; x_wconf 78' lang='grc' dir='ltr'>πρέπειν,</span> <span class='ocrx_word' id='word_1_250' title='bbox 1368 4003 1503 4122; x_wconf 82' lang='grc' dir='ltr'>χαίρειν</span> 
     </span>
     <span class='ocr_line' id='line_1_31' title="bbox 307 4140 1503 4248; baseline 0.004 -29"><span class='ocrx_word' id='word_1_251' title='bbox 307 4140 503 4226; x_wconf 87' lang='grc' dir='ltr'>ἀναπείσας</span> <span class='ocrx_word' id='word_1_252' title='bbox 539 4141 580 4247; x_wconf 82' lang='grc' dir='ltr'>ἐξ</span> <span class='ocrx_word' id='word_1_253' title='bbox 615 4144 876 4248; x_wconf 81' lang='grc' dir='ltr'>ἀντιστροφῆς,</span> <span class='ocrx_word' id='word_1_254' title='bbox 915 4150 992 4226; x_wconf 87' lang='grc' dir='ltr'>ταῖς</span> <span class='ocrx_word' id='word_1_255' title='bbox 1027 4148 1083 4226; x_wconf 77' lang='grc' dir='ltr'>εἰς’</span> <span class='ocrx_word' id='word_1_256' title='bbox 1112 4143 1304 4248; x_wconf 87' lang='grc' dir='ltr'>φιλεργίαν</span> <span class='ocrx_word' id='word_1_257' title='bbox 1340 4143 1503 4224; x_wconf 81' lang='grc' dir='ltr'>ἐντολαῖς</span> 
     </span>
    </p>
   </div>
   <div class='ocr_carea' id='block_1_4' title="bbox 308 4383 1499 4594">
    <p class='ocr_par' dir='ltr' id='par_1_10' title="bbox 308 4383 1499 4594">
     <span class='ocr_line' id='line_1_32' title="bbox 345 4383 1498 4512; baseline 0 -74"><span class='ocrx_word' id='word_1_258' title='bbox 345 4400 386 4438; x_wconf 79' lang='lat'>12.</span> <span class='ocrx_word' id='word_1_259' title='bbox 404 4383 533 4455; x_wconf 82' lang='grc' dir='ltr'>λέγονΕ.</span> <span class='ocrx_word' id='word_1_260' title='bbox 703 4387 743 4441; x_wconf 88' lang='lat'>18.</span> <span class='ocrx_word' id='word_1_261' title='bbox 762 4386 841 4441; x_wconf 77' lang='grc' dir='ltr'>δώσει</span> <span class='ocrx_word' id='word_1_262' title='bbox 854 4387 886 4442; x_wconf 87' lang='grc' dir='ltr'>Ε.</span> <span class='ocrx_word' id='word_1_263' title='bbox 894 4386 939 4512; x_wconf 71' lang='grc' dir='ltr'>φο)</span> <span class='ocrx_word' id='word_1_264' title='bbox 953 4388 990 4460; x_wconf 78' lang='grc' dir='ltr'>δῷ</span> <span class='ocrx_word' id='word_1_265' title='bbox 1004 4387 1054 4444; x_wconf 82' lang='lat' dir='ltr'>Ed.</span> <span class='ocrx_word' id='word_1_266' title='bbox 1220 4403 1262 4454; x_wconf 82' lang='lat'>24.</span> <span class='ocrx_word' id='word_1_267' title='bbox 1280 4385 1331 4440; x_wconf 87' lang='grc' dir='ltr'>ποδ</span> <span class='ocrx_word' id='word_1_268' title='bbox 1381 4387 1454 4441; x_wconf 68' lang='lat' dir='ltr'>fame</span> <span class='ocrx_word' id='word_1_269' title='bbox 1466 4385 1498 4438; x_wconf 85' lang='lat' dir='ltr'>E.</span> 
     </span>
     <span class='ocr_line' id='line_1_33' title="bbox 308 4453 1499 4594; baseline 0 -86"><span class='ocrx_word' id='word_1_270' title='bbox 308 4453 577 4594; x_wconf 46' lang='grc' dir='ltr'>ιη5αηιὲιφ1ιγτειάςΕλῗ.</span> <span class='ocrx_word' id='word_1_271' title='bbox 592 4453 642 4509; x_wconf 80' lang='lat' dir='ltr'>Ed.</span> <span class='ocrx_word' id='word_1_272' title='bbox 656 4457 921 4527; x_wconf 65' lang='grc' dir='ltr'>ωμτολιτείανΕ.</span> <span class='ocrx_word' id='word_1_273' title='bbox 1125 4471 1167 4530; x_wconf 79' lang='lat'>27.</span> <span class='ocrx_word' id='word_1_274' title='bbox 1186 4456 1333 4526; x_wconf 68' lang='grc' dir='ltr'>ἀπαλείψας</span> <span class='ocrx_word' id='word_1_275' title='bbox 1371 4455 1499 4510; x_wconf 82' lang='grc' dir='ltr'>.δπαλκί·</span> 
     </span>
    </p>
   </div>
   <div class='ocr_carea' id='block_1_5' title="bbox 0 0 1643 5118">
    <p class='ocr_par' dir='ltr' id='par_1_11' title="bbox 0 0 1643 5118">
     <span class='ocr_line' id='line_1_34' title="bbox 0 0 1643 5118; baseline 0 0"><span class='ocrx_word' id='word_1_276' title='bbox 0 0 1643 5118; x_wconf 95' lang='lat' dir='ltr'> </span> 
     </span>
    </p>
   </div>
  </div>
 </body>
</html>
