3184 5104
407 325 470 390 152
709 329 748 394 B.
773 329 982 394 CYRILLI
1012 329 1302 396 ALEXANDR.

407 491 508 570 ἐστὶν
536 495 585 578 ὡς
613 497 652 574 ἐν
676 495 784 603 ἑτέριρ
813 497 871 574 καῖ
901 496 1141 603 άπλουστέρερ
1168 494 1273 603 λόγῳ
1294 495 1375 574 Οῦκ
1402 491 1447 599 ἐξ
1472 526 1492 570 ο

408 613 674 716 ἁμαρτημάτων
706 617 728 720 ἢ
766 625 919 721 γονικεῦν
953 621 973 700 ὁ
1011 618 1200 722 ἅνθρωπος
1238 617 1416 723 άπετέχθη
1450 650 1494 697 τυ

241 751 360 810 ῦθθὰ
379 737 527 838 εέπειδὴ
557 739 594 821 δὲ
624 739 728 850 ἅπαξ
753 751 861 824 τοῦτο
892 747 1019 822 παθεῖν
1049 743 1271 844 συμβέβηκε,
1300 739 1451 821 δυνατὸν
1481 775 1494 818 κ

409 863 506 971 αύτῷ
531 865 747 972 δοξάζεσθαι
771 865 962 948 τὸνθεόν·
1002 865 1179 969 ὅτανγὰρ
1205 867 1362 973 ἐνεργείᾳ
1386 871 1431 969 τῇ
1456 865 1494 942 άν

408 994 473 1067 τοῦ
500 999 812 1096 παρενοχλοῦντος
837 995 896 1073 καὶ
921 991 1193 1096 ἐπισκήψαντος
1217 992 1313 1098 αὐτῷ
1337 989 1475 1072 πάθους

410 1117 512 1214 θερος
531 1115 665 1222 εὑρεθῇ,
685 1117 738 1200 τίς
756 1117 799 1195 οῦ
818 1114 996 1214 θαυμάσει
1013 1115 1078 1195 τὸν
1097 1115 1241 1216 ίατρόν;
1272 1116 1324 1199 τίς
1350 1112 1389 1194 δὲ
1410 1121 1474 1193 τοῦ

409 1235 611 1324 πεύσοντος
629 1241 670 1319 οῦ
689 1239 887 1345 κατόψεται
905 1239 972 1340 τὴν
990 1239 1140 1337 δύναμιν
1158 1243 1195 1320 ἐν
1213 1241 1336 1345 αῦτῷ;

466 1362 612 1464 Ταύτην
631 1360 728 1464 οἶμαι
746 1363 812 1464 τὴν
829 1361 987 1444 διάνοιαν
1005 1366 1187 1465 ἐγκεῖσθαι
1205 1369 1256 1471 τῷ
1273 1362 1493 1470 προκειμένῳ

412 1483 450 1566 δὲ
480 1493 554 1572 τοῖς
583 1495 747 1573 συνετοῖς
775 1488 913 1596 ἐξέστω
940 1485 986 1568 τά
1013 1486 1226 1591 τελειότερα·
1267 1494 1296 1567 εῖ
1329 1488 1366 1568 δὲ
1398 1486 1452 1566 ὅτι
1485 1521 1494 1566 τ

412 1616 626 1716 φιλονεικεῖν
655 1611 791 1692 οἴονταί
816 1645 921 1709 τινες,
956 1611 1016 1692 διά
1044 1646 1082 1692 τε
1112 1611 1218 1692 τοῦτό
1248 1618 1344 1718 φασι
1376 1610 1440 1690 τὸν
1469 1645 1494 1688 τ

412 1738 652 1836 γεγενιοῖσθαι
676 1737 741 1816 τὸν
762 1737 965 1840 ἄνθρωπον,
982 1737 1040 1816 ’ίνα
1062 1734 1225 1840 Χριστὸς
1251 1739 1289 1816 ἐν
1306 1737 1402 1842 αὐτῷ
1429 1735 1494 1840 δοξ

379 1855 525 1937 ῦπάλιν
543 1861 691 1961 ἐροῦμεν
708 1861 828 1944 αὐτοῖς
842 1856 940 1963 Ἀρα
965 1861 1028 1941 οῦν
1049 1855 1079 1938 ὦ
1103 1867 1259 1962 γενναῖοι
1283 1858 1391 1958 μόνος
1416 1858 1461 1960 ἦν
1483 1863 1494 1938 έ

414 1983 452 2060 ἐν
471 1980 540 2088 ὅλῃ
558 1988 604 2088 τῇ
621 1985 776 2092 Ἰουδαίᾳ
799 1983 939 2091 τυφλὸς
962 1987 1001 2064 ἐκ
1026 1987 1179 2088 γενετῆς,
1199 1981 1290 2064 κατὰ
1307 1983 1370 2064 τὸν
1389 1987 1452 2082 τῆς
1470 2018 1494 2062 π

413 2107 498 2191 σίας
517 2115 580 2187 τοῦ
598 2113 765 2211 Σωτῆρος
778 2109 879 2209 ἡμῶν
893 2107 1028 2211 καιρὸν,
1039 2108 1156 2192 άλλος
1176 2106 1214 2188 δὲ
1232 2109 1344 2192 οὐδεὶς
1361 2106 1403 2188 τὸ
1420 2142 1494 2209 παρ

415 2231 501 2310 ἀλλ’
522 2227 620 2330 οἶμαι
639 2234 697 2312 καὶ
716 2233 783 2338 οῦχ
802 2231 940 2316 ἑκόντες
960 2228 1252 2334 ὁμολομῇσονται
1271 2235 1319 2315 ὡς
1337 2230 1382 2332 ἦν
1400 2228 1436 2310 δὲ
1461 2265 1494 2309 κι

416 2353 566 2461 σφόδρα
584 2354 677 2441 εἰκὸς
695 2357 759 2435 οῦκ
777 2355 1014 2457 εὐαρίθμητον
1032 2359 1070 2436 ἐν
1089 2356 1158 2463 ὅλῃ
1176 2361 1222 2462 τῇ
1240 2355 1342 2462 χώρᾳ
1359 2362 1431 2434 τῶν
1444 2388 1494 2434 τοι

417 2475 505 2558 εἶναι
534 2477 600 2578 τὴν
627 2480 783 2579 πληθύν.
830 2487 907 2565 πῶς
935 2481 998 2560 οῦν
1026 2485 1074 2564 εῖς
1101 2479 1162 2559 ἕνα
1190 2481 1248 2559 καὶ
1275 2478 1396 2579 μόνον,
1425 2476 1447 2577 ἢ
1481 2513 1494 2556 κ

416 2600 554 2703 ἑτέρους
587 2602 651 2683 τὸν
679 2601 831 2708 ἀριθμὸν
858 2611 1007 2718 βραχεῖς
1038 2604 1060 2703 ἡ
1094 2604 1270 2710 ἐπίδειξις,
1299 2603 1378 2704 ἤτοι
1417 2611 1493 2708 φιλι

417 2725 543 2827 γέγονε
566 2734 631 2806 τοῦ
649 2733 841 2831 Χριστοῦ;
878 2731 963 2808 ἀλλ’
983 2725 1084 2825 οἶμαί
1111 2763 1151 2831 γε
1177 2728 1221 2828 δὴ
1246 2731 1305 2808 καὶ
1330 2725 1373 2808 τὸ
1397 2729 1455 2807 ἐπὶ
1480 2761 1493 2805 τ

389 2848 514 2934 οῦλως
533 2853 769 2932 διατείνεσθαι
787 2851 966 2956 περιττόν.
998 2854 1124 2934 οῦκοῦν
1143 2856 1191 2938 ὡς
1209 2855 1330 2952 εὔηθες
1347 2853 1475 2956 κομιδῇ

419 2971 569 3074 σάμενοι
594 2975 635 3056 τὸ
661 2975 705 3082 ἐξ
727 2979 851 3081 ἀρχῆς,
870 2979 1016 3078 ἐροῦμεν
1036 2979 1085 3061 ὡς
1106 2976 1249 3076 ἀληθές,
1268 2975 1321 3056 ὅτι
1339 2983 1491 3056 τοσοῦτο

419 3099 664 3207 ἀποκαλύψας
688 3101 725 3180 ἐν
750 3107 824 3183 τοῖς
848 3099 1071 3204 ζητουμένοις
1096 3100 1187 3180 ὅσον
1208 3103 1276 3180 ἔδει
1300 3105 1436 3201 μαθεῖν,
1457 3102 1491 3179 ἀι

418 3222 509 3327 πρὸς
529 3223 648 3327 ἕτερον
666 3223 780 3325 λόγον
799 3229 862 3325 τῆς
881 3227 919 3304 έν
937 3223 1075 3310 τούτοις
1100 3223 1240 3329 ε’ρεύνης
1265 3227 1403 3332 εῦψυεῦς
1428 3225 1490 3303 ῦπε

418 3346 482 3427 τὸν
499 3347 589 3428 ἴδιον
606 3347 781 3448 μαθητήν.

386 3631 522 3708 4“Ημᾶο
551 3626 600 3696 δεῖ
626 3631 814 3722 ὲρτάςεαθαι
840 3633 879 3700 τὰ
907 3633 986 3722 ἒρτα
1011 3639 1068 3699 τοῦ
1094 3635 1286 3711 πέμψαντος
1310 3631 1397 3708 εἰμᾶα
1420 3632 1485 3696 ἕως

534 3757 632 3824 ἐστίν·
668 3757 799 3847 ἔρχεται
826 3757 893 3840 νὺξ,
920 3761 975 3828 ὅτε
1003 3757 1112 3824 οὐδεὶς
1139 3757 1275 3824 δύναται
1300 3756 1487 3846 ὲρτάζεσθαι

474 3936 569 4017 Ἰδοῦ
595 3937 639 4038 δὴ
666 3937 750 4019 λίαν
773 3942 810 4018 ἐν
832 3939 970 4024 τούτοις
998 3946 1130 4046 σαφῶς
1159 3974 1197 4019 τε
1226 3941 1285 4019 καὶ
1310 3940 1468 4020 ἐπιεικῶς

418 4063 498 4168 ουχὶ
531 4063 590 4142 καὶ
622 4063 741 4167 ἕτερον
774 4061 996 4162 ῦποπλήττει
1033 4059 1116 4148 τοῦς
1150 4061 1315 4164 μαθητὰς
1350 4065 1397 4146 ὡς
1433 4061 1487 4140 ἕτε

384 4187 661 4290 ἁτραπομένονς
689 4187 775 4290 παρ’
805 4186 894 4291 ὅπερ
922 4190 1045 4292 ε’χρῆν,
1077 4191 1136 4268 καὶ
1167 4185 1346 4294 ἁμαξιτὸν
1371 4185 1435 4285 μέν
1463 4187 1486 4264 ά

454 4447 480 4494 4.
499 4428 581 4485 ὅτεα.
678 4449 704 4502 9.
724 4431 823 4498 ε’ξέστιο
838 4429 870 4485 B.
883 4430 972 4498 ἔξεστι
986 4429 1079 4484 Holst.
1093 4429 1157 4485 Eds
1192 4431 1313 4516 λειότερα
1325 4429 1485 4498 Β.τελειθτε

418 4495 490 4576 dayit
505 4498 552 4552 Ht.
655 4517 695 4555 10.
714 4503 760 4555 τὸν
772 4510 942 4569 assumptum
955 4517 988 4553 ex
1002 4500 1035 4554 B.
1133 4517 1176 4574 29.
1196 4523 1371 4572 τραπομενους
1385 4501 1417 4555 B.
1429 4523 1485 4572 πρα

417 4581 492 4631 ρςιιιε
506 4569 621 4635 scripsit,
635 4569 731 4624 deinde
743 4569 919 4639 τραπομένους
931 4571 1045 4625 correxit
1059 4571 1098 4626 Ht
1100 4609 1195 4627 .....
1206 4571 1299 4642 μένους
1311 4570 1384 4627 Aub.
