3238 5114
273 216 338 282 670
578 217 616 282 Β.
641 216 854 284 CYRILLI
884 215 1175 283 ALEXANDR.
1370 207 1496 282 xvii3·

271 385 329 462 καὶ
356 389 421 462 τοῦ
447 379 575 485 Ἀγίου
601 383 821 484 Πνεύματος·
864 383 885 484 ἡ
913 382 1026 482 μονάς
1050 381 1122 485 γὰρ
1149 383 1263 464 οὕτως
1291 379 1335 458 έν
1357 371 1501 476 Τριάδι

272 512 402 586 νοεῖται
429 509 488 587 καὶ
515 507 719 589 πιστεύεται
745 507 838 589 κατά
863 507 927 593 τὰς
944 507 1103 616 γραφάς.
1137 507 1306 586 Ἰουδαῖοι
1323 498 1405 600 μέν
1425 495 1503 599 γὰρ

270 635 350 714 ταῖς
377 627 436 710 διὰ
460 631 646 717 Μωυσέως
675 633 836 718 ἐντολαῖς
863 631 955 736 πρὸς
979 631 1188 713 ἀπόστασιν
1214 623 1505 728 ποδηγούμενα

271 759 345 832 τῶν
357 761 512 835 πολλῶν
524 789 563 836 τε
582 760 641 837 καὶ
659 755 915 864 ψευδωνύμων,
927 753 1142 860 προσῄεσάν
1160 789 1198 835 τε
1215 754 1277 835 καὶ
1296 744 1507 852 λατρεύειν

103 873 229 998 ᾖξεξθ·
272 877 500 959 ἀνεπεῖθοντο
522 885 575 988 τῷ
596 879 696 988 μόνῳ
722 883 780 960 καὶ
797 882 972 988 ἀληθινῷ.
1007 891 1028 930 “
1044 877 1178 983 Κύρων
1200 875 1272 980 γὰρ
1299 872 1372 956 τόν
1396 871 1536 965 Θεύν5

104 1005 208 1136 ζίᾟῑ
273 1009 295 1048 “
312 1035 383 1082 σου
406 1001 683 1105 προσκυνήσεις,
704 1004 725 1083 ὁ
744 1001 850 1102 νόμος
874 1008 980 1110 φησὶ,
998 1006 1056 1083 καὶ
1082 1005 1178 1110 αὐτῷ
1199 1001 1300 1108 μόνῳ
1323 995 1504 1099 λατρεύ·

274 1132 296 1171 “
313 1125 424 1210 σεις.”
462 1125 547 1207 ἀλλ’
576 1133 610 1208 οῖ
641 1133 693 1234 τῷ
723 1124 822 1236 μόνιρ
849 1131 908 1208 καὶ
939 1129 1100 1233 ἀληθινῷ
1131 1121 1427 1226 λελατρευκότες
1460 1154 1505 1200 τε

239 1248 342 1350 ὓῆθη
359 1252 418 1330 καὶ
435 1253 697 1352 προσκείμενοι,
716 1255 764 1336 ὡς
784 1253 884 1332 οὔπω
907 1251 1048 1332 τελείαν
1066 1249 1207 1354 ἔχοντες
1223 1255 1291 1328 τοῦ
1314 1281 1504 1349 προσκυ-

272 1373 442 1471 νουμένου
469 1372 536 1476 τὴν
560 1381 708 1477 γνῶσιν,
734 1374 792 1454 διὰ
819 1381 892 1454 τῶν
908 1383 973 1455 τοῦ
992 1378 1160 1476 Σωτῆρος
1187 1373 1288 1472 ἡμῶν
1307 1370 1505 1475 ῥημάτων

271 1506 467 1579 καλοῦνται
490 1505 565 1580 νυνὶ
586 1497 680 1603 πρός
701 1497 821 1599 αύτῆν,
840 1501 908 1605 οὐχ
926 1498 981 1580 ότι
998 1497 1118 1596 μόνος,
1137 1495 1184 1580 εἷς
1202 1531 1241 1576 τε
1259 1497 1319 1576 καὶ
1338 1493 1504 1594 ἀληθὴς
1519 1537 1554 1577 ιο

273 1619 463 1703 ἀπόντων
488 1622 702 1727 δημιουργὸς
725 1622 975 1723 μανθάνοντες,
1000 1621 1161 1702 ἀλλ’ὅτι
1185 1624 1243 1701 καὶ
1263 1619 1401 1722 Πατὴρ
1430 1623 1503 1699 καὶ

271 1745 352 1825 τίνα
374 1744 569 1849 γεγέννηκε,
589 1748 791 1844 μᾶλλονδὲ
815 1748 885 1849 ἤδη
906 1751 964 1827 καὶ
986 1749 1143 1851 ἀκριβῶς
1170 1743 1279 1826 αι’ττὸν
1296 1748 1335 1824 έν
1353 1747 1495 1846 ἀτταρ-

272 1871 446 1980 αλλάκτιρ
465 1870 711 1973 θεωρήσαντες
729 1871 844 1968 εἰκόνι,
862 1871 1037 1970 τουτέστι,
1055 1877 1107 1979 τῷ
1122 1876 1210 1978 Υῖῷ.
1244 1869 1304 1948 διὰ
1322 1868 1401 1972 γὰρ
1418 1878 1499 1949 τοῦ

271 2003 496 2103 χαρακτῆρος
514 1999 560 2079 ἰὀι
579 2035 633 2084 τις
651 1997 695 2080 οῖν
713 2003 771 2080 καὶ
789 2006 891 2098 μα’λα
913 2001 1041 2108 ῥᾳδίως
1062 2000 1121 2080 ἐπὶ
1147 1997 1303 2098 τὴντῶν
1325 1998 1496 2103 ἀρχετύ-

271 2158 351 2204 πων
369 2125 548 2230 ἀκραιφνῆ
567 2124 725 2228 θεωρίαν.
758 2121 1021 2224 ἀναγκαιότατα
1042 2124 1161 2203 τοίνυν
1180 2124 1200 2202 ὁ
1221 2121 1354 2226 Κύριος
1374 2124 1493 2223 ἡμῶν
1511 2165 1562 2220 15.

242 2247 415 2346 οἸησοιῖς
433 2248 453 2327 ὁ
472 2247 635 2349 Χριστὸς
657 2246 740 2333 τοὺς
762 2243 821 2326 διά
846 2248 1003 2331 πίστεως
1026 2247 1262 2346 κεκλημένους
1289 2251 1339 2329 εἷς
1357 2251 1489 2327 υἱοθε-

271 2374 357 2451 σίαν
384 2375 442 2452 καὶ
469 2372 562 2476 ζωὴν
594 2373 747 2462 αῖιόνιον,
776 2373 817 2451 ού
849 2370 959 2468 μόνον
992 2371 1062 2476 ἔφη
1092 2375 1220 2476 χρῆναι
1252 2377 1391 2469 μαθεῖν,
1422 2372 1488 2452 ὅτι

270 2497 377 2598 μόνος
405 2501 484 2578 ε’στῖ
512 2502 570 2579 καὶ
597 2499 766 2601 ἀληθινὸς
791 2501 811 2580 ὁ
835 2499 938 2596 eche,
963 2499 1048 2578 ἀλλ’
1072 2497 1127 2579 ὅτι
1151 2502 1211 2579 καὶ
1240 2497 1384 2603 Πατῆρ,
1417 2506 1486 2580 καὶ

270 2623 365 2706 τίνος
388 2625 467 2702 ἐστὶ
487 2623 626 2724 Πατὴρ,
645 2632 709 2703 τοῦ
733 2623 784 2704 δι”
797 2624 890 2723 ἡμᾶς
914 2621 1083 2722 δηλονότι
1110 2620 1246 2725 σαρκὸς
1271 2622 1483 2725 γεγονότος,

270 2744 545 2846 ἀπεσταλμένον
580 2782 619 2827 τε
655 2745 746 2851 πρὸς
788 2745 1036 2848 ἐπανόρθωσιν
1072 2750 1137 2846 τῆς
1178 2747 1481 2856 κατεφθαρμένης
1498 2790 1540 2827 ιο

271 2871 417 2980 φύσεως
435 2876 593 2976 λογικῆς,
612 2869 776 2953 τουτέστι
794 2876 857 2973 τῆς
875 2871 1161 2976 ἀνθρωπότητος.
