3274 5118
304 343 369 408 564
607 342 646 406 B.
669 339 883 406 OYRILLI
912 338 1204 404 ALEXANDR.
1408 357 1462 398 xv.
1477 347 1507 414 7.

306 505 482 610 καύχημα·
532 509 552 586 ὁ
581 507 652 610 γὰρ
678 515 837 591 τοιοῦτος
865 509 923 586 καὶ
951 509 989 585 ἐν
1013 510 1165 612 Χριστῷ
1191 505 1296 602 μένει,
1326 504 1386 580 καὶ
1414 500 1507 604 έχων

305 629 508 736 ὀφθήσεται
534 631 617 715 τοῦς
644 629 776 734 λόγους
804 633 923 728 αὑτοῦ,
947 629 1040 709 κατὰ
1065 628 1107 708 τό
1131 631 1168 708 ἐν
1190 628 1312 734 βίβλῳ
1340 629 1508 731 ψαλμῶν

306 754 487 856 εἶρημένον
514 757 562 836 ῶς
590 753 681 856 πρὸς
710 753 804 834 Θεόν
833 767 853 802 “
868 755 934 834 Ἐν
962 759 1007 858 τῇ
1035 755 1162 860 καρδίᾳ
1189 787 1259 852 μου
1286 750 1432 854 ἔκρυψα
1462 747 1508 826 τό

272 879 329 943 d“
347 874 455 979 λόγιά
473 911 553 974 σου,
574 876 670 961 ὅπως
690 875 734 956 ἀν
752 877 802 977 μή
828 876 976 980 ἁμάρτω
996 879 1088 958 σοι.”
1115 875 1241 978 ῶσπερ
1257 871 1329 976 γὰρ
1348 872 1453 953 εἴτις
1470 873 1510 948 ἐν

306 1001 410 1102 ἄγγει
429 1007 556 1108 χαλκῷ
574 1001 685 1102 πυρός
704 1001 874 1082 ἀπόθοιτο
892 1001 1050 1104 σπέρμα,
1069 1001 1213 1084 πάντως
1231 997 1347 1097 δήπου
1365 999 1426 1075 καὶ
1444 998 1541 1092 τῆς5

306 1125 390 1227 παρ’
421 1126 529 1204 αὑτοῦ
566 1123 781 1228 θερμότητος
819 1124 1031 1205 ἀποτελέσει
1066 1126 1230 1228 μέτοχον,
1260 1125 1372 1204 οῦτως
1410 1121 1432 1198 ό
1469 1122 1510 1198 ε’ν

307 1253 411 1355 ψυχῇ
439 1282 477 1328 τε
505 1251 563 1328 καὶ
592 1247 719 1356 καρδίᾳ
745 1247 809 1329 τόν
837 1248 932 1329 θεῖόν
954 1283 992 1326 τε
1020 1252 1079 1328 καὶ
1107 1246 1270 1351 οῦράνιον
1295 1244 1408 1346 λόγον
1431 1249 1510 1323 δια-

307 1372 466 1476 κατέχων
485 1381 576 1470 νοῦς,
596 1371 638 1451 δι’
658 1375 815 1478 ἐφέσεως
843 1377 907 1471 τῆς
931 1379 979 1457 εἰς
1005 1371 1154 1452 ἅπασαν
1176 1369 1315 1474 ἀρετὴν,
1334 1371 1388 1448 ἀεὶ
1415 1366 1510 1470 πρὸς

308 1505 413 1578 τοῦτο
432 1497 474 1576 δι’
495 1499 603 1576 αὐτοῦ
621 1498 854 1597 θερμαίνεται.
892 1497 1093 1599 γέγραπται
1116 1495 1186 1598 γάρ
1205 1506 1227 1540 “
1241 1493 1511 1592 Πεπυρωμένον

309 1631 329 1668 “
348 1617 390 1700 τό
429 1619 554 1722 λόγιόν
586 1654 657 1700 σου
695 1617 855 1726 σφόδρα,
892 1625 949 1700 καὶ
986 1623 1005 1699 ό
1042 1618 1170 1703 δοῦλός
1207 1653 1278 1698 σου
1315 1616 1511 1718 ήγάυησεν
1530 1649 1568 1689 ιο

308 1755 329 1792 “
347 1741 465 1826 αύτό.”

138 750 211 828 1³⁸¹...

137 829 261 865 οιτυιαι.

364 1868 413 1948 ‘O
432 1869 561 1966 τοίνυν,
582 1871 685 1972 φησὶ,
708 1867 945 1970 καταστήσας
971 1871 1008 1949 έν
1031 1871 1168 1954 τούτοις
1192 1868 1238 1948 τὰ
1264 1868 1345 1949 καθ’
1364 1867 1509 1963 ἑαυτὸν,

280 1996 368 2073 ικαὶ
390 1997 438 2078 εἷς
461 2001 567 2073 τοῦτο
589 1991 719 2074 λοιπόν
738 1993 964 2099 καυχήματος
990 1993 1233 2094 ἀναβεβηκὼς,
1253 1996 1301 2077 ὡς
1324 1995 1353 2073 έν
1373 1995 1449 2098 ἐμοί
1470 2027 1512 2071 τε

309 2117 424 2215 μένειν
443 2113 561 2215 αύτόν,
578 2115 669 2223 ἔχειν
687 2151 725 2196 τε
743 2119 826 2221 παρ’
848 2119 960 2226 ἑαυτῷ
977 2116 1059 2202 τοῦς
1075 2115 1180 2215 ἐμοῦς
1207 2115 1350 2218 λόγους,
1369 2119 1509 2196 ἀνυπο-

309 2238 453 2325 στόλως
480 2241 655 2344 προσίτω,
683 2243 741 2322 καὶ
769 2240 857 2343 ὅπερ
885 2241 930 2321 ἂν
957 2241 1022 2347 έχη
1048 2241 1139 2344 πρὸς
1171 2240 1301 2340 ἡδονήν
1328 2239 1512 2346 ε’ξαιτείτω
1529 2269 1563 2328 15

309 2365 390 2445 τότε
417 2362 489 2444 σῦν
512 2366 697 2472 παῤῥησίᾳ
722 2371 859 2470 πολλῇ,
879 2367 937 2445 καὶ
963 2373 1181 2465 μελλησμοῦ
1205 2366 1289 2468 δίχα
1313 2361 1512 2464 δοθήσεται

309 2489 415 2594 αὐτῷ·
456 2488 664 2567 κατανεύσω
692 2487 764 2590 γάρ
792 2494 920 2593 φησιν.
970 2485 1025 2590 ἆρ’
1052 2489 1116 2567 οῦν
1143 2489 1176 2566 εἴ
1199 2491 1263 2571 τις
1280 2483 1348 2566 κάν
1373 2521 1409 2566 τι
1436 2493 1513 2566 τῶν

310 2609 463 2716 φαύλων
498 2617 590 2714 αἰτῇ,
620 2609 891 2713 προαλέστερον
926 2609 1097 2718 λήψεται,
1137 2613 1194 2691 καὶ
1231 2610 1367 2691 τούτων
1405 2609 1513 2690 ἔσται

310 2733 493 2832 διανομεύς
521 2735 541 2812 ὁ
570 2731 789 2840 φιλάρετος;
832 2734 949 2836 ἄπαγε
981 2739 1045 2834 τῆς
1076 2734 1298 2830 δυσβουλίας
1327 2733 1510 2837 ἄνθρωπε.

310 2856 445 2963 ἀπηχές
470 2856 542 2960 γὰρ
567 2855 709 2958 οῦδέυῆ
735 2863 807 2937 τῶν
827 2857 921 2943 ὅλως
946 2859 1263 2962 κατηγορουμένων
1280 2857 1334 2938 ἐπ’
1356 2857 1511 2961 αἶσχρό-
1529 2898 1568 2936 20

145 3003 211 3061 870
224 3001 263 3058 A.
282 3016 390 3082 οτητι
413 2981 611 3086 χορηγήσει
634 2980 740 3066 Θεός·
771 2985 881 3061 έκεῖνο
907 2981 943 3061 δέ
967 2988 1114 3080 μᾶλλον
1132 2985 1298 3080 ἐννοῆσαι
1322 2981 1511 3084 πρεπωδέ-

310 3135 454 3208 στερον·
487 3103 607 3208 ήγόιρ
634 3107 697 3184 οῦκ
724 3105 826 3184 ἔσται
852 3103 987 3184 δίκαιόν
1004 3141 1043 3185 τε
1068 3109 1126 3184 καὶ
1145 3108 1260 3209 ὀρθῶς
1278 3105 1386 3210 έχον;
1419 3107 1513 3188 ῶςό

310 3229 425 3330 μένων
452 3233 490 3310 ἐν
512 3235 675 3337 Χριστῷ,
699 3233 757 3309 καὶ
786 3229 879 3334 έχων
906 3231 943 3309 ἐν
971 3232 1084 3338 ἑαυτῷ
1112 3229 1194 3314 τοῦς
1222 3229 1356 3330 λόγους
1382 3231 1511 3327 αὐτοῦ,
1611 3327 1616 3336 ι

310 3353 495 3455 πρόδηλον
524 3352 578 3433 ότι
604 3351 665 3432 ἅτε
691 3355 749 3432 καὶ
782 3351 919 3452 ἀγαθὸς
949 3351 997 3432 ῶν
1025 3357 1083 3432 καὶ
1111 3351 1262 3453 ἐπιεικής
1292 3351 1386 3450 μόνα
1418 3363 1514 3460 φρο-

312 3483 383 3556 νεῖν
401 3477 533 3576 ἔγνωκε
557 3473 603 3555 τόι
626 3481 710 3582 Θεῷ
736 3475 1001 3577 θυμηρέστατα.
1040 3483 1114 3560 τοῖς
1137 3475 1209 3579 γὰρ
1234 3479 1272 3556 έν
1291 3477 1418 3582 καρδίᾳ
1447 3475 1514 3556 τόν
1529 3515 1568 3573 ²5

312 3607 407 3680 θεῖον
436 3598 560 3704 έχουσι
592 3597 717 3699 λόγον,
744 3597 836 3701 ἅπερ
870 3599 914 3679 ἀν
945 3599 1137 3696 βούλοιντο
1168 3599 1392 3700 καθηκόντως
1426 3601 1508 3680 ε’πέ-

313 3726 446 3827 τρεψεν
483 3728 603 3820 αἰτεῖν,
640 3724 703 3802 οῦκ
745 3723 930 3825 ἀγνοήσας
967 3729 1212 3823 πνευματικῶν
1251 3723 1418 3823 δηλονότι
1454 3727 1516 3803 καὶ

313 3847 417 3926 θείων
445 3849 590 3950 ἀγαθῶν
618 3848 780 3949 όρεκτιᾶυ
807 3853 871 3947 τῆς
902 3849 1090 3954 μεθέξεως·
1134 3849 1348 3950 ὁρισαμένου
1381 3846 1419 3926 δέ
1453 3846 1515 3928 διὰ

280 3971 448 4052 υτούτων
466 3973 505 4051 εῦ
521 3969 623 4071 μάλα
648 3979 711 4050 τοῦ
732 3975 898 4076 Σωτῆρος
923 3972 1022 4071 ήμῶν
1040 3977 1216 4075 Χριστοῦ,
1235 3973 1288 4056 τίς
1311 4005 1349 4051 τε
1375 3972 1428 4070 εἴη
1454 3974 1516 4051 καὶ

348 4240 401 4294 4-9
413 4223 495 4277 citant
507 4221 619 4277 Niketas
632 4229 776 4294 catenaque
788 4223 839 4277 alia
852 4223 879 4276 in
895 4223 939 4277 Ps.
949 4223 1038 4278 cxviii.
1281 4235 1307 4292 5.
1325 4221 1422 4293 ἀγγείῳ
1435 4221 1510 4278 Catt.

313 4307 339 4418 χ.
357 4315 386 4347 τε
399 4291 486 4364 prius]
500 4315 531 4362 γε
545 4291 603 4346 Cat.
615 4293 704 4346 altera.
742 4292 877 4347 Neutrum
889 4293 969 4347 habet
983 4293 1048 4347 Nik.
1152 4312 1177 4365 9.
1197 4289 1228 4346 δι’
1241 4292 1320 4345 αὐτοῦ
1332 4289 1508 4363 θερμαίνεται]

329 4363 517 4431 ιαθερμαίνεται
531 4361 595 4416 Nik.
609 4361 641 4416 δι’
655 4364 733 4417 αὐτοῦ
746 4363 876 4431 θερμαίνει
889 4363 950 4420 Cat.
962 4365 1008 4418 alt.
1219 4363 1262 4417 28.
1280 4362 1398 4432 όρεκτιᾶν
1412 4363 1441 4417 F.
1456 4364 1512 4418 Ed.

312 4451 369 4516 τρε.
381 4433 497 4504 όρεκτιὰν
515 4449 538 4488 e.
557 4431 673 4502 ὄρεκτῖαν
690 4433 722 4488 Ε.
740 4433 814 4488 unde
830 4433 948 4504 όρεκτίον
966 4433 1018 4488 Ed.
1077 4432 1173 4489 Statim
1192 4433 1239 4502 τήν
1257 4432 1361 4502 μέθεξιν
1379 4451 1403 4488 c.
1423 4433 1509 4490 cord.

312 4519 329 4544 θ
379 4517 394 4542 fl

312 4553 452 4624 ὁρωμένου
464 4553 526 4624 (litt.
539 4569 672 4624 suprascr.
686 4570 767 4608 manu
784 4553 854 4624 ead.)
870 4553 903 4610 E.
1012 4571 1054 4626 29.
1072 4553 1169 4610 τούτων
1182 4555 1214 4610 E.
1226 4552 1319 4609 τούτου
1333 4553 1385 4607 Ed.
