3238 5114
111 325 249 396 xvi.28.
291 329 344 394 IN
375 331 691 398 S.JOANNEM.
737 329 835 400 LIB.
859 337 920 401 XI.
966 337 1069 402 CAP.
1094 337 1141 402 11.
1251 335 1312 398 651

113 500 139 538 “
153 489 276 574 Ὅταν
308 495 374 581 τὰς
404 505 524 602 χεῖρας
555 501 727 600 ἐκτείνητε
757 503 845 604 πρός
882 536 937 600 με,
970 504 1195 608 ἀποστρέφω
1231 496 1315 582 τούς
1361 517 1482 582 λεί-ιε.

114 624 140 661 “
161 616 375 720 ὀφθαλμούς
398 655 469 719 μου
492 623 555 730 ἀφ’
576 624 685 722 ύμῶν,
704 628 762 705 καὶ
779 625 841 706 ἐὰν
858 627 1066 727 πληθόυητε
1088 625 1155 724 τὴν
1172 623 1350 724 δόησιν,ύ

114 749 141 786 “
160 742 225 822 οὐκ
261 743 519 843 εἶσακθῦσθμαῑ
556 749 667 846 ὑμῶν,
706 753 743 828 αἱ
779 748 851 852 γὰρ
886 757 998 854 χεῖρες
1036 752 1136 847 ύμῶν
1167 748 1315 846 αἵματος

114 873 140 910 “
159 863 343 969 πλήρεις.”

76 1127 98 1187 5
124 1127 290 1198 Ἐξιῑλθον
315 1133 352 1198 ὲκ
379 1139 436 1198 τού
463 1134 592 1224 Πατρόε
620 1135 673 1200 καὶ
698 1135 844 1204 ἐλήλυθα
871 1132 918 1201 εἰσ
944 1137 1001 1202 τόν
1029 1137 1158 1212 κόσμον·
1202 1136 1301 1201 πάλιν
1330 1137 1367 1194 τΒ

219 1255 337 1344 ύφύιμι
364 1257 421 1326 τόν
449 1259 569 1336 κόσμον
598 1261 651 1326 καὶ
677 1262 859 1351 πορεύομαι
884 1261 967 1351 πρὸς
994 1260 1050 1328 τόν
1072 1259 1216 1348 Πατέρα.

173 1435 378 1546 Ἀπόδειξις
405 1442 495 1541 αὕτη
521 1441 646 1548 σαφής
671 1477 708 1522 τε
734 1445 793 1522 καὶ
817 1443 1067 1547 ἀναμφίλογος
1091 1447 1156 1521 τοῦ
1180 1437 1231 1540 μὴ
1254 1439 1317 1517 ἕνα

115 1566 191 1640 τῶν
208 1565 521 1670 ψευδοπροφητῶν
541 1563 712 1671 ὑπάρχειν
730 1563 795 1645 τὸν
815 1564 960 1668 Κύριον,
980 1565 1069 1665 μήτε
1087 1560 1160 1664 μὴν
1178 1560 1225 1641 τύ
1242 1559 1316 1641 ἀπὸ

115 1683 263 1786 γνώμης
284 1687 410 1770 οἰκείας
438 1689 596 1790 ἐροῦντα,
622 1691 679 1768 καὶ
707 1687 963 1794 διαλεξόμενον
990 1685 1090 1790 παρὰ
1116 1685 1159 1767 τὸ
1187 1687 1346 1764 δοκοῦνε

54 1847 101 1886 10
116 1811 170 1916 τῷ
203 1812 322 1913 Πατρὶ
357 1809 448 1914 πρὸς
484 1811 577 1910 ἡμᾶς
612 1816 775 1918 ἀφῖχθαι,
808 1811 900 1892 κατά
934 1848 976 1915 γε
1008 1811 1075 1912 τὴν
1104 1813 1224 1910 ἀμαθῆ
1257 1813 1316 1888 καὶ

116 1927 354 2014 ἀπόπτυστον
371 1937 444 2012 τῶν
457 1935 637 2013 Ἰουδαίων
657 1936 835 2032 ὑπόνοιαν,
853 1935 896 2015 τὸ
914 1937 1207 2038 παλινδρομῆσαι
1224 1931 1316 2034 πρὸς

115 2053 182 2134 τὸν
205 2054 352 2160 Πατέρα
379 2059 437 2136 καὶ
463 2058 714 2156 ύποναστῆσαι
738 2059 813 2156 μετ’
834 2059 1002 2165 ἐξουσίας
1030 2058 1112 2137 ύθευ
1135 2055 1230 2139 οἶδεν
1251 2059 1312 2136 ε’κ-

115 2178 293 2278 βεβηκώς.
337 2184 409 2260 Ναὶ
428 2179 511 2284 γὰρ,
529 2181 602 2282 ε’ρεῖ
621 2215 675 2266 τις
693 2179 803 2286 τυχὸν
825 2189 902 2264 ταῖς
925 2187 998 2261 τῶν
1015 2181 1197 2260 Ἰουδαίων
1215 2182 1312 2279 ἀμα-

116 2303 209 2385 θίαις
226 2300 578 2402 ἀντικαθιστάμενος,
596 2305 660 2384 ούκ
679 2304 816 2406 ἀληθὴς
834 2301 879 2404 ἦν
898 2303 987 2389 ἴσως
1010 2305 1030 2383 ὁ
1049 2301 1212 2408 Χριστός
1230 2305 1312 2383 καθ’

61 2458 102 2520 ¹5
118 2425 208 2523 ὑμᾶς
233 2421 262 2504 ὦ
285 2427 459 2524 Ἰουδαῖοι,
478 2428 564 2506 ἀλλ’
584 2425 664 2508 ούδέ
688 2433 987 2511 συνευδοκοῦντος
1011 2427 1108 2534 αύτῷ
1132 2435 1197 2506 τοῦ
1219 2431 1316 2506 Θεοῦ

117 2550 176 2628 καὶ
196 2548 342 2652 Πατρός
363 2548 429 2650 τὴν
446 2553 510 2649 τῆς
531 2551 764 2654 εὐαγγελικῆς
781 2551 964 2634 πολιτείας
982 2547 1202 2648 εἰσκεκόμικε
1225 2550 1346 2630 παῖ-ε
1368 2567 1478 2624 941Δ.

72 2751 76 2767 ‚
117 2673 249 2768 δευσιν,
275 2672 458 2774 ἄπρακτον
484 2673 553 2774 ἤδη
582 2673 717 2758 δεικνύς
745 2677 804 2754 καὶ
832 2671 1006 2774 ἀνόνητον
1033 2679 1081 2757 εἰς
1108 2670 1316 2771 τελειότητα

117 2792 184 2893 τὴν
202 2797 278 2875 κατ’
291 2796 475 2892 εύσέβειαν
493 2795 559 2895 τὴν
578 2795 726 2896 νομικὴν
744 2796 907 2897 ἐντολήν.
943 2799 1126 2898 ἐγκαλεῖτε
1147 2792 1219 2898 γάρ
1237 2829 1315 2880 πως

118 2920 166 3003 ὡς
184 2919 352 2998 λελυκότι
373 2917 415 3000 τὸ
437 2919 642 3016 σάββατον,
661 2925 719 2999 καὶ
738 2920 836 3022 εἴπερ
854 2953 889 2999 τι
907 2925 979 2998 τῶν
998 2917 1191 3018 θαυμάτων
1208 2917 1315 3019 ε’ργά.

66 3089 104 3127 20
118 3075 225 3121 σαιτο
251 3040 336 3144 παρ’
363 3043 455 3140 ύμῖν,
476 3053 496 3089 “
509 3043 547 3121 ἐν
570 3041 793 3145 Βεελζεβούλ
821 3041 969 3146 ἄρχοντι
996 3047 1070 3121 τῶν
1097 3042 1312 3139 δαιμονίωυ”
1359 3054 1457 3184 Ξηηε.

118 3167 176 3244 καὶ
203 3173 309 3245 τοῦτο
337 3172 450 3245 ποιεῖν
477 3162 625 3243 εἰωθότα
653 3169 919 3260 δυσσεβούυτες
946 3163 1116 3266 εἶρήκατε.
1163 3169 1240 3248 πῶς
1270 3163 1314 3263 δὴ
1386 3158 1392 3171 ’
1437 3158 1443 3170 ’

119 3291 180 3370 οὖν
209 3288 279 3392 ἄρα
311 3291 370 3368 καὶ
402 3293 451 3372 εἰς
482 3286 591 3367 αὐτὸν
618 3287 728 3388 ἀνέβη
760 3287 824 3367 τὸν
851 3285 1024 3390 ούρανόν;
1064 3293 1142 3372 πῶς
1171 3285 1316 3394 ἐδέξατο

119 3414 319 3516 σύνθρονον
350 3412 370 3490 ὁ
404 3408 543 3513 Πατὴρ,
571 3411 791 3512 ἐπαιρόντων
818 3409 988 3514 ἀγγέλων
1016 3411 1112 3517 αὐτῷ
1143 3407 1208 3494 τὰς
1240 3409 1315 3490 ἅνω

118 3537 247 3634 πύλας,
265 3533 329 3615 τὸν
348 3541 421 3620 τοῖς
449 3535 557 3614 αὐτοῦ
587 3533 768 3635 δόγμασιν
790 3533 1075 3638 ἀντιπράττοντα
1102 3535 1182 3614 καθ’
1204 3535 1348 3632 ύμᾶς,ύ

69 3693 106 3756 25
120 3662 175 3742 καὶ
208 3657 423 3760 ἀνεθέλητον
453 3661 504 3764 τῷ
536 3663 769 3755 παμβασιλεΐ
796 3663 869 3737 τῶν
900 3655 998 3737 ὅλων
1030 3655 1097 3757 τὴν
1129 3655 1316 3763 ὑφήγησιν

118 3781 383 3884 ποιησάμενον,
422 3779 474 3882 μὴ
503 3779 577 3883 γὰρ
606 3777 814 3881 λεληθότως
842 3777 1053 3886 ἀνελήφθης
1094 3778 1145 3879 μὴ
1172 3777 1245 3883 γὰρ
1274 3783 1316 3862 ού

118 3903 232 3990 πολύς
262 3903 308 4005 ἦν
337 3903 458 4010 ὄχλος,
488 3901 580 4008 πρὸς
611 3902 673 3987 ούς
704 3903 775 4010 ἔφη
812 3903 832 3982 ό
865 3901 957 3988 θεῖός
990 3937 1029 3983 τε
1061 3906 1120 3982 καὶ
1152 3901 1316 4006 οὐράνιος

119 4027 272 4130 ἄγγελος
301 4023 489 4130 “”Αυδρες
523 4031 725 4124 Γαλιλαῖοι,
757 4026 796 4106 τί
825 4024 1000 4124 ἑστήκατε
1036 4023 1235 4122 βλίττοντες
1266 4032 1315 4112 εἰς·
1358 4041 1479 4158 ἑοῖςὸὃ·

120 4161 140 4197 “
156 4149 220 4229 τὸν
238 4147 414 4254 ούρανόν;
446 4150 549 4233 οὗτος
568 4150 588 4228 ό
606 4150 749 4249 Ἰησοῦς
775 4149 795 4226 ὁ
820 4149 1042 4254 ἀναληφθεὶς
1064 4147 1129 4254 ἀφ’
1149 4149 1248 4247 ὑμῶν
1266 4155 1315 4234 εἷς
1385 4121 1478 4174 p‘m'

152 4403 179 4464 5.
197 4391 225 4446 ιἰι
238 4391 270 4447 Ε.
282 4393 353 4462 παρύ
365 4391 417 4447 Ed.
562 4407 603 4446 ιο.
622 4395 658 4464 τᾷ
669 4413 722 4447 πατ
738 4391 748 4446 λ
760 4409 815 4448 om.
827 4391 861 4447 Ε.
907 4389 986 4463 πρὸς]
1002 4396 1031 4456 -1-
1045 4391 1091 4446 τύν
1101 4389 1200 4458 ποτέρα
1213 4388 1255 4454 Ε..
1268 4389 1316 4445 ned

121 4471 209 4534 postea
220 4479 304 4518 manu
315 4461 407 4518 eadem
420 4460 525 4516 delevit.
560 4461 611 4534 ύφῖ
648 4463 690 4516 θαι
728 4501 735 4516 .
810 4477 852 4533 15.
868 4461 899 4516 ού
931 4461 1033 4518 τοούδύ
1046 4461 1080 4518 Ε.
1155 4461 1196 4515 ι8.
1214 4482 1269 4517 τοι
1283 4460 1315 4516 Ε.

121 4536 218 4589 πάντας
232 4533 283 4587 Εύ.
426 4532 468 4588 28.
486 4484 675 4596 βλόποΜόΧΕ.
689 4530 862 4602 ε’μβλίποντες
875 4479 931 4589 Εύύῗ

671 4633 763 4693 402
