3142 5118
359 305 423 368 232
662 307 701 371 B.
726 307 935 372 CYRILLI
965 308 1254 374 ALEXANDR.
1393 323 1515 386 x.14›1

362 468 592 573 θεωρήμασιν
610 475 830 558 ἐπινοοῦντες
847 472 911 554 τὸν
928 473 1233 578 πρεπωδέστερον.
1265 473 1391 552 οῦκοῦν
1404 469 1518 550 Γιιάοκ

310 693 314 702 ¹
363 598 458 700 φησὶ
483 594 530 676 τῖι
555 594 626 704 ἐμοὶ
654 604 714 678 κοιλ
740 597 954 704 γινάσκομαι
981 595 1044 679 ὑπῖ
1067 598 1132 678 τοῖν
1147 597 1243 702 ἐμοῦ,
1264 591 1373 681 καθῦς
1401 593 1518 696 γιιάσκ

329 725 409 824 Βμε
428 727 442 800 5
463 718 578 829 Πατήρ
603 719 704 824 κοὶγῖι
723 721 877 824 γιιάοκω
895 722 948 802 τλι
967 720 1116 830 Πατέρα·
1148 724 1228 801 άιιτῖ
1245 728 1309 802 τοῦ
1326 749 1518 822 προσοικειι

363 841 522 942 θήσομαι
547 851 621 929 τοῖς
645 845 843 948 προβάτοις
867 852 940 928 τοῖς
965 848 1072 944 ε’μοῖς,
1090 845 1355 947 οῖκειωθήσεται
1377 841 1418 921 δέ
1435 873 1518 939 μοιι

362 965 530 1069 πρόβατα
557 966 604 1048 τὰ
628 967 706 1068 ἐμοὶ,
726 968 817 1049 κατὰ
841 977 968 1049 τοῦτον
986 968 1050 1050 τὸν
1068 967 1203 1069 τρόπον
1225 970 1307 1050 καθ’
1328 967 1370 1048 ὃν
1392 968 1469 1066 ἐμοὶ
1495 1001 1518 1062 μ

364 1088 488 1176 οῖκεῖός
518 1095 618 1172 ε’στιν
646 1096 666 1173 5
696 1092 833 1195 Πατὴρ,
864 1092 934 1195 ἐγὼ
967 1092 1005 1173 δὲ
1038 1094 1083 1173 αὖ
1112 1093 1227 1174 πάλιν
1256 1090 1379 1175 οἰκεῖός
1410 1096 1482 1190 εὶμι
1510 1123 1518 1170 ι

367 1217 495 1318 Πατρί.
536 1215 645 1320 όνπερ
664 1215 736 1320 γάρ
753 1217 889 1321 τρόπον
907 1213 1000 1297 οἶδεν
1018 1219 1038 1297 5
1057 1215 1150 1302 Θεὸς
1174 1221 1232 1297 καὶ
1252 1212 1380 1316 Πατὴρ
1404 1214 1518 1316 γνήσό

365 1338 457 1443 ἔχων
485 1343 595 1420 ὠδῖνα
621 1340 685 1421 τὸν
709 1341 798 1422 ἰ’διον
820 1339 911 1422 Υῖῦν
937 1343 996 1422 καὶ
1023 1341 1162 1443 καρπὸν
1189 1345 1253 1440 τῆς
1280 1341 1404 1422 οὐσίας
1434 1341 1518 1418 αὐτο

365 1459 436 1542 οἶδε
454 1461 493 1543 δὲ
509 1463 623 1544 πάλιν
641 1467 661 1544 5
680 1462 766 1549 Υἱὸς
787 1465 934 1569 Πατέρα
957 1465 1049 1546 κατὰ
1067 1465 1238 1565 ἀλήθειαν
1256 1464 1348 1570 ἔχων
1365 1461 1428 1542 τὸν
1449 1459 1518 1540 Θεό

365 1583 428 1666 άτε
458 1585 502 1686 δή
532 1586 700 1690 γεννητὸς
733 1587 904 1694 ὑπάρχων
931 1589 975 1697 ἐξ
1002 1591 1121 1686 αὐτοῦ,
1148 1588 1241 1669 κατὰ
1271 1588 1336 1668 τὸν
1364 1585 1474 1666 αὐτὸν
1505 1619 1518 1664 ι

336 1711 465 1811 θήμεῖς
489 1709 623 1814 τρόπον
641 1715 976 1815 προσοικειωθεῦτες
999 1715 1107 1821 αὐτῷ,
1124 1713 1227 1815 γένος
1251 1714 1359 1792 αι’ποῦ
1383 1743 1518 1816 χρηματ

366 1833 470 1936 §mcv
497 1839 555 1914 καὶ
584 1835 786 1937 κεκλήμεθα
813 1837 928 1936 τέκνα,
953 1835 1044 1917 κατὰ
1071 1837 1113 1916 τὸ
1141 1837 1323 1940 εἰρημένον
1349 1836 1432 1938 παρ’
1453 1835 1518 1912 αὐτ

198 1936 300 2052 {Eg'j'm‘
366 1967 388 2005 “
406 1955 500 2038 Ἰδοὺ
524 1958 596 2061 ἐγὼ
621 1963 679 2040 καὶ
706 1959 752 2040 τά
776 1961 902 2041 παιδία
927 1959 952 2041 ά
977 1995 1038 2060 μοι
1062 1961 1190 2042 ε”δωκεν
1207 1963 1228 2040 5
1246 1958 1369 2044 Θεός.”
1398 1959 1505 2060 γένος

366 2086 425 2162 καὶ
443 2081 597 2186 γνήσιον
612 2083 721 2183 ἐσμὲν
734 2088 798 2164 καὶ
825 2083 1087 2190 χρηματίζομεν
1105 2093 1169 2166 τοῦ
1188 2089 1288 2183 Υῖοῦ,
1307 2084 1367 2163 καὶ
1390 2084 1432 2163 δι’
1455 2083 1518 2160 αῦτ

365 2215 430 2288 τοῦ
467 2208 624 2312 Πατρός,
654 2211 797 2312 ἐπείπερ
832 2207 1004 2316 ὑπάρχων
1032 2212 1070 2289 ε’κ
1100 2215 1196 2290 Θεοῦ
1227 2207 1320 2293 Θεὸς
1353 2213 1518 2309 Μονογει

289 2391 293 2399 ,
367 2331 555 2435 ἅνθρωπος
583 2331 718 2435 γέγονε,
744 2331 810 2433 τὴν
834 2332 946 2435 αῦτήν
970 2335 1053 2434 ἡμῖν
1078 2333 1192 2442 φάσιν
1217 2331 1426 2430 ἀναλαβὼν,
1446 2336 1479 2410 εἰ
1509 2361 1518 2407 ι

200 2451 323 2582 {fflj
370 2454 453 2559 δι’χα
466 2456 602 2574 ,πάσης
630 2457 817 2562 ἁμαρτίας.
857 2460 931 2539 ἐπεὶ
956 2464 1035 2543 πῶς
1053 2467 1074 2506 “
1089 2457 1190 2560 γένος
1214 2453 1326 2557 ε’σμέν
1347 2463 1410 2536 τοῦ
1435 2460 1518 2534 Θεοι

204 2599 243 2696 ²⁹·
311 2685 317 2699 .
371 2578 463 2659 κατὰ
487 2579 567 2660 τίνα
592 2581 629 2660 δὲ
653 2579 789 2684 τρόπον
807 2592 829 2630 “
842 2580 938 2666 θείας
963 2583 1110 2688 φάσεως
1133 2583 1298 2662 κοινωνοί
1305 2582 1338 2678 ;”
1368 2582 1409 2660 οῦ
1433 2577 1510 2682 γὰρ

371 2701 470 2812 μόνῳ
498 2711 549 2812 τῷ
576 2707 745 2804 ἐθελήσαι
767 2705 933 2809 Χριστὸν
955 2711 1003 2790 εῖς
1030 2705 1226 2804 οἰκειότητα
1251 2711 1378 2800 λαβεῖν
1402 2704 1500 2803 ἡμᾶς

337 2831 434 2928 ἆτῆς
468 2827 677 2932 καυχήσεως
714 2829 842 2934 ἔχομεν
872 2830 1013 2932 μέτρον,
1046 2829 1132 2908 ἀλλ’
1165 2828 1421 2928 ἐπαληθεύεται
1452 2833 1518 2908 πᾶι

370 2951 495 3051 ἡμῖνὴ
520 2959 584 3032 τοῦ
607 2951 821 3057 πράγματος
847 2955 1004 3052 δύναμις.
1043 2955 1119 3034 θεία
1140 2951 1295 3057 μὲνγὰρ
1321 2951 1433 3060 φάσις
1458 2954 1480 3030 5
1508 2985 1518 3030 τ

370 3080 467 3156 Θεοῦ
487 3072 609 3178 Λόγος
634 3080 692 3157 καὶ
717 3075 808 3175 μετὰ
832 3076 979 3177 σαρκὸς,
997 3077 1095 3177 ἡμεῖς
1121 3075 1158 3157 δὲ
1184 3075 1284 3180 γένος
1311 3079 1432 3173 αὐτοῦ,
1453 3079 1518 3155 καί

368 3199 460 3279 κατὰ
496 3200 612 3308 φύσιν
643 3199 746 3287 ὄντος
779 3207 886 3299 Θεοῦ,
919 3200 979 3282 διὰ
1015 3200 1057 3282 τὸ
1091 3199 1157 3302 τήν
1188 3199 1300 3300 αὐτὴν
1330 3201 1414 3301 ἡμῖν
1447 3199 1518 3302 σάρ

369 3331 508 3419 λαβεῖν.
549 3326 677 3404 οὐκοῦν
696 3321 853 3431 ἐμφερὴς
877 3327 898 3406 5
922 3330 987 3425 τῆς
1012 3323 1226 3425 οἰκειότητος
1244 3323 1389 3428 τρόπος.
1430 3328 1518 3425 ὡς)

369 3447 538 3553 ᾠκείωται
562 3447 627 3546 μέν
650 3447 755 3532 αὐτὸς
780 3455 832 3554 τῷ
852 3453 982 3552 Πατρὶ,
1000 3451 1170 3557 ᾠκείωται
1198 3448 1236 3528 δὲ
1264 3447 1324 3528 διὰ
1350 3447 1416 3548 τήν
1437 3483 1518 3527 ταν

369 3603 459 3668 τητα
484 3574 547 3670 τῆς
573 3571 719 3677 φάσεως
744 3574 764 3652 5
785 3571 913 3674 Πατήρ
932 3574 1040 3680 αὐτῷ,
1059 3575 1152 3653 οὕτω
1171 3575 1229 3652 καὶ
1247 3573 1346 3672 ἡμεῖς
1364 3573 1460 3679 αὐτῷ
1482 3607 1518 3651 κι

368 3693 515 3796 γέγονεν
536 3694 734 3799 ἅνθρωπος,
754 3699 812 3777 καὶ
840 3696 945 3782 αὐτὸς
973 3696 1011 3778 δὲ
1039 3698 1133 3796 ἡμῖν.
1171 3699 1213 3777 δι’
1234 3699 1342 3777 αὐτοῦ
1369 3695 1408 3778 δὲ
1436 3701 1488 3781 ὡς

368 3819 518 3917 μεσίτου
545 3824 597 3927 τῷ
626 3823 746 3924 Πατρὶ
774 3819 1043 3920 συναπτόμεθα.
1091 3821 1256 3924 μεθόριον
1283 3819 1355 3923 γὰρ
1382 3817 1515 3922 ὥσπερ

339 3939 534 4043 θθεάτητάς
562 3977 601 4022 πε
629 3948 691 4043 τῆς
720 3943 890 4025 ἀνωτάτω
919 3948 976 4024 καὶ
1005 3943 1282 4048 άνθρωπότητός
1306 3946 1407 4024 ἐστιν
1433 3945 1454 4024 5
1481 3951 1518 4024 X

369 4065 467 4164 στὸς,
487 4069 525 4147 ἐν
543 4068 661 4175 ταύτῷ
686 4101 725 4147 τε
750 4064 800 4148 ὧν
822 4065 1098 4174 ἀμφότερακαὶ
1123 4065 1199 4148 οἷον
1221 4069 1385 4174 συνέχων
1403 4071 1441 4148 ἐν
1458 4068 1518 4150 ἑαι

405 4349 430 4387 2.
448 4333 490 4386 καὶ
507 4335 666 4404 γινόσκομαι
684 4334 735 4388 ὑπὸ
753 4337 804 4388 τῶν
822 4331 902 4404 ε’μῶν]
918 4333 960 4388 καὶ
978 4336 1099 4405 γινώσκει
1116 4356 1149 4404 μο
1167 4335 1199 4388 τὰ
1217 4333 1265 4404 ε’μά
1283 4347 1354 4389 recte
1372 4343 1405 4390 ut
1422 4333 1518 4389 vidett

368 4418 395 4472 3.
415 4401 485 4473 κάγὸ
496 4405 616 4474 γινώσκω
628 4405 673 4460 τὸν
684 4403 790 4475 Πατέρα
801 4404 948 4474 assumpsit
960 4422 975 4458 e
988 4403 1048 4459 cat.
1061 4414 1092 4459 ut
1103 4405 1158 4460 vid.
1171 4404 1244 4459 Aub.
1256 4413 1283 4460 et
1294 4405 1332 4459 ita
1343 4422 1368 4460 a.
1435 4423 1462 4474 9.
1482 4427 1518 4458 κα

370 4487 412 4526 10.
430 4478 558 4542 γεννητῶς
569 4491 594 4528 ο.
720 4491 763 4530 20.
782 4474 936 4558 ε’πιιλήθεήοι
948 4493 973 4529 a.
1026 4477 1108 4532 πᾶσιν
1121 4475 1179 4532 Ba.
1194 4474 1285 4532 Holst.
1297 4477 1405 4532 πάλινο
1419 4475 1479 4530 Cat.
1501 4476 1518 4530 λ

368 4541 442 4594 Aub.
549 4559 594 4613 30.
612 4543 660 4614 ὢν]
678 4551 706 4609 -Ι-
722 4545 1016 4602 raAub.1nv1t1sB.a.
1032 4545 1083 4604 Ht.
