3274 5118
314 331 380 397 604
619 331 659 396 B.
682 331 891 398 CYRILLI
921 331 1214 398 ALEXANDR.
1398 351 1456 394 xv.
1474 343 1530 412 25.

317 502 365 582 εἰς
386 495 475 602 ὄψιν
492 499 621 577 ἐλθεῖν·
661 495 751 580 ἴσως
776 495 847 601 γάρ
876 495 920 576 διν
948 495 1265 604 ἐξεμηχανήσαντο
1293 493 1358 574 τὸν
1377 494 1441 573 ἐπὶ
1473 496 1530 598 τῷ

316 617 638 722 συγγινῶσκεσθαι
667 625 740 700 δεῖν
764 621 829 700 οῦκ
857 620 1027 726 ἄκομψον
1055 620 1169 722 λόγον
1204 620 1285 699 Οὐκ
1313 615 1529 717 ἀκηκόαμέν

316 779 352 825 τι
378 749 451 824 τῶν
468 743 671 846 ἀναγκαίων
690 745 769 824 οὔτε
796 741 869 842 μὴν
886 743 1081 842 τεθεάμεθά
1108 778 1154 842 τι,
1172 743 1352 845 λέγοντες,
1373 746 1455 821 τῶν
1476 744 1529 822 εἷς

316 868 442 949 πίστιν
460 868 672 970 ἐπαγωγῶν.
708 867 826 967 ἐπειδὴ
845 866 882 948 δέ
901 869 969 974 οὐχ
986 867 1065 953 ἐνὸς
1082 874 1154 948 τῶν
1173 867 1285 970 ἁγίων
1302 870 1527 970 προφητῶν,

286 993 401 1072 τεάλλ’
421 991 612 1072 αὐτοῦτοῦ
630 989 930 1092 ἀνωθενῆκοντός
951 1025 990 1072 τε
1016 995 1073 1072 καὶ
1100 995 1148 1075 ῶς
1172 991 1266 1090 ἡμᾶς
1288 988 1558 1086 ἐσταλμένους

317 1115 590 1197 διεπυνθάνοντο
607 1121 782 1220 Χριστοῦ,
801 1115 902 1196 ἀλλὰ
919 1117 978 1196 καὶ
997 1115 1109 1224 ξένων
1129 1111 1320 1214 θαυμάτων
1338 1109 1525 1215 γεγόνασι

317 1241 456 1342 θεωροί·
494 1248 638 1348 τυφλοῦ
662 1239 734 1344 γὰρ
762 1237 976 1345 ὀφθαλμοὺς
998 1238 1150 1348 ἀνέῳξεν
1168 1240 1188 1318 ὁ
1207 1234 1379 1341 Χριστός,
1400 1234 1524 1315 καίτοι

315 1361 466 1464 μηδενὸς
493 1364 612 1466 ἐτέρου
635 1363 780 1444 πώποτε
805 1361 1014 1464 δυνηθέντος
1036 1358 1195 1442 τοωῦτόν
1212 1395 1247 1439 τι
1265 1357 1518 1462 ἐργάσασθαι·

314 1487 354 1566 τί
372 1486 438 1586 τὴν
456 1494 529 1567 τῶν
546 1488 727 1568 Ἰουδαίων
746 1484 917 1568 ἀπόνοιαν
936 1485 1186 1594 ἐξαιρήσεται;
1217 1481 1241 1583 ἢ
1259 1489 1361 1567 ποῖος
1379 1481 1521 1589 ἐξοίσει

314 1619 378 1690 τοῦ
412 1610 629 1714 κολάζεσθαι
666 1609 801 1713 λόγως
850 1608 1069 1693 ἀκούσαντες
1100 1606 1171 1710 γὰρ
1205 1607 1263 1687 καὶ
1299 1604 1519 1703 τεθεαμένοι,
1537 1643 1574 1685 10

313 1736 531 1842 μιμισῆιιασι
562 1744 621 1817 καὶ
650 1733 715 1816 τόν
743 1733 834 1816 Υῖὸν
863 1738 925 1815 καὶ
954 1734 1007 1814 τδν
1030 1729 1180 1839 Πατέρα.
1221 1728 1447 1830 μεμισήκασι
1477 1727 1519 1808 δέ

314 1865 415 1955 πῶς;
444 1861 522 1938 οὔτε
540 1856 611 1963 γὰρ
625 1857 689 1940 τὸν
707 1858 806 1964 παρὰ
821 1855 966 1961 Πατρός
984 1855 1027 1938 δι’
1047 1861 1137 1936 Υῖοῦ
1157 1853 1369 1953 τετιμήκασι
1387 1853 1516 1955 λόγον,

315 1985 395 2063 οὔτε
417 1981 489 2083 μὴν
512 1989 585 2066 τοῖς
608 1987 672 2083 τῆς
699 1981 795 2068 θείας
824 1980 970 2088 φύσεως
1003 1979 1129 2082 ἔργοις,
1157 1976 1200 2058 τὸ
1228 1978 1345 2061 αὐτοῖς
1372 1975 1516 2078 πρέπον

315 2105 554 2206 ἀτιμάσαντες
582 2110 711 2217 θαῦμα,
740 2111 1002 2200 δυσσεβοῦντες
1029 2107 1187 2206 ἐναργῶς
1214 2107 1262 2184 εῖς
1290 2099 1381 2199 ὅλην
1409 2101 1511 2180 ἁλῶ-

148 2251 267 2308 908Α.
286 2265 443 2311 οσονται
470 2229 536 2330 τὴν
564 2229 700 2310 τούτων
724 2227 878 2331 ἐργάτην
904 2235 968 2307 τοῦ
994 2233 1090 2308 θεοῦ
1118 2224 1242 2332 φύσιν.
1280 2230 1508 2325 θαυματουρ-
1530 2257 1566 2316 15

314 2362 436 2456 γοῦντι
454 2353 525 2457 γὰρ
544 2359 595 2461 τῷ
608 2358 695 2460 Υῖῷ,
710 2355 824 2451 συνῆν
842 2349 957 2451 δήπου
974 2349 1118 2434 πάντως
1137 2351 1195 2428 καὶ
1214 2346 1319 2432 αὐτὸς
1334 2347 1354 2426 ὁ
1369 2345 1511 2448 Πατὴρ,

314 2478 381 2581 οὐχ
398 2480 446 2560 ῶς
468 2478 584 2580 ἕτερος
612 2478 654 2555 δι’
682 2475 801 2578 ἐτέρου
828 2472 939 2578 τυχὸν
958 2475 1113 2576 ἐνεργῶν
1129 2471 1176 2552 τὰ
1202 2471 1384 2570 θαύματος
1412 2469 1510 2573 ἄξια,

313 2601 397 2678 ἀλλ’
420 2603 468 2683 ὡς
486 2597 536 2678 ῶν
554 2601 592 2679 ἐν
610 2603 688 2706 Υῖῷ
714 2597 772 2676 διὰ
796 2597 863 2697 τὴν
881 2596 1082 2698 ταυτότητά
1105 2600 1168 2696 τῆς
1187 2595 1334 2701 φύσεως
1360 2595 1420 2673 καὶ
1446 2597 1510 2692 τῆς

314 2723 439 2806 οῦσίας
466 2720 508 2802 τό
535 2721 830 2824 ἀπαράλλακτον.
880 2720 1072 2826 ἀχάριστοι
1097 2727 1287 2823 τοιγαροῦν
1305 2721 1338 2798 οἱ
1358 2717 1510 2801 τάλανες

313 2844 487 2943 Ἰουδαῖοι,
516 2847 573 2926 καὶ
602 2847 659 2926 ἐπὶ
677 2851 803 2950 πολλῇ
834 2849 879 2948 τῇ
907 2843 1150 2948 ἀγνωμοσύνῃ
1178 2842 1262 2922 λίαν
1290 2841 1510 2943 κατηγοροθ-
1526 2877 1563 2914 20

312 3004 421 3068 μενοι,
451 2971 492 3048 δι’
524 2967 666 3053 οὐδενὸς
695 2965 761 3066 μὲν
791 2966 930 3072 ἔχοντες
959 2967 1072 3068 λόγου
1102 2965 1168 3065 τὴν
1199 2962 1417 3068 ἀσύγκριτον
1445 2972 1509 3043 τοῦ

313 3098 481 3198 Σωτῆρος
508 3093 756 3188 διδασκαλίαν,
776 3090 1001 3194 ἀτιμάζοντες
1029 3087 1067 3169 δέ
1095 3087 1187 3190 πρὸς
1214 3089 1328 3196 τούτῳ
1353 3089 1395 3166 δι’
1417 3093 1506 3167 Υῖοῦ

313 3221 370 3297 καὶ
396 3219 434 3297 ἐν
451 3223 530 3326 Υῖφ
556 3217 622 3317 τὴν
639 3223 704 3296 τοῦ
728 3213 874 3315 Πατρός
898 3213 1023 3320 φύσιν,
1047 3213 1161 3292 καίτοι
1186 3217 1260 3291 τῶν
1282 3208 1370 3312 ῦπέρ
1396 3208 1507 3313 λόγον

278 3342 430 3425 δαῦτοῖς
456 3339 646 3439 θαυμάτων
664 3343 935 3443 ἀναδειχθεῖσαν
958 3334 1184 3439 δημιουργὸν,
1204 3336 1260 3441 ἐφ’
1281 3333 1332 3418 οῖς
1354 3331 1399 3433 ἦν
1418 3331 1507 3418 εἰκός

313 3467 371 3542 καὶ
408 3462 471 3543 τὸν
505 3459 652 3569 σφόδρα
687 3461 854 3565 σκληρὸν
886 3463 943 3539 καὶ
980 3458 1149 3559 δυσὴνιον
1185 3457 1345 3560 ἄγεσθαί
1375 3492 1413 3538 τε
1451 3461 1507 3537 καὶ
1522 3487 1557 3548 25

312 3591 501 3666 καλεῖσθαι
517 3585 646 3665 λοιπόν
665 3590 713 3669 είς
738 3583 780 3664 τό
800 3590 945 3691 φρονεῖν
964 3582 1140 3664 δύνασθαι
1165 3581 1354 3694 τάιεῖκότα
1380 3585 1438 3661 καὶ
1463 3581 1507 3661 τὰ

313 3709 355 3789 δι’
374 3705 424 3787 ὧν
441 3708 508 3788 ἔδει
526 3714 699 3806 τιμᾶσθαι
720 3704 827 3787 Θεόν.

263 3941 395 4019 ε5ἈλΧ
424 3941 477 4007 ἵνα
501 3946 662 4030 πληρωθῇ
687 3942 706 4006 ὁ
733 3940 828 4013 λόγου
855 3943 873 4007 ὁ
901 3941 934 4006 ὲν
958 3943 1005 4026 τῷ
1030 3941 1121 4024 νόμῳ
1143 3937 1253 4006 αὐτῶν
1280 3937 1505 4026 τετραμμένου,

676 4067 726 4134 ὅτι
752 4063 910 4143 ὲμίοειοάν
937 4088 976 4141 με
1004 4064 1143 4154 δωρεάν.

369 4234 466 4318 Οῦδέ
490 4244 597 4317 τοῦτο
621 4233 685 4336 μέν
703 4235 878 4338 ἀγνοηθέν
895 4242 946 4343 τῷ
968 4235 1013 4315 τὰ
1031 4235 1151 4316 πάντα
1173 4231 1505 4339 προανακηρῦξαντι
1517 4275 1553 4332 30
1628 4165 1630 4292 ί

347 4439 374 4492 9.
392 4429 442 4476 τῶν
453 4428 623 4494 assumptum
635 4439 668 4476 ex
681 4422 713 4477 E.
824 4436 864 4492 15.
880 4421 983 4492 ἐργάτιν
995 4420 1144 4476 emendavit
1157 4421 1261 4490 Μίμας.
1363 4435 1406 4472 21.
1424 4420 1503 4489 λόγου

311 4491 560 4632 ηηηιὶὴενίἑὲἰφαιξὶ.
711 4492 754 4558 28,
768 4508 811 4564 τη.
831 4491 1016 4564 Sequebantur
1028 4491 1092 4546 haec
1105 4491 1186 4547 verba
1197 4491 1226 4545 in
1239 4490 1292 4546 Ed.
1303 4498 1329 4544 et
1343 4489 1386 4560 (ut
1398 4487 1465 4558 vid.)
1478 4489 1503 4542 in
