3248 5112
152 739 234 804 Supra

152 820 203 855 νοτ.
217 820 254 870 19.

151 896 190 946 lb.
202 896 241 947 26.

151 1009 191 1059 Ib.
203 1021 241 1073 ιγ.

320 333 385 397 528
624 333 663 399 Β.
688 333 897 400 cmm
926 333 1216 400 ALEXANDR.
1323 330 1388 396 xiv.
1400 346 1523 417 30,31.

320 495 503 600 πρέποντα
521 496 641 598 νόμον·
673 496 766 584 Θεὸς
791 499 829 580 δὲ
854 497 945 580 κατὰ
970 501 1085 606 φύσιν
1104 498 1276 603 ὑπάρχων
1294 493 1377 597 ε’γῶ,
1395 495 1461 573 οὐκ
1484 495 1525 572 ἐν

320 619 391 728 ’ίσιρ
410 621 528 730 με’τριρ
552 629 623 708 τοῖς
648 623 690 702 δι’
711 625 864 719 ε’μαυτοῦ
881 621 1052 724 γεγονόσι
1070 624 1246 720 κείσομαι,
1264 616 1328 699 τὸν
1346 621 1409 717 τῆς
1427 617 1520 694 οἰνα-

320 743 485 830 στάσεως
511 747 709 848 περιμένων
736 745 872 849 καιρόν·
908 745 955 848 ζῶ
987 746 1059 850 γὰρ
1088 749 1154 843 οἰεί,
1184 743 1255 848 ζωὴ
1284 741 1377 823 κατὰ
1405 741 1524 846 φύσιν

321 866 504 973 ὑπᾴρχων·
536 871 594 949 καὶ
615 873 811 950 ἀποστελῶ
833 869 897 949 τὸν
918 867 1170 972 Παράκλητον,
1188 866 1356 949 ἐπιδώσω
1378 862 1417 943 δὲ
1437 864 1523 962 ὑμῖν

366 992 378 1022 λ
417 997 426 1021 9
461 989 471 1018 Ῑ
585 991 596 1018 λ
649 993 659 1019 3
691 991 702 1019 Ὶ
803 995 815 1024 ἱ
863 993 873 1018 ⁸
1018 992 1028 1020 Ι
1181 995 1191 1020 2
1246 989 1292 1020 ’f'
1430 985 1439 1010 9

321 1025 380 1070 και
398 1024 539 1094 ειρηνην
556 1027 622 1092 την
640 1025 738 1093 εμην,
757 1026 816 1074 και
834 1027 876 1072 ου
895 995 1151 1098 διαφευσομαι,
1170 1001 1248 1071 αλλ
1277 1024 1334 1070 ινα
1351 1008 1554 1091 τυχοντες5

320 1118 384 1214 τῆς
411 1115 630 1218 ἐπαγγελίας
656 1119 716 1196 καὶ
743 1121 789 1222 τῇ
815 1123 880 1196 τοῦ
906 1117 1035 1218 Ἀγίου
1065 1115 1277 1214 Πνεύματος
1307 1122 1522 1212 λελαμπρυ-

152 1253 266 1311 853A¹
288 1238 446 1336 οσμένοι
485 1237 613 1345 χάριτι,
650 1247 725 1325 τοῖς
765 1242 861 1340 ἐμοῖς
901 1240 1025 1342 λύγοις
1066 1235 1416 1345 ἐπιψηφισθὴσεσθε
1452 1233 1522 1332 τὴν

318 1359 501 1462 ἀλήθειαν,
529 1368 577 1448 εἰς
604 1361 818 1464 ἀνάμνησιν,
846 1365 894 1447 ῶς
922 1361 1025 1470 ἕφην,
1051 1361 1142 1463 μετὰ
1168 1359 1235 1462 τὴν
1262 1366 1388 1463 πεῖραν
1416 1355 1521 1461 ε’ρχό-

318 1519 428 1584 μενοι,
453 1491 512 1566 καὶ
536 1485 593 1568 ’ίνα
620 1485 820 1582 πιστεύσητε
846 1485 1060 1590 πεπηγότος
1089 1485 1143 1566 ὅτι
1169 1484 1310 1584 σύνειμι
1337 1483 1396 1561 καί
1423 1513 1522 1579 συμ-

318 1609 505 1704 βασιλεύω
522 1614 574 1716 τῷ
593 1611 722 1711 Πατρί,
733 1611 1005 1712 προδιείλεγμαι
1022 1612 1123 1690 ταυτὶ
1141 1611 1201 1689 καὶ
1218 1603 1409 1705 λελάληκα
1426 1603 1522 1705 πρὸς
1538 1635 1578 1675 10

320 1733 424 1831 ὑμᾶς·
454 1731 712 1840 ε’ξεγγυήσεται
738 1731 805 1832 τὴν
830 1735 868 1812 ἐν
891 1739 964 1817 τοῖς
989 1731 1181 1835 εἰρημένοις
1206 1728 1378 1832 ἀλήθειαν
1399 1727 1524 1808 τοίνυν

318 1858 383 1954 τῆς
409 1857 627 1959 ἐπαγγελίας
656 1853 699 1936 τὸ
726 1856 848 1960 πέρας.
896 1862 926 1936 εἰ
956 1854 1028 1960 γὰρ
1059 1854 1111 1956 μὴ
1143 1853 1225 1959 ζωὴ,
1253 1856 1378 1961 φησίν,
1407 1858 1437 1932 εἰ
1468 1850 1522 1950 μὴ

283 1979 518 2082 δσυνεδρεύιο
545 1986 596 2086 τῷ
621 1985 704 2086 Θεῷ
732 1981 790 2059 καὶ
819 1981 949 2082 Πατρί,
977 1985 1054 2063 πῶς
1081 1976 1127 2058 ἂν
1154 1977 1261 2062 αὐτὸς
1287 1977 1446 2077 ἐπιδοίην
1473 1974 1523 2056 τὰ

318 2108 397 2182 θεῖα
413 2104 472 2181 καί
489 2100 710 2200 πνευματικὰ
728 2103 963 2207 χαρίσματα;
989 2105 1141 2200 διανεμῶ
1161 2099 1210 2199 δὲ,
1229 2099 1391 2203 καθάπερ
1408 2099 1523 2201 ἐπήγ-

317 2236 459 2329 γελμαι,
479 2223 675 2330 χορηγήσω
697 2224 736 2304 δέ
761 2228 819 2305 καί
843 2223 886 2305 τὸ
908 2230 1058 2323 Πνεῦμα
1080 2227 1138 2304 καί
1162 2223 1231 2325 τὴν
1248 2221 1401 2326 εἰρήνην.
1443 2220 1523 2302 εἰτα
1539 2257 1574 2312 15

317 2355 394 2434 πῶς
419 2351 484 2429 οὐκ
508 2349 771 2454 ἀναμφίλογον,
789 2347 844 2428 ὅτι
869 2345 941 2449 ζωή
965 2353 1036 2447 εἰμι
1060 2351 1119 2428 καὶ
1144 2345 1409 2446 συμβασιλεύω
1426 2347 1522 2446 μετὰ

319 2471 491 2575 Πατρός;
530 2475 571 2552 οὐ
598 2470 671 2575 γὰρ
698 2480 762 2551 τοῦ
789 2470 839 2571 μὴ
867 2469 970 2555 ὄντος
999 2469 1022 2572 ἢ
1055 2471 1166 2573 μηδὲν
1194 2469 1383 2578 ἰσχύοντος
1410 2471 1522 2576 ἔργον

315 2598 404 2692 ε’στί,
431 2595 475 2675 τὸ
502 2602 575 2679 τοῖς
603 2597 708 2680 θείοις
735 2594 1051 2698 καταλαμπρύνειν
1078 2595 1283 2700 χαρίσμασι
1313 2593 1396 2680 τοὺς
1427 2597 1523 2699 ἀγα-

316 2725 458 2804 πῶντας
477 2718 597 2810 αὐτὸν,
618 2717 720 2798 ἀλλὰ
744 2727 808 2798 τοῦ
835 2717 937 2802 ὄντος
962 2752 1001 2799 τε
1027 2721 1086 2799 καὶ
1110 2718 1305 2818 δυναμένου
1326 2723 1385 2800 καί
1404 2725 1523 2802 εἰσαεὶ

316 2841 588 2936 βασιλεύοντος.
637 2840 692 2922 ὅτι
720 2839 840 2923 τοίνυν
869 2843 934 2922 οὐκ
963 2843 1097 2922 εἰκαίαν
1126 2841 1193 2942 τὴν
1220 2839 1423 2946 πρόῤῥηαιν
1451 2843 1524 2945 τὴν
1537 2876 1574 2916 20

287 2951 375 3045 οεπί
399 2971 474 3049 τοῖς
498 2965 680 3066 ἐσομένοις
704 2965 909 3066 ἐποιήσατο,
929 2963 988 3045 διίι
1013 2965 1150 3046 τούτων
1168 2965 1365 3072 ἐδίδαξεν
1349 3001 1369 3046 ο
1393 2972 1522 3071 Χρισ-

316 3087 389 3173 τός.
430 3089 488 3169 ἵνα
516 3088 587 3194 γοίρ
615 3088 951 3198 ἀσφαλεστέραν
927 3123 1040 3194 εχοιεν
1069 3085 1135 3189 τὴν
1162 3088 1217 3170 ἐπ’
1247 3089 1343 3198 αὐτῷ
1373 3093 1520 3192 πίστιν,

316 3211 407 3313 μετοί
424 3211 491 3314 τὴν
508 3220 581 3295 τῶν
598 3211 834 3318 χαρισμάτων
850 3219 977 3316 πεῖραν
996 3217 1044 3298 εἰς
1071 3211 1208 3292 ἔννοιάν
1225 3247 1265 3292 τε
1287 3216 1347 3293 καί
1372 3215 1523 3318 μνήμην

316 3343 390 3417 τῶν
407 3336 794 3441 προεπηγγελμένων’
775 3335 969 3442 ερχόμενοι,
987 3337 1211 3436 πεποιῆσθαί
1232 3337 1392 3444 φησι
1352 3372 1420 3440 την
1438 3337 1519 3420 διά·

317 3459 429 3568 λεξιν.
640 3555 646 3562 ἱ
1536 3496 1574 3555 ²5

266 3693 305 3750 30
319 3675 438 3743 Οὐκέτι
464 3677 571 3742 πολλὰ
599 3677 736 3744 λαλήσω
762 3678 830 3754 μεθ’
862 3677 964 3756 ὑμῶν·
1001 3677 1130 3768 ἔρχεται
1162 3680 1222 3768 τὰρ
1251 3679 1270 3746 ὀ
1304 3683 1360 3745 τοῦ
1392 3679 1520 3756 κόσμου

265 3823 300 3880 31
367 3801 488 3891 ἄρχων,
516 3802 569 3867 καί
594 3803 630 3868 ἐν
657 3801 730 3879 ἒμοί
756 3803 814 3868 οὐκ
840 3803 907 3890 ἔχει
933 3802 1040 3884 οὐδὲν,
1066 3804 1135 3868 ἀλλ’
1163 3803 1217 3870 ἵνα
1249 3809 1314 3890 [νῴ
1341 3804 1360 3872 ὀ
1394 3805 1521 3882 κόσμος

367 3929 417 3996 ὅτι
442 3928 561 4004 ἀταπῶ
583 3929 641 3996 τὸν
658 3930 801 4020 Πατέρα,
820 3930 930 3996 καθὼς
952 3930 1091 3996 ἐντολιίν
1110 3953 1164 4008 μοι
1189 3929 1334 3998 δέδωκεν
1353 3933 1372 3999 ὁ
1390 3933 1521 4022 Πατιίρ,

365 4055 454 4120 οὕτω
479 4054 577 4122 ποιῶ.

281 4143 303 4209 d
369 4202 436 4286 Ὡς
459 4207 533 4281 τῶν
551 4200 708 4282 ἀνοσίων
725 4201 906 4281 Ἰουδαίων
930 4201 1189 4306 παρεσομένων
1211 4234 1250 4284 τε
1272 4201 1352 4303 ἤδη,
1371 4203 1457 4301 μεθ’
1478 4202 1573 4304 ἧςηο

351 4432 377 4507 7.
396 4419 694 4492 ταφρωησωιηι.
688 4424 908 4550 ,οηνὲρισωα
921 4421 973 4478 ιιι.
1098 4421 1331 4495 απιπηιτοτΕ
1380 4423 1523 4491 συνεβασ-

314 4490 443 4544 λευωνΕ.
537 4507 579 4562 13.
597 4493 756 4564 συνεδρεύων
895 4509 938 4550 20.
957 4494 1099 4552 εἰκοίιτνΕ.
1112 4491 1275 4550 εἰκαίωςΕδ.
1369 4493 1414 4547 28.
1434 4493 1523 4550 καθὸτ

316 4557 349 4610 Ε.
363 4579 405 4612 και
394 4559 499 4615 καθὸς
512 4561 563 4616 Ed.
