3118 5132
302 305 369 370 406
612 307 652 372 Β.
675 305 887 372 CYRILLI
917 307 1206 374 ALEXANDR.
1395 306 1466 371 xiv.
1482 323 1541 386 4.

305 477 327 515 “
345 467 550 570 ἀπάντησιν
577 479 642 550 τοῦ
671 469 807 576 Κυρίου
834 477 884 557 εἰς
911 471 1008 577 ἀέρα,
1035 475 1095 554 καὶ
1122 473 1222 554 οὕτω
1248 470 1403 552 πάντατε
1436 466 1541 549 σὺν

304 603 327 640 “
348 595 470 703 Κυρίῳ
497 593 686 695 ε’σόμεθα.”

275 832 293 886 4
418 835 476 902 Καὶ
501 837 585 906 ὅπου
611 836 678 914 ἑτὼ
705 837 821 914 ὑπάτω
847 832 972 921 οἴδατε,
999 838 1053 905 καὶ
1079 839 1139 906 τάν
1166 838 1245 908 ὁδὸν
1272 835 1396 906 οἴδατε.

276 1017 295 1062 ⁰
363 1007 672 1111 Προαποδημήσω
699 1007 766 1108 μέν
792 1009 917 1112 ἔγωγε,
946 1013 1074 1118 φησὶν,
1102 1010 1307 1110 ἕτοιμοίσων
1334 1011 1417 1109 ὑμῖν
1444 1011 1546 1106 τῆς

306 1129 435 1211 ἀνόδου
453 1131 567 1214 τόπου
582 1137 648 1233 τῆς
664 1139 713 1218 εἷς
731 1133 914 1237 οὐρανούς·
946 1135 1031 1213 ἀλλ’
1051 1140 1081 1214 εί
1104 1133 1297 1232 βούλεσθε,
1316 1135 1375 1212 καὶ
1393 1132 1531 1239 φίλον

306 1257 389 1354 ὑμῖν
405 1255 448 1336 τὸ
466 1259 504 1336 ἐν
522 1258 669 1342 ἐκείναις
688 1256 893 1338 καταλύσω
916 1265 994 1342 ταῖς
1018 1265 1153 1356 μουαῖς,
1172 1263 1230 1338 καὶ
1254 1259 1336 1360 περὶ
1360 1264 1530 1337 πολλοῦ

304 1380 504 1480 πεποίησθε
532 1378 575 1462 τὸ
602 1387 652 1466 είς
679 1379 747 1482 τήν
769 1381 843 1461 ἀνω
868 1381 1039 1485 γενέσθαι
1062 1383 1183 1480 πόλιν,
1203 1385 1263 1462 καὶ
1290 1387 1365 1465 τοῖς
1391 1381 1527 1483 ἁγίοις

230 1543 234 1556 ·
305 1508 594 1618 συναυλισθήναι
623 1503 840 1605 πνεύμασιν,
870 1500 982 1586 ιίθιιτε
1009 1505 1064 1600 τήν
1092 1501 1173 1604 ὅθεν,
1200 1503 1398 1595 τουτέστιν,
1429 1503 1521 1602 ε’μέ·

306 1625 350 1706 δι’
379 1629 465 1727 ἐμοῦ
493 1627 566 1731 γάρ
594 1627 749 1726 πάντας,
777 1631 835 1709 καὶ
870 1629 913 1709 οὐ
943 1630 986 1709 δι’
1016 1629 1138 1734 ἑτέρου
1169 1628 1265 1713 τινὸς
1297 1626 1364 1728 τὴν
1393 1629 1525 1712 οὕτως

306 1751 534 1858 ἀξιάγαστον
551 1753 822 1856 ἀποκερδανεῖτε
842 1751 957 1858 χάριν·
988 1755 1030 1832 οὐ
1048 1751 1119 1856 γάρ
1138 1752 1256 1856 ἕτερος
1274 1754 1357 1853 ὑμῖν
1373 1753 1457 1830 ἀνοί
1505 1787 1521 1831 ι
1543 1793 1546 1828 ;

305 1873 388 1959 τοὺς
423 1874 603 1978 οὐρανοὺς,
633 1876 712 1956 οὐδὲ
748 1877 864 1970 βατδν
900 1877 1080 1984 ἀποδείξει
1116 1875 1204 1958 ποτὲ
1240 1875 1283 1955 τὸ
1319 1882 1522 1959 παντελῶς

306 1998 455 2095 ἀοτιβές
471 2033 510 2078 τε
529 2002 588 2080 καὶ
611 1999 717 2100 ἀηθες
742 2006 816 2084 τοῖς
841 1999 914 2080 ἀπὸ
937 2003 1002 2100 τῆς
1027 2003 1096 2102 γῆς
1121 1999 1263 2106 χωρίου,
1283 2004 1313 2078 εὶ
1329 1996 1379 2096 μὴ
1397 1993 1520 2095 μόνος

139 2143 205 2204 ’166
216 2144 257 2201 A.
276 2121 388 2226 οέγαῖ.
428 2125 487 2202 καὶ
509 2121 648 2224 ἀληθής
674 2125 694 2203 5
719 2123 842 2227 λόγος.
881 2122 939 2203 διά
966 2121 1038 2226 γάρ
1065 2157 1119 2203 τοι
1141 2107 1256 2233 τοῦτο
1280 2125 1338 2201 καὶ
1365 2123 1385 2200 5
1408 2155 1516 2222 προ-

307 2245 425 2353 φήτης
452 2247 623 2350 Ἱερεμίας
654 2250 692 2328 έν
720 2248 916 2348 Πνεάματι,
946 2247 1081 2347 ταύτην
1113 2247 1206 2346 ἡμᾶς
1238 2245 1305 2344 τήν
1336 2243 1421 2324 ὁδὸν
1452 2243 1517 2324 ὅτι

306 2369 472 2468 μα’λιστα
498 2368 613 2472 ζητεῖν
628 2370 895 2474 παρεκελεύετο,
914 2371 1032 2473 λέγων
1050 2382 1072 2419 “
1086 2374 1201 2470 Στῆτε
1226 2371 1283 2449 ἐπὶ
1308 2375 1386 2453 ταῖς
1411 2369 1515 2452 ὁδοῖς
1534 2405 1546 2448 1

307 2504 329 2541 “
348 2499 406 2573 καὶ
438 2491 643 2596 ἐρωτήσατε
671 2496 819 2596 τρίβους
849 2485 984 2596 Κυρίου
1014 2494 1185 2592 αἰωνίους,
1214 2496 1273 2572 καὶ
1302 2492 1393 2572 ἰ’δετε
1420 2494 1516 2572 ποία

308 2627 329 2664 “
347 2619 448 2696 ἐστὶν
466 2617 488 2716 ή
516 2615 598 2700 ὁδὸς
621 2617 644 2716 ή
670 2617 801 2719 ἀγαθή,
819 2619 877 2696 καὶ
902 2615 1064 2720 βαδίζετε
1089 2620 1128 2697 έν
1144 2619 1244 2722 αὐτῇ,
1264 2619 1323 2697 καὶ
1341 2613 1515 2718 εὑρήσετε

309 2751 330 2788 “
348 2739 529 2842 ἁγνισμὸν
553 2747 631 2824 ταῖς
658 2745 795 2844 ψυχαῖς
824 2775 935 2840 υμων.
992 2745 1068 2821 οδοὶ
1096 2739 1162 2839 μὲν
1186 2739 1259 2843 γάρ
1288 2740 1422 2842 Κυρίου
1448 2746 1513 2818 καὶ

308 2861 435 2965 τρίβου,
464 2861 556 2943 κατὰ
583 2861 648 2943 τὸν
673 2861 877 2970 προφήτην,
905 2862 952 2944 τά
978 2863 1143 2968 σωτήρια
1172 2870 1245 2944 τῶν
1272 2863 1386 2965 ἁγίων
1411 2897 1510 2965 προ·

288 2983 436 3092 1φητῶν
451 2984 735 3090 συγγράμματα·
769 2985 910 3067 ἀλλἐἴ
934 3022 987 3072 τις
1012 2989 1132 3072 αὐτοῖς
1156 2987 1221 3067 τὸν
1247 2995 1332 3066 νοῦν
1355 2985 1543 3085 ε’πιστή-2

309 3145 395 3209 σειε,
413 3109 479 3211 τὴν
497 3109 582 3191 ὁδὸν
600 3111 743 3213 εὑρήσει
766 3109 833 3212 τήν
852 3110 1004 3214 ἀγαθήν,
1023 3111 1190 3194 τουτέστι
1206 3109 1385 3214 Χριστὸν,
1403 3111 1444 3189 δι’
1464 3109 1512 3189 οὗ

138 2369 214 2420 Hier.

138 2437 172 2487 τι
186 2434 224 2486 16.

309 3237 367 3314 καὶ
400 3236 421 3313 5
451 3229 587 3318 τέλειος
617 3233 794 3336 ἀγνισμδς
826 3242 905 3320 ταῖς
936 3235 1120 3340 ἡμετέραις
1150 3239 1288 3341 ψυχαῖς
1318 3235 1508 3336 ἐγγίνεται·

141 3353 537 3458 22P⁶¹2bona2015nnea
565 3357 638 3463 γὰρ
663 3356 722 3439 διά
745 3363 811 3460 τῆς
834 3361 1003 3457 πίστεως,
1027 3361 1085 3439 καὶ
1111 3360 1207 3442 θείας
1231 3356 1509 3455 ἀναδεικνύμεθα

140 3437 158 3472 ι.
168 3438 193 3484 4.

308 3479 454 3588 φύσεως
481 3486 642 3562 κοινωνοὶ
670 3488 716 3588 τῇ
742 3482 884 3590 μεθέξει
910 3489 975 3562 τοῦ
996 3483 1126 3584 Ἀγίου
1155 3482 1377 3581 Πνεάματος.
1408 3477 1509 3559 ἀλλά

307 3607 366 3684 καὶ
398 3603 505 3689 αὐτὸς
539 3607 559 3684 5
590 3604 941 3711 μεγαλοφωνότατος
976 3603 1168 3712 προφήτης
1199 3603 1362 3689 Ἡσαΐας
1398 3605 1506 3687 οὕτως
1521 3632 1546 3690 2!

140 3741 261 3858 gum·
307 3728 392 3827 ἡμῖν
422 3725 487 3808 τὸν
513 3727 681 3832 Χριστὸν
718 3728 921 3833 διεκήρυττε
956 3729 1077 3832 λέγων
1112 3726 1286 3809 “”Εσται
1323 3731 1395 3808 ε’κεῖ
1426 3725 1506 3808 ὁδὸς

157 3843 164 3860 ’
308 3861 330 3900 “
348 3849 499 3956 καθαρὰ,
520 3853 579 3932 καὶ
605 3849 688 3937 ὁδὸς
713 3853 800 3956 ἀγία
825 3851 1082 3954 κληθήσεται·”
1112 3855 1186 3933 ε’κεῖ
1210 3851 1255 3932 δέ
1277 3887 1349 3933 που
1376 3854 1502 3958 φησὶν,

307 3977 345 4056 έν
371 3983 445 4060 τοῖς
469 3974 614 4081 χρόνοις
642 3975 811 4077 δηλονότι
838 3981 903 4077 τῆς
932 3975 1024 4073 μετὰ
1053 3977 1190 4080 σαρκὸς
1218 3977 1417 4076 οἰκονομίας
1443 3981 1505 4054 τοῦ

309 4105 553 4203 Μουογενοῦς·
584 4098 666 4185 ὁδὸς
689 4097 762 4203 γάρ
780 4101 865 4200 ήμῖν
882 4099 1009 4204 γέγονε
1035 4098 1176 4204 καθαρά
1200 4105 1259 4180 καὶ
1285 4101 1385 4204 ἁγία,
1405 4098 1445 4179 δι’
1463 4097 1505 4199 ἧς

345 4329 441 4396 18-24.
460 4327 536 4384 Haec
548 4327 612 4384 citnt
625 4327 726 4384 Cotonn
737 4329 766 4384 in
779 4327 944 4384 Hieremiam
957 4327 1118 4399 Prophetom
1133 4327 1205 4400 (cod.
1218 4329 1246 4384 in
1260 4328 1331 4384 Bibl.
1345 4325 1502 4383 Patrinrchae

308 4397 547 4472 Hierosolymitnni
559 4399 792 4470 Constantinopoli
808 4409 982 4454 conservatus
997 4399 1044 4456 fol.
1058 4413 1120 4471 205,
1133 4398 1193 4454 cod.
1207 4399 1279 4456 Bibl.
1292 4398 1501 4455 Medicoo·Lnnr.

308 4467 381 4596 313.
392 4489 419 4526 v.
432 4487 459 4542 9,
471 4470 518 4526 ἰοί
533 4471 592 4542 138.
606 4470 641 4526 cf.
655 4469 782 4526 Ghiolenii
794 4468 854 4526 cn
868 4470 887 4526 i.
899 4469 974 4542 591).
1111 4486 1155 4542 οη.
1174 4472 1286 4541 nicom.
1299 4469 1360 4526 cod.
1374 4468 1500 4526 Medicon-
