3184 5104
393 335 437 399 90
697 333 737 398 Β.
761 332 970 400 OYRILLI
999 331 1290 400 ALEXANDR.
1457 329 1495 394 vii

392 494 484 601 πρὸς
508 495 551 577 τὸ
576 501 720 604 φαῦλον
735 497 917 602 ἂχαλίνιος
943 497 1079 602 ἔχουσα
1102 495 1196 602 ῥοπὴ
1220 493 1495 600 προσεκλύουσα

393 620 538 724 καρδίας
562 620 627 703 τὸν
644 620 761 722 τόνον,
778 624 914 726 ἀδρανῆ
940 624 999 701 καὶ
1024 621 1275 722 ἀτολμοτύτην
1292 618 1405 719 αὐτὴν
1426 621 1495 719 οἰπε4

393 743 487 848 ζεται
511 741 603 849 πρύς
627 777 670 848 γε
694 743 737 826 τὸ
763 743 941 826 δύνασθαι
958 750 1156 847 κατορθοῦν
1174 742 1314 849 ἀρετήν.
1358 753 1495 847 προησι

393 865 494 952 κύνες
521 875 712 974 τοιγαροῦν
738 875 817 952 ταῖς
844 873 893 953 είς
925 866 1138 975 φαυλότητα
1163 871 1303 973 ῥοπαῖς,
1331 870 1389 949 καὶ
1418 866 1487 947 ὑπὸ

394 990 492 1070 ἰδίων
509 993 637 1073 παθῶν
655 991 938 1096 τυραννούμενοι,
957 993 1064 1098 φησὶ,
1084 991 1136 1073 τὶν
1155 989 1230 1099 ἑμῦι
1248 991 1375 1073 ιἰκούειι
1394 996 1428 1072 οὐ
1455 986 1495 1070 δύ

393 1113 504 1216 λύγοι·
536 1125 557 1162 “
573 1115 717 1196 Εὐθεῖαι
735 1113 890 1219 μὲνγὰρ
908 1119 945 1195 αὶ
963 1117 1039 1195 ὁδοὶ
1059 1115 1224 1218 Κυρίου,”
1243 1113 1336 1194 κατὰ
1357 1112 1400 1195 τὸ
1425 1147 1495 1216 γεγ,

358 1245 380 1310 d
392 1235 508 1336 με’νον,
536 1249 558 1286 “
576 1241 634 1319 καὶ
662 1239 790 1320 δίκαιοι
818 1238 1056 1342 πορεύσονται
1085 1239 1124 1319 ἐν
1151 1240 1282 1337 αύταῖς,
1310 1243 1344 1318 οἱ
1375 1235 1413 1316 δὲ
1446 1240 1495 1317 ἁσ

393 1369 416 1407 “
434 1361 703 1462 ἀσθενὴσουσιν
730 1363 767 1441 ε’ν
792 1359 946 1445 αῦταῖς.”
977 1361 1149 1464 συγγενὲς
1176 1360 1337 1464 εὑρήσεις
1363 1359 1495 1444 τούτοις

224 1481 305 1608 22?ss
316 1497 340 1532 '·
392 1482 435 1564 τὸ
453 1487 492 1565 ἐν
504 1485 635 1588 ἕτεροις
651 1484 744 1587 πρὸς
760 1483 842 1570 τοῦς
856 1486 1078 1589 Φαρισαίους
1095 1485 1277 1590 εἰρημένον
1291 1495 1313 1532 “
1326 1489 1415 1569 Πῶς
1432 1483 1495 1564 δύν

393 1617 415 1656 “
432 1607 625 1706 πιστεύειν,
657 1606 771 1716 δόξαν
804 1608 890 1711 παρ’
921 1608 1098 1710 ἀλλήλων
1134 1607 1395 1708 λαμβάνοντες,
1430 1611 1489 1688 καὶ

391 1740 415 1778 “
434 1729 546 1838 δόξαν
564 1729 630 1832 τὴν
646 1729 749 1836 παρὰ
771 1740 836 1812 τοῦ
861 1731 974 1830 μόνου
993 1737 1090 1812 θεοῦ
1114 1733 1156 1812 ού
1182 1732 1314 1836 ζητεῖτε
1327 1730 1361 1830 ;”
1391 1734 1459 1813 κάν
1476 1767 1495 1812 τ

392 1852 465 1958 γὰρ
490 1853 536 1956 δὴ
560 1853 603 1935 τὸ
627 1853 678 1955 μὴ
704 1854 883 1936 δύνασθαι
906 1855 1089 1937 πιστεύειν
1106 1853 1244 1954 αύτούς,
1261 1853 1328 1955 τὴν
1345 1854 1495 1936 ἑκούσιοι

391 1979 545 2063 διανοίας
564 1977 764 2078 ἀσθένειαν,
782 1979 862 2080 ἤτοι
883 1979 925 2058 τὸ
949 1985 1254 2084 προκεχειρῶσθαι
1271 1986 1349 2064 ταῖς
1367 1983 1495 2086 φιλοδο

391 2101 456 2182 τὸν
488 2109 572 2181 νοῦν
603 2102 781 2202 σημαίνει.
835 2101 968 2203 ἀληθὲς
1002 2100 1040 2183 δὲ
1077 2099 1190 2183 πάλιν
1226 2102 1389 2208 ὑπάρχον
1424 2104 1482 2182 ἐπὶ

362 2225 576 2308 θἸουδαίοις
603 2224 815 2327 εὑρίσκομεν
837 2222 880 2304 τὸ
908 2222 967 2304 διὰ
993 2229 1057 2324 τῆς
1084 2232 1149 2305 τοῦ
1169 2225 1320 2306 Παύλου
1343 2230 1467 2332 φωνῆς
1492 2269 1495 2300 ι

392 2347 499 2447 με’νον
517 2359 539 2396 “
552 2347 715 2453 Ψυχυεὸς
732 2345 771 2428 δὲ
789 2347 978 2451 ἅνθρωπος
1003 2347 1047 2427 οῦ
1070 2347 1208 2453 δέχεται
1228 2347 1275 2428 τὰ
1297 2357 1361 2429 τοῦ
1382 2349 1495 2448 Πνεύρ

393 2481 415 2520 “
433 2479 498 2551 τοῦ
518 2477 624 2568 θεοῦ,
642 2471 760 2575 μωρία
778 2468 851 2575 γὰρ
869 2472 967 2580 αὐτῷ
985 2473 1116 2553 ε’στιν.”
1145 2473 1273 2554 οὐκοῦν
1291 2469 1495 2575 ἐπειδήπερ

391 2598 553 2702 ψυχικοί,
584 2595 722 2699 μωρίαν
753 2595 909 2697 ἡγοῦντο
939 2593 1005 2675 τὸν
1033 2595 1090 2675 ἐπὶ
1121 2593 1165 2674 τὸ
1196 2594 1379 2699 σιύζεσθαι
1411 2605 1494 2675 καλε

392 2717 532 2816 λοιπὸν,
555 2721 614 2799 καὶ
641 2721 705 2817 τῆς
732 2716 913 2825 ἐξοιρίτου
940 2718 1124 2802 πολιτείοις
1151 2719 1370 2801 διδάσκοντα
1395 2716 1464 2819 τὴν
1492 2763 1494 2792 ι

392 2839 638 2922 ἀπευθύνοντᾶ
664 2875 703 2921 τε
731 2847 852 2926 καλῶς
880 2846 929 2926 είς
951 2839 994 2920 τὸ
1020 2841 1184 2945 ἀρέσκειν
1202 2841 1379 2923 δύνασθαι
1403 2848 1456 2950 τῷ
1482 2871 1494 2950 5

391 2964 483 3072 ρέτιρ
502 2969 595 3072 Θεῷ,
615 2961 644 3073 ᾦ
669 2971 775 3046 πᾶσα
797 2962 893 3066 τιμὴ,
911 2963 1013 3072 δόξα,
1031 2961 1162 3068 κράτος
1184 2969 1234 3050 είς
1257 2963 1341 3051 τοῦς
1364 2970 1493 3052 αίῶνας

393 3087 541 3185 αίῶνων,
559 3086 666 3189 ἀμήν.

224 1107 287 1185 Epo.

223 1189 274 1221 nv.
288 1186 312 1236 ⁹·

428 3323 455 3380 5.
466 3311 512 3364 τδν
524 3309 638 3379 ἐμὸν-λ
689 3332 703 3365 ν
717 3307 750 3365 Β.
762 3315 814 3367 τᾶν
825 3309 893 3382 ίμιῦν
903 3308 1005 3366 διιούειν
1017 3312 1104 3382 λόγων
1113 3311 1144 3366 οῦ
1157 3309 1270 3366 δύνασθε
1283 3309 1374 3366 Holst.
1384 3309 1437 3365 Ed.

393 3379 483 3451 ρίησεις
497 3379 529 3436 Β.
542 3379 647 3450 εῦρῆσςι
690 3379 775 3438 ιΕᾶ.
883 3397 926 3438 20.
944 3379 1078 3454 α’ρίσιιειν]
1095 3388 1124 3446 †
1139 3382 1181 3437 ιιαδ
1194 3381 1228 3439 Β.
1241 3381 1290 3438 Ht.
1302 3380 1492 3437 flwdavitA
