3082 5112
347 346 413 412 864
651 349 692 414 B.
716 351 923 416 CYRILLI
954 353 1240 417 ALEXANDR.
1413 350 1511 414 xiim

348 513 507 622 Ιεἰργνρίιρ
533 521 721 598 παντελῶς
748 513 814 614 τὴν
836 521 885 600 εἰς
904 515 1069 620 Χριστὸν
1092 516 1238 620 ἀγάπην
1259 512 1458 620 ἠλλάξατο,
1476 547 1511 591 κο

347 636 482 718 ἐσθίων
507 633 572 718 τόν
599 636 710 740 ἄρτον
734 639 845 718 αὑτοῦ
872 637 938 740 τὴν
962 639 1117 741 πτέρναν
1139 641 1278 743 ἐπῆρεν,
1295 639 1337 718 οὐ
1364 633 1474 736 τιμὴν,
1490 669 1511 715 ο

347 760 470 867 δόξαν,
488 762 530 841 οό
557 764 622 860 τῆς
648 759 792 864 ἀγάπης
819 760 884 842 τόν
906 759 1027 864 νόμον,
1045 765 1087 846 οὐ
1113 762 1155 845 τὸ
1180 759 1511 870 χρεωστοόμενονὼ

348 889 431 992 θεῷ
449 883 575 984 σέβας,
593 886 660 990 οιίχ
681 881 802 988 ἕτερόν
818 920 853 966 τι
871 893 944 967 τῶν
961 893 1009 973 εἰς
1026 885 1136 968 αὐτόν
1152 887 1351 992 γενομένων
1370 887 1511 984 όπολογι

347 1008 514 1107 σάμενος,
532 1014 581 1093 εἰς
598 1008 692 1108 μόνα
710 1008 749 1090 δὲ
765 1011 917 1107 βλέπων
935 1011 981 1091 τά
1002 1016 1084 1115 περὶ
1105 1018 1178 1094 τῶν
1195 1009 1378 1092 Ἰουδαίων
1395 1041 1511 1109 μνσαρ

180 1143 295 1200 735Α·
318 1130 508 1235 υδηνάρια,
527 1135 586 1213 καὶ
610 1134 746 1236 ὀλίγων
770 1135 951 1238 ἀργυρίων
971 1139 1099 1236 κομιδῆ
1123 1135 1189 1235 τὴν
1213 1135 1339 1215 ἑαυτοῦ
1363 1130 1511 1231 πωλήσα

346 1255 483 1361 ψυχὴν,
508 1257 567 1336 καί
594 1255 636 1337 τὸ
664 1255 784 1365 ἀθῶόν
810 1292 849 1338 τε
877 1259 937 1337 καί
964 1258 1099 1341 δίκαιον
1126 1257 1215 1359 αἰμα
1238 1264 1319 1344 ’ταῖς
1344 1262 1418 1336 τῶν
1439 1287 1510 1355 μιαι

346 1379 542 1484 φονῶντων
564 1383 692 1486 χερσὶν
714 1381 1013 1487 ἐγχειρισάμενος.
1052 1379 1284 1486 εὐλογωτότη
1311 1387 1496 1482 τοιγαροῦν

345 1511 411 1582 τοῦ
429 1502 645 1610 τεταράχθαι
663 1503 860 1612 πρόφασις.
888 1508 1127 1586 ἐπακολουθεῖ
1142 1505 1180 1588 δὲ
1199 1501 1323 1608 δριμὺς
1341 1504 1361 1582 ό
1380 1499 1511 1606 ἔλεγχοι

346 1628 440 1706 οὕτω
462 1625 529 1726 μὲν
550 1632 600 1711 εἰς
627 1625 830 1730 πρόσωπον
854 1632 972 1713 ἰδικῶς
999 1627 1041 1710 τό
1069 1629 1147 1714 ἑνὸς
1171 1637 1245 1709 τῶν
1267 1627 1414 1725 δώδεκα,
1431 1659 1511 1728 περι

344 1750 439 1835 στοίς
455 1751 570 1854 γεμὴν
588 1757 636 1836 εἰς
655 1750 786 1851 μόνους
803 1750 932 1837 αὐτοὺς
950 1751 993 1832 τὸ
1011 1753 1105 1834 οὕτω
1124 1751 1418 1860 φρικωδέστατον
1433 1783 1511 1848 κατη

345 1873 500 1978 γόρημα,
535 1877 594 1955 καὶ
629 1877 821 1981 μονονουχὶ
858 1875 1160 1979 παρεγγυῶμενος
1199 1883 1273 1957 τῶν
1308 1871 1511 1978 ἀκροωμένω

344 1997 488 2108 ἑκάστῳ
506 1998 573 2099 τὴν
594 2001 686 2080 ἰδίαν
704 1997 869 2107 φυλάξαι
888 1999 1025 2106 ψυχὴν,
1044 1998 1095 2100 μὴ
1114 2001 1185 2104 άρα
1202 2033 1281 2084 πως
1305 2000 1344 2078 ἐκ
1367 1996 1511 2104 ῥᾳθυμία

310 2131 419 2210 broie
444 2125 538 2204 οὕτω
563 2126 689 2209 δεινοῖς
714 2123 906 2225 ἁλῶσηται
929 2124 1167 2230 βρόχοις,καί
1191 2128 1255 2224 τῆς
1278 2130 1343 2204 τοῦ
1367 2118 1511 2216 διαβόλο

343 2251 489 2354 πικρίας
520 2246 638 2352 γλυκὺ
669 2247 808 2351 γένοιτο
840 2247 997 2352 θήραμα.
1050 2247 1240 2356 ε’πωφελὴς
1273 2248 1337 2329 οὖν
1368 2247 1439 2350 ἅρα
1470 2248 1511 2323 τῶ

344 2373 505 2479 ἐλέγχων
534 2371 556 2471 ἡ
586 2368 746 2470 δύναμις,
771 2369 817 2472 ἣν
844 2373 927 2476 παρ’
954 2371 1056 2452 οὐδέν
1082 2372 1325 2472 ποιησάμενος
1353 2379 1417 2451 τοῦ
1446 2403 1511 2472 προ

345 2494 470 2580 δόντος
488 2499 509 2575 ό
529 2504 621 2592 νοῦς,
639 2501 713 2575 τῶν
730 2497 867 2575 οἰκείων
885 2495 998 2601 ε’ίχετο
1015 2494 1324 2596 σπουδασμάτων.
1363 2497 1510 2600 ἐμφαντι

344 2618 487 2698 κῶτατα
518 2619 638 2700 τοίνυν
666 2620 687 2698 ό
718 2617 885 2723 Χριστός
915 2619 959 2699 τό
991 2618 1050 2706 Εἰς
1084 2620 1120 2728 ἐξ
1149 2619 1237 2724 ὑμῶν
1267 2615 1464 2726 παραδόσει
1496 2653 1510 2722 ρ

343 2749 471 2849 φησιν.
515 2741 539 2844 ἢ
567 2740 640 2846 γοίρ
668 2747 732 2842 τῆς
759 2751 824 2823 τοῦ
850 2749 1059 2842 τολμῶντος
1086 2742 1301 2848 ἀχαριστίας
1327 2739 1387 2822 διιί
1414 2741 1510 2820 τοότι

342 2875 543 2972 κατηγορεῖ,
565 2864 589 2967 ἢ
615 2871 679 2966 τῆς
702 2875 768 2946 τοῦ
793 2865 970 2965 διαβόλου
992 2867 1117 2951 κακίας
1141 2865 1289 2948 δεικνόει
1312 2863 1355 2946 τό
1378 2865 1510 2966 μέγεθο

343 2995 391 3078 ῶς
414 2999 591 3074 τοσοῦτον
610 2990 832 3092 δυνηθείσης,
851 2992 900 3075 ῶς
925 2993 984 3071 καὶ
1008 2990 1126 3071 αἰτιῶν
1144 2989 1206 3070 ἕνα
1230 2996 1303 3071 τῶν
1320 2985 1509 3071 άποστόλο

343 3116 519 3221 ἁρπάσαι.

314 3245 333 3288 ο

292 3381 329 3422 ττ
377 3361 539 3440 Ἐβλεπον
567 3355 624 3428 οὖν
651 3358 698 3426 εἰς
725 3359 892 3427 ἀλλήλουα
920 3358 950 3426 οἰ
976 3360 1119 3438 μαθιιταί
1146 3359 1399 3450 διαπορούμενοι
1427 3359 1503 3447 περὶ

838 3486 925 3554 τίνος
952 3489 1046 3561 λέπει.

391 3657 600 3768 Ἐκπληξίς
623 3694 661 3740 τε
686 3661 777 3758 ὁμοῦ
803 3662 861 3739 καί
886 3658 964 3742 δέος
989 3657 1164 3763 εἰστρέχει
1188 3655 1271 3740 τοὺς
1289 3653 1508 3756 μαθητάς,κ

341 3783 519 3886 ἀλλήλοις
555 3785 717 3886 ἐνορῶσι,
752 3787 906 3863 διπλοῦν
942 3783 981 3861 ἐκ
1017 3787 1091 3860 τῶν
1127 3779 1320 3884 εἰρημένων
1356 3782 1508 3859 ῶδίνοντ

341 3907 511 4013 θόρυβον.
558 3908 711 3991 ἕκαστος
737 3905 898 4010 μὲνγὰρ
926 3903 1083 3985 κατὰτὸ
1108 3901 1200 3989 εἰκός
1224 3907 1289 4003 τῆς
1313 3903 1404 3988 ἰδίας
1432 3905 1508 4005 όπεγ

340 4035 478 4139 τρέχων
499 4036 632 4139 ψυχῆς,
652 4032 717 4111 οὐκ
741 4033 778 4110 ε’ν
801 4030 915 4138 ὀλίγῳ
941 4029 1067 4132 γέγονε
1094 4031 1243 4128 δείματι,
1262 4025 1365 4107 ἀλλὰ
1392 4029 1456 4106 καὶ
1485 4059 1507 4104 τ

341 4164 390 4242 εἰς
417 4155 459 4236 τὸ
487 4154 606 4236 κοινὸν
630 4155 775 4258 ὁρώσης
801 4151 1023 4260 ὑπολήψεως
1048 4151 1168 4258 χάριν,
1189 4154 1253 4233 οὐκ
1276 4149 1460 4263 ἐλάττονα
1485 4183 1507 4228 τ

340 4281 462 4384 ἑτέρας
489 4277 556 4379 τὴν
585 4279 742 4382 ἀγωνίαν
770 4275 948 4382 ἐδέχοντο.
995 4276 1050 4358 ότι
1078 4277 1145 4378 μὲν
1172 4277 1245 4381 γάρ
1273 4273 1411 4376 ἀληθὲς
1444 4275 1507 4354 ἔστ

308 4402 485 4488 ἀπάντως
512 4401 555 4482 τὸ
583 4403 764 4505 εἰρημένον
791 4401 1038 4482 πιστεύουσιν.
1089 4401 1196 4482 ἴσασι
1224 4399 1297 4502 γάρ
1327 4402 1376 4483 ὡς
1407 4400 1507 4478 οὐκ.

413 4601 437 4650 5.
456 4586 515 4656 περί
528 4586 560 4642 Ε.
573 4587 643 4654 παρὰ
657 4586 708 4640 Ed.
819 4601 859 4658 ιγ.
879 4585 978 4658 εἴχετο]
992 4585 1092 4658 οἴχεται
1105 4585 1139 4642 Ε.
1256 4583 1299 4640 26.
1318 4583 1431 4654 ι’νορᾶσι
1446 4583 1481 4638 Ε.
