3142 5118
359 303 425 366 220
663 303 703 370 B.
727 304 936 370 CYRILLI
964 303 1251 370 ALEXANDR.
1455 311 1502 358 τοι

360 471 408 550 εἰς
431 466 540 547 αὑτὸν
558 467 804 568 πιστεύοντας,
824 473 881 550 καὶ
902 470 943 550 τὸ
962 473 1000 550 ἐν
1017 477 1132 552 πᾶσιν
1149 469 1299 550 ἔσεσθαι
1316 471 1390 546 τοῖς
1408 463 1503 560 ἀγαθι

360 593 462 674 ε’λπῖς
486 594 550 672 οὐκ
573 595 791 698 ἀμφίλογος.
822 592 913 679 εἰκὸς
932 593 969 674 δὲ
989 593 1103 675 ὅτιτὸ
1123 590 1274 701 περιτο-λι
1293 590 1351 669 καὶ
1369 587 1470 684 αὐτῆς
1486 618 1503 662 τ

361 713 461 818 ζωῆς,
479 717 653 816 τουτέστι,
669 717 711 796 τὸ
729 717 841 798 πλέον
859 719 937 820 ἤτοι
954 718 996 798 τὸ
1015 718 1232 821 τιμιώτερον,
1251 715 1318 816 τήν
1335 707 1503 792 τελεωτάτ

326 847 425 923 hrofi
455 839 663 940 Πνεόματος
690 841 835 948 μέθεξιν
857 839 948 922 εἶναί
970 849 1096 947 φησιν,
1120 848 1149 922 εἰ
1176 844 1236 920 καὶ
1263 837 1411 944 σφόδρα
1437 867 1503 936 περ

360 962 583 1062 σταλμένως.
635 963 677 1044 τὸ
706 965 771 1064 μὲν
801 964 872 1068 γὰρ
905 970 1101 1058 ἀναβιῶναι
1135 962 1252 1046 κοινόν
1283 963 1395 1064 ἁγίοις
1428 993 1463 1038 τε
1494 991 1503 1034 ι

300 1194 306 1206 ¹
361 1089 601 1190 ἁμαρτωλοῖς,
624 1086 796 1189 Ἕλλησί
831 1124 868 1170 τε
901 1095 958 1171 καὶ
990 1091 1175 1174 Ἰουδαίοις
1211 1092 1269 1169 καὶ
1306 1089 1389 1187 ἡμῖν
1422 1085 1503 1161 αῦτο

195 1191 316 1326 ἵζω
361 1219 383 1257 “
401 1208 695 1313 Ἀναστήσονται
713 1213 785 1318 γάρ
804 1219 835 1294 οῖ
860 1217 986 1318 νεκροὶ,
1007 1219 1064 1295 καὶ
1090 1211 1345 1318 ἐγερθήσονται
1371 1214 1405 1289 οἱ
1429 1210 1464 1286 ἐν
1480 1240 1503 1284 τι

361 1345 383 1382 “
401 1339 593 1436 μνημείοις,
621 1341 679 1418 καὶ
712 1338 1023 1444 εὐφρανθήσονται
1056 1344 1089 1419 οἱ
1122 1341 1159 1418 ἐν
1186 1343 1231 1444 τῇ
1264 1335 1342 1442 γῆ,”
1372 1330 1462 1413 κατὰ
1489 1364 1503 1408 τ

360 1463 502 1567 ἀψευδῆ
521 1469 586 1542 τοῦ
606 1466 774 1565 Σωτῆρος
793 1463 1007 1568 ὑπόσχεσιν.
1047 1463 1089 1543 τὸ
1114 1463 1152 1543 δὲ
1175 1466 1212 1542 ἐν
1228 1459 1368 1566 μεθέξει
1389 1455 1504 1560 γενέσί

359 1593 423 1665 τοῦ
442 1585 570 1688 Ἀγίου
600 1585 822 1684 Πνεόματος,
847 1588 962 1666 οὐκέτι
989 1594 1083 1668 πᾶσι
1111 1585 1243 1682 κοινὸν,
1265 1581 1365 1664 ἀλλά
1394 1578 1483 1683 πρὸς

360 1708 431 1812 ζωῇ
463 1709 608 1816 περιττλι
639 1713 698 1789 καὶ
731 1713 779 1795 ὡς
812 1714 849 1790 ἐν
882 1709 980 1817 τάξει
1012 1710 1178 1794 πλείονος
1214 1716 1277 1789 τοῦ
1308 1711 1408 1809 κοινῇ
1444 1709 1504 1783 πᾶε

362 1831 599 1939 ὑπάρξαντος,
627 1831 750 1934 μόνοις
777 1833 1090 1936 ἀπονεμηθήσεται
1121 1841 1193 1916 τοῖς
1224 1831 1282 1913 διὰ
1309 1833 1466 1913 πίστεως
1494 1861 1504 1906 τ

331 1961 409 2040 οεῖς
438 1955 604 2059 Χριστὸν
632 1958 922 2058 δεδικαιωμένοις·
953 1957 1171 2059 σημανεῖδέ
1200 1959 1258 2037 καὶ
1286 1963 1392 2035 τοῦτο
1420 1955 1440 2032 ὁ
1469 1958 1504 2032 θε

192 2077 285 2206 29⁰3,
361 2080 444 2180 ἡμῖν
469 2087 618 2168 Παῦλος
645 2082 764 2186 λέγων
788 2095 808 2130 “
822 2083 916 2164 Ἰδοῦ
943 2081 1142 2186 μυστήριον
1171 2085 1252 2181 ὑμῖν
1279 2079 1388 2181 λέγω·
1429 2075 1504 2158 πάν

192 2222 232 2272 ⁵²·
360 2215 382 2252 “
400 2205 465 2302 μὲν
504 2205 809 2308 κοιμηθησόμεθα,
848 2209 890 2286 οὐ
931 2204 1061 2288 πάντες
1105 2205 1143 2286 δέ
1184 2201 1484 2307 ἀλλαγησόμεθα,

360 2339 381 2376 “
400 2328 533 2438 ἀτόμῳ,
553 2333 591 2410 ἐν
609 2334 696 2436 ῥιπῇ
721 2333 926 2437 ὀφθαλμοῦ,
945 2334 1046 2437 ε’ντῆ
1071 2329 1210 2437 ἐσχάτη
1236 2327 1433 2430 σάλπιγγι·
1465 2359 1504 2404 σι

360 2463 382 2500 “
399 2454 499 2534 πίσει
523 2454 573 2558 γῦ
597 2515 608 2552 ,
630 2459 689 2536 καὶ
713 2462 745 2536 οῖ
771 2455 886 2558 νεκροὶ
907 2458 945 2536 ἐν
963 2461 1116 2563 Χριστῷ
1135 2453 1391 2558 ἐγερθήσονται
1411 2451 1504 2557 ἀφθο

359 2588 381 2624 “
400 2612 466 2675 τοι,
485 2581 544 2657 καὶ
570 2580 668 2678 ἡμεῖς
689 2577 1015 2682 ἀλλαγησόμεθα·”
1044 2579 1174 2663 πάντες
1197 2579 1262 2678 μὲν
1280 2577 1352 2681 γὰρ
1370 2580 1408 2657 ἐκ
1428 2607 1505 2676 νεκρ

360 2701 641 2802 ἀναστήσονται,
661 2701 720 2783 διά
743 2703 785 2784 τὸ
810 2703 914 2810 πάσῃ
940 2704 1110 2784 δεδόσθαι
1133 2705 1178 2809 τῆ
1207 2703 1315 2809 φύσει
1336 2697 1394 2782 διὰ
1412 2697 1505 2798 τῆν’,

361 2827 595 2910 ἀναστάσεως
618 2827 733 2932 χάριν·
764 2831 822 2908 καὶ
840 2831 878 2908 ἐν
897 2825 947 2908 ἑνῖ
972 2833 1023 2936 τῷ
1041 2833 1205 2936 Χριστῷ,
1224 2833 1275 2934 τῷ
1299 2825 1343 2932 ἐξ
1363 2829 1479 2929 ἀρχῆς
1504 2881 1505 2898 ι

328 2951 493 3060 ἀτρώτῳ
522 2952 769 3033 καταλύσαντι
796 2961 861 3032 τοῦ
889 2951 1045 3032 θανάτου
1072 2949 1114 3031 τὸ
1140 2950 1282 3055 κράτος,
1307 2953 1364 3029 καὶ
1393 2955 1443 3032 εἷς
1472 2947 1505 3050 ζα

360 3077 582 3178 ἐνεργηθέντι
601 3075 666 3177 τῆν
685 3080 835 3176 διηνεκῆ,
855 3079 874 3156 ὁ
892 3075 1008 3161 κοινὸς
1026 3081 1089 3176 τῆς
1107 3074 1383 3180 ἀνθρωπότητος
1401 3071 1487 3175 ὅρος

360 3197 452 3302 πρὸς
477 3200 689 3306 ἀφθαρσίαν
707 3200 1035 3307 ἀναμορφοθμενος,
1055 3199 1217 3300 καθάπερ
1242 3201 1305 3278 οὖν
1323 3200 1361 3278 ἐν
1377 3195 1504 3294 Ἀδάμ

360 3325 410 3402 ἑνὶ
429 3321 542 3402 πάλιν
561 3326 619 3401 καὶ
641 3325 773 3432 πρώτῳ
798 3323 890 3427 πρὸς
915 3324 1070 3404 θάνατον
1089 3326 1147 3403 καὶ
1166 3321 1309 3430 φθορὰν
1326 3327 1505 3414 καταδικω

360 3481 477 3545 μενος.
509 3446 610 3526 ἀλλά
629 3447 752 3548 πολλή
778 3483 831 3531 τις
856 3451 932 3527 κατ’
952 3451 1062 3528 ἐκεῖνο
1081 3456 1204 3551 καιροῦ
1223 3455 1295 3527 τῶν
1315 3444 1505 3544 ἀνισταμέι

361 3569 569 3676 ἡδιαφορά,
590 3573 647 3650 καὶ
672 3570 770 3651 πολό
794 3606 828 3651 τι
853 3569 895 3651 τὸ
921 3569 1142 3651 διαλλάττον
1159 3569 1398 3674 εὑρεθήσεται.
1440 3575 1476 3649 οἱ
1502 3645 1505 3670 ,

360 3691 432 3795 γάρ
452 3695 489 3773 έν
507 3693 629 3776 πίστει
647 3730 692 3800 τη
715 3701 763 3781 εἰς
782 3693 947 3798 Χριστὸν
966 3696 1267 3794 ἀναπαυσάμενοι,
1288 3697 1346 3774 καὶ
1364 3692 1428 3772 τὸν
1447 3695 1505 3796 ἀργ

360 3825 463 3913 βῶνα
489 3827 554 3899 τοῦ
583 3819 794 3918 Πνεόματος
822 3818 914 3900 κατὰ
942 3818 1006 3900 τὸν
1033 3817 1156 3924 καιρὸν
1181 3823 1244 3919 τῆς
1272 3816 1364 3916 μετὰ
1390 3817 1505 3916 στόμα

400 4073 423 4112 1.
441 4056 564 4130 ἔσεσθαι]
577 4057 700 4128 γενέσθαι
714 4057 773 4115 Cat.
789 4057 865 4112 Harl.
936 4072 963 4130 5.
983 4057 1080 4131 κοινὸν]
1097 4065 1126 4124 -1-
1140 4061 1257 4114 πῦσενο.
1328 4057 1354 4112 6.
1367 4055 1493 4124 Ἕλλησί

361 4128 449 4184 αὐτοῖς
461 4125 559 4183 desunt
570 4129 599 4182 in
611 4128 683 4184 Aub.
698 4131 743 4202 qui
756 4140 783 4184 et
795 4130 845 4184 alia
859 4128 951 4184 deesse
964 4131 991 4184 in
1004 4129 1159 4200 apographo
1172 4147 1222 4183 suo
1235 4129 1354 4183 adnotat.
1435 4145 1479 4198 ¹3·
1503 4153 1505 4172 ι

362 4197 521 4288 κογωμένοις]
536 4200 583 4268 τὴν
594 4201 622 4254 δι’
640 4203 687 4253 τοῦ
703 4201 845 4282 πνεύματος
859 4199 962 4281 με’θεξγν
979 4201 1019 4254 καὶ
1037 4203 1177 4287 βασιλείαν
1190 4201 1306 4269 οὐρανῶν
1320 4199 1455 4288 ὀνομάζειν
1469 4195 1505 4251 ot't¹

361 4269 1037 4397 3355ffiffsffiffistfflfflzffxrzzsstffiae
1050 4293 1175 4397 ,Ψ
1189 4269 1505 4408 Βίίῖίίίὲῗξᾉὲἧῗ

361 4410 503 4480 θησόμεθα,
515 4413 609 4469 πάντες
621 4413 649 4467 δὲ
663 4429 686 4466 κ.
700 4413 734 4467 cf.
748 4413 775 4466 in
789 4413 825 4466 xii
839 4411 938 4483 Proph.
952 4428 987 4484 30
1000 4411 1027 4467 d.
1225 4428 1267 4466 22.
1288 4411 1451 4483 ἐνεργηθὲντι
1470 4410 1505 4464 B.

361 4480 491 4604 ε’Ᾰγεφθέντι
503 4483 576 4540 Aub.
615 4483 720 4538 Desunt
733 4483 798 4537 haec
810 4483 837 4537 in
851 4500 875 4536 a.
1076 4498 1119 4554 25.
1138 4481 1326 4554 ἀνισταμένων]
1344 4489 1372 4544 ÷
1389 4483 1467 4536 ἔσται
1482 4500 1499 4535 e

388 4568 406 4604 u
428 4591 434 4606 .
