3118 5132
332 331 398 396 τοο
636 332 675 396 Β.
699 331 910 396 cmm
940 295 1231 398 Ααωκικοα.
1396 330 1471 396 nii.
1488 350 1546 417 33.

284 581 321 640 33
530 575 660 658 Τεκνία,
685 579 734 643 ἔτι
760 577 884 667 μικρὸν
902 578 1017 667 χρόνον
1044 577 1114 655 μεθ’
1146 577 1236 655 ὑμῶν
1264 575 1339 655 εἰμι.

389 747 519 855 Ἐντῇ
546 754 620 828 τῶν
638 753 777 831 τεκνίων
795 748 907 857 τάξει,
927 753 985 830 καὶ
1004 752 1041 830 ἐν
1058 757 1133 834 τοῖς
1157 748 1352 854 άρτιτόκοις
1376 748 1546 855 βρέφεσι

334 871 543 953 κατατάττει
578 871 660 957 τοῦς
696 872 870 974 μαθητάς,
907 876 1021 954 καίτοι
1059 871 1149 977 πρὸς
1192 881 1369 954 τοσοῦτον
1406 875 1546 975 άρετῆς

333 995 635 1097 ἀναπηδήσαντας
670 995 812 1099 με’τρον,
840 1000 899 1077 καὶ
934 996 1085 1078 σύνεσιν
1117 997 1265 1101 ἔχοντας
1295 993 1362 1096 τὴν
1393 995 1546 1098 ὀλίγοις

333 1119 628 1224 κατωρθωμένην·
669 1119 802 1206 δεικνῦς
831 1119 890 1200 διὰ
906 1121 1056 1220 τοῦτον,
1083 1124 1143 1202 καὶ
1173 1121 1275 1221 μάλα
1304 1125 1449 1228 σαφῶς,
1484 1120 1546 1200 ὅτι

333 1249 392 1326 καὶ
429 1247 450 1325 6
481 1245 631 1352 σφόδρα
662 1243 798 1330 τέλειος
829 1247 868 1324 ἐν
900 1245 1102 1348 ἀνθρώποις
1134 1247 1371 1341 ὑποπτευθεὶς,
1404 1241 1545 1344 νήπιός

332 1373 412 1450 ε’στι
442 1367 542 1473 παρὰ
573 1375 625 1476 τῷ
654 1373 746 1475 Θεῷ,
779 1371 837 1449 καὶ
869 1367 1008 1474 βραχὺς
1040 1367 1105 1454 τάς
1136 1369 1279 1475 φρένας.
1334 1368 1374 1448 τί
1401 1365 1480 1470 γὰρ
1518 1367 1542 1465 ἡ

331 1493 524 1597 ἀνθρώπου
545 1491 694 1575 σύνεσις
719 1496 766 1576 ὡς
789 1491 881 1596 πρὸς
905 1491 971 1592 τὴν
992 1498 1065 1573 τῶν
1083 1495 1180 1572 ὅλων
1197 1498 1349 1596 τεχνῖτιν
1367 1491 1539 1598 σοφίαν;

302 1615 390 1696 οδιοὶ
414 1614 521 1696 τοῦτό
546 1651 599 1700 τις
619 1613 782 1722 ψάλλων
800 1612 903 1718 ἐ’λεγε
921 1613 1012 1718 πρὸς
1031 1614 1127 1696 Θεόν
1145 1625 1167 1663 “
1184 1614 1380 1714 Κτηνώδης
1402 1612 1537 1715 ἐγενή-

331 1750 353 1788 “
372 1745 440 1839 θην
456 1737 555 1843 παρὰ
574 1737 670 1818 σοί.”
701 1741 759 1818 καὶ
783 1740 863 1844 οῦχὶ
890 1736 1034 1823 πάντως
1058 1743 1132 1843 ε’ρεῖ
1152 1774 1206 1823 τις
1230 1738 1263 1817 εἴ
1277 1773 1320 1842 γε
1339 1746 1422 1818 νοῦν
1441 1737 1537 1841 ἔχοι,

330 1862 389 1943 διὰ
411 1871 475 1943 τοῦ
498 1865 745 1961 κεκολλῆσθαι
769 1867 822 1970 τῷ
845 1867 927 1969 Θεῷ
955 1861 1117 1963 κτηνιῦδη
1142 1862 1316 1966 λε’γεσθαι
1339 1859 1403 1941 τὸν
1421 1861 1537 1967 ψάλ-

329 1997 455 2067 λοντα·
486 1986 540 2087 εἴη
559 1983 631 2090 γάρ
649 1984 694 2066 ἂν
712 1995 817 2066 τοῦτο
842 1985 970 2089 πικρὸν
988 1990 1052 2086 τῆς
1079 1986 1174 2070 θείας
1199 1984 1345 2090 φύσεως
1369 1981 1536 2084 κατηγό-

329 2145 438 2213 ρημα,
458 2113 516 2190 καὶ
543 2109 690 2210 πολλὴν
716 2108 761 2190 ἂν
784 2109 868 2216 ἕχον
893 2111 1008 2217 ὁρῷτο
1036 2107 1101 2209 τὴν
1123 2109 1285 2190 ἀτοπίαν.
1324 2109 1344 2186 6
1371 2107 1539 2208 μὲνγὰρ

330 2234 509 2342 ἀνθρώπῳ
537 2233 766 2330 κολλώμενος
793 2240 902 2342 σοφῷ
930 2236 989 2313 καί
1016 2233 1101 2336 παρ’
1125 2233 1221 2341 αὐτῷ
1248 2228 1445 2334 γενόμενος·
1482 2233 1542 2308 δεῖ

329 2355 401 2458 γὰρ
429 2354 526 2457 οἶμαι
554 2353 620 2456 τὴν
645 2357 746 2464 λε’ξιν
771 2365 835 2436 τοῦ
862 2362 1017 2464 ψαλμοῦ
1044 2355 1350 2460 συναρμόσασθαι
1377 2352 1436 2434 διὰ
1465 2351 1536 2452 τὴν

330 2481 467 2583 χρείαν·
498 2479 679 2581 κτηνοίδης
701 2482 765 2560 οῦκ
790 2477 834 2560 ἂν
852 2478 989 2584 γε’νοιτό
1013 2515 1110 2578 ποτε,
1128 2483 1296 2585 ἀγχίνους
1322 2477 1360 2558 δὲ
1383 2485 1535 2577 μᾶλλον

331 2606 389 2681 καὶ
414 2603 564 2687 συνετὸς
586 2605 645 2682 καὶ
669 2602 793 2707 δριμῦς
819 2609 867 2687 είς
891 2601 1082 2708 φρόνησιν.
1121 2603 1213 2684 εἰδὲ
1238 2603 1282 2703 δὴ
1306 2611 1412 2683 τοῦτο
1437 2602 1532 2705 φαίη

138 2789 143 2798 .
162 2743 274 2801 74η,
300 2758 384 2810 ατις
403 2724 448 2804 άν
467 2730 524 2806 καί
543 2723 646 2826 μάλα
662 2725 805 2810 δικαίως
827 2725 999 2831 ὑπάρχειν
1018 2726 1160 2827 ἀληθὲς,
1178 2735 1256 2812 πῶς
1274 2729 1337 2807 οῦκ
1355 2723 1400 2805 ἂν
1418 2726 1531 2804 οἴοιτο

326 2837 463 2951 ληρεῖν,
483 2847 547 2929 τῦν
569 2845 598 2957 ῷ
624 2883 667 2952 γε
689 2849 844 2952 πάρεστι
868 2857 1024 2954 φρονεῖν,
1047 2849 1102 2930 ῦτι
1129 2851 1311 2951 κτηνοίδης
1338 2848 1442 2929 ἕσται
1471 2849 1531 2926 καὶ

329 2973 436 3058 ἄνους
461 2975 481 3052 6
505 2976 589 3077 παρ’
608 2975 716 3054 αῦτοῦ
740 2972 929 3076 γενόμενος
953 2979 998 3080 τῇ
1023 2976 1142 3081 σοφίᾳ
1167 2985 1231 3055 τοῦ
1252 2981 1372 3071 Θεοῖς
1407 2975 1446 3053 τί
1466 2971 1530 3050 οὖν

329 3097 410 3200 άρα,
429 3102 556 3202 φησὶν,
573 3097 628 3178 ότι
655 3099 713 3178 καί
741 3098 761 3176 6
787 3098 871 3176 λίαν
894 3095 1013 3204 σοφός
1040 3099 1079 3177 ἐν
1101 3097 1313 3202 ἀνθρώποις,
1338 3102 1367 3176 εί
1393 3103 1438 3200 τῇ
1465 3101 1530 3174 τοῦ

329 3227 426 3301 Θεοῦ
446 3226 563 3331 σοφίᾳ
580 3222 818 3326 συγκρίνοιτο,
838 3222 1021 3322 κτηνιῦδης
1044 3255 1083 3301 τε
1107 3221 1157 3302 ὧν
1176 3221 1389 3328 ὀφθήσεται,
1409 3222 1469 3300 καὶ
1492 3219 1529 3296 ε’ν

329 3354 402 3430 τοῖς
430 3348 495 3426 οὐκ
522 3347 646 3452 ἔχουσι
675 3354 758 3425 νοῦν
786 3344 1074 3447 λογισθήσεται,
1112 3345 1222 3445 ὅνπερ
1250 3344 1321 3448 γὰρ
1349 3344 1484 3448 τρόπον
1508 3341 1528 3417 6

328 3469 541 3572 μικρότατος
577 3475 650 3548 τῶν
683 3467 846 3570 άστέρων
879 3467 943 3547 οῦκ
975 3466 1021 3545 ἂν
1052 3475 1129 3552 ταῖς
1166 3469 1270 3568 ἡλίου
1307 3463 1527 3574 φιλονεικοίη

293 3597 469 3688 λβολαῖς,
488 3593 572 3670 ἀλλ’
593 3589 673 3670 οὐδὲ
692 3591 794 3674 λίθος
813 3592 833 3669 6
851 3587 965 3692 βαρὺς
984 3590 1057 3692 ὄρει
1081 3597 1132 3698 τῷ
1153 3591 1300 3672 πάντων
1319 3593 1544 3698 ῦπερφερεῖ,ι

327 3715 439 3797 οὕτως
457 3714 657 3817 ἀνθρώπων
674 3716 821 3796 σύνεσις
847 3716 911 3793 οῦκ
934 3712 978 3792 ἂν
997 3713 1139 3795 δύναιτό
1163 3750 1252 3796 ποτε
1277 3721 1323 3821 τῇ
1346 3723 1411 3795 τοῦ
1429 3717 1524 3796 Θεοῦ

327 3837 446 3944 σοφίᾳ
479 3839 750 3941 συγκρίνεσθαι,
782 3843 929 3935 μᾶλλον
958 3836 997 3917 δὲ
1033 3837 1134 3919 οὐδὲν
1166 3838 1262 3924 ὅλως
1298 3839 1402 3919 ἔσται
1435 3834 1524 3939 πρὸς

164 1611 206 1660 Ρε.
215 1611 286 1661 lxxii.

165 1690 205 1726 22.

325 3961 460 4060 ε’κείνην
479 3967 675 4044 παντελῶς.
715 3963 846 4040 τεκνίον
863 3961 926 4039 οῦν
943 3961 1014 4063 ἄρα
1032 3963 1090 4040 καὶ
1111 3963 1132 4041 6
1154 3959 1302 4046 τέλειος.

384 4089 509 4192 Μικρίν
527 4081 642 4187 γεμὴν
661 4083 706 4164 ίτι
727 4085 835 4188 χρόνον
853 4084 1076 4165 συνέσεσθαι
1100 4093 1174 4171 τοῖς
1198 4087 1325 4167 ἑαυτοῦ
1349 4089 1522 4187 μαθηταῖς

364 4360 388 4398 2.
405 4343 547 4415 βρίφειΕ.
656 4345 681 4400 8.
700 4345 818 4414 τεχνίτην
830 4343 863 4397 Ε.
970 4362 996 4414 9.
1014 4345 1157 4416 φάλωνΕ.
1261 4361 1303 4412 14.
1322 4344 1476 4417 κολλωμίνφ
1489 4339 1518 4394 Ε·

326 4423 357 4467 ιιι
369 4414 479 4469 adnotat
490 4423 517 4468 et
529 4413 603 4469 Aub.
729 4415 769 4469 16.
787 4413 819 4469 δν
829 4411 943 4486 γένοιτό]
957 4415 1080 4484 ἐγενόμην
1092 4417 1124 4472 E.
1251 4427 1292 4486 17.
1311 4415 1340 4469 δι’
1352 4423 1519 4486 assumptum

325 4499 357 4536 ex
372 4483 433 4560 Ε..
541 4501 582 4556 19.
600 4485 688 4555 ληρεῖν
703 4485 734 4540 E.
747 4488 834 4556 ληρῶν
846 4483 898 4539 Ed.
963 4485 1013 4540 διδε
1026 4484 1058 4540 Ε.
1194 4501 1237 4541 νο.
1256 4486 1336 4542 αὐτοῦ
1348 4486 1381 4542 Ε.
1394 4486 1458 4556 αὐτῇ
1471 4478 1517 4538 Ed·

326 4554 368 4607 28.
388 4552 433 4609 οὖν
445 4565 615 4626 assumptum
628 4574 659 4610 ex
674 4556 706 4610 E.
