3118 5132
285 353 350 418 428
587 356 627 422 Β.
650 357 859 422 CYRILLI
889 353 1182 421 ALEXANDR.
1354 345 1418 411 xiv.
1434 361 1495 407 10·

288 555 400 600 νεσιν.
439 521 576 618 ούκοῦν,
595 518 687 623 ἅπερ
713 520 758 600 οἰν
784 523 896 629 φαίην
920 520 1001 624 ἐγὼ,
1023 531 1137 603 ταῦτα
1164 517 1209 619 δὴ
1235 515 1378 598 πάντως
1405 509 1498 588 ἐστὶ

287 654 351 725 τοῦ
376 643 531 748 Πατρός,
551 648 610 725 καί
636 642 728 749 ἅπερ
754 643 800 725 ιίν
825 646 1053 749 ἐργασαίμην
1070 643 1192 749 ἐγὼ,ὃ
1217 638 1347 741 Πατὴρ
1372 630 1491 738 ‘'pyd-

287 765 391 868 ζεται.
431 772 525 876 φησί
545 767 583 848 δέ
600 777 715 849 ταῦτα
740 769 955 872 ὁΧριστὸς,
974 772 1040 876 οὐχ
1064 774 1113 856 ὡς
1134 775 1207 853 τοῖς
1230 765 1350 866 ἑτέρου
1374 757 1497 862 τυχὸν

287 893 574 996 ἀποκεχρημένος
605 892 776 998 ῥήμασιν,
805 896 885 975 οὔτε
918 893 991 994 μὴν
1021 899 1069 978 ὡς
1100 897 1138 973 ἐν
1165 888 1354 997 προφήτου
1385 881 1496 988 τάξει

288 1017 348 1095 καὶ
381 1016 499 1123 μέτρῳ
536 1014 600 1101 τὰς
636 1016 772 1097 άνωθεν
804 1020 862 1098 καὶ
899 1015 999 1121 παρὰ
1032 1015 1177 1120 [ἰατρὸς
1214 1005 1535 1112 διοπορθμεύωνὸ

260 1137 426 1245 θφωνάς·
465 1139 622 1220 ἐλάλουν
648 1139 720 1244 γὰρ
750 1143 791 1221 ού
820 1140 865 1220 τὰ
893 1143 1028 1223 ἑαυτῶν
1054 1143 1176 1220 ἐκείνοι
1204 1137 1358 1232 πάντως,
1385 1128 1497 1211 ἀλλὰ

288 1269 353 1342 τοῦ
381 1262 539 1348 διδόντος
567 1269 690 1344 τεκαὶ
717 1265 931 1362 ἐμπνέοντος
958 1267 1077 1350 αὐτοῖς
1106 1270 1212 1345 θεοῦ·
1256 1257 1421 1357 ἀπονέμει
1448 1254 1495 1336 δὲ

289 1384 403 1466 πάλιν
418 1392 471 1493 τῷ
496 1388 573 1496 ἰδίιρ
593 1392 712 1490 Πατρί
737 1395 810 1468 τῶν
833 1387 1052 1496 παραδόξων
1073 1387 1139 1489 τὴν
1160 1387 1325 1484 ἔκβασιν,
1344 1384 1411 1486 οὐχ
1438 1383 1496 1464 ὡς

289 1510 432 1618 ἐπακτῷ
456 1510 600 1610 δυνάμει
626 1515 1016 1615 θαυματουργῶν,,κατ’
1036 1515 1187 1598 ἐκείνους
1212 1507 1380 1610 δηλονότι
1403 1502 1496 1588 τοῦς

121 1633 242 1764 ἐξῇ·
289 1632 475 1734 λέγοντας,
496 1633 550 1714 ὅτι
570 1636 653 1735 ἡμῖν
671 1635 722 1736 μὴ
739 1637 937 1740 προσέχετε
957 1647 979 1684 “
993 1641 1041 1722 ὡς
1065 1638 1138 1744 ἰδίᾳ
1161 1633 1307 1734 δυνάμει
1331 1630 1354 1734 ἢ
1378 1629 1491 1710 εῦσε-
1515 1667 1556 1708 10

124 1778 161 1814 ¹²·
290 1766 312 1804 “
329 1757 435 1864 βείᾳ”
456 1759 745 1861 τεθεραπευκόσι,
770 1759 939 1860 δηλονότι
966 1760 1031 1840 τὸν
1055 1762 1249 1860 κάμνοντα.
1290 1757 1496 1860 κεχρῆσθαι

288 1878 360 1983 γὰρ
379 1889 452 1965 τοῖς
472 1882 585 1984 ἁγίοις
604 1882 685 1967 ἐθος
704 1885 768 1963 ούκ
795 1883 866 1990 ἰδίᾳ
889 1884 1033 1970 πάντως
1056 1884 1161 1989 ἰσχύϊ
1181 1880 1272 1986 πρὸς
1296 1879 1342 1960 τὰ
1364 1877 1490 1978 παρά·

289 2005 390 2112 δοξα,
409 2013 557 2104 μᾶλλον
578 2005 616 2086 δέ
640 2013 686 2112 τῇ
711 2015 776 2086 τοῦ
804 2013 913 2088 Θεοῦ·
954 2009 1111 2088 διάκονοι
1135 2007 1207 2111 γὰρ
1232 2009 1290 2086 καί
1315 2005 1495 2104 ὑπουργοὶ

288 2127 413 2230 λόγων
444 2163 482 2209 τε
516 2131 606 2228 ὁμοῦ
640 2137 714 2211 τῶν
746 2133 850 2212 θείων
881 2135 940 2212 καὶ
971 2131 1221 2236 ἐνεργημάτων
1252 2129 1495 2232 εὑρίσκονται.

122 2277 237 2336 vm.
259 2251 408 2353 αέπειδὴ
441 2253 479 2333 δέ
511 2253 703 2351 ὁμοούσιός
734 2258 813 2335 ἐστι
845 2261 896 2364 τῷ
930 2260 1049 2360 Πατρί
1082 2259 1102 2336 ὁ
1132 2255 1229 2352 Υἱὸς,
1258 2253 1333 2334 κατ’
1363 2249 1495 2330 οὐδένα
1513 2281 1556 2342 15

267 2376 424 2480 Ιτρόπον
461 2377 702 2470 διαλλάττων,
740 2380 853 2480 ἤγουν
890 2383 938 2464 ὡς
978 2381 1137 2483 ἐτεροίως
1164 2379 1272 2484 ’έχων
1308 2380 1355 2460 ὡς
1396 2371 1494 2477 πρὸς

288 2499 407 2598 αὐτὸν,
426 2498 559 2602 λόγους
587 2499 679 2581 εἰναί
704 2508 799 2606 φησι
826 2501 910 2588 τοῦς
937 2504 1048 2589 ἰδίους
1074 2512 1139 2584 τοῦ
1166 2501 1320 2605 Πατρός,
1346 2503 1394 2584 ὡς
1421 2499 1496 2604 οὐχ

288 2622 418 2726 ἑτέροις
446 2621 576 2704 ἄντοῦ
602 2623 749 2730 Πατρός
776 2629 1010 2732 χρησαμένου
1038 2626 1161 2732 λόγοις
1190 2624 1213 2727 ἢ
1242 2625 1371 2728 οἷσπερ
1398 2621 1443 2702 εἰν
1470 2625 1495 2701 ὁ

287 2744 387 2830 Υἰύς.
437 2746 538 2826 ἀλλὰ
570 2751 628 2828 καὶ
660 2752 697 2829 ἐν
729 2756 775 2856 τῇ
807 2758 880 2831 τῶν
913 2752 1031 2854 ἔργων
1061 2749 1311 2854 μεγαλειότητι
1349 2746 1495 2848 νοήσεις

288 2869 472 2954 ὡσαύτως.
510 2875 559 2956 ὡς
586 2872 658 2976 γὰρ
685 2872 789 2954 οῦδέν
811 2875 932 2979 ἕτερον
957 2879 1111 2979 ἐνεργεῖν
1134 2872 1337 2982 πεφυκότος
1363 2905 1402 2952 τε
1428 2875 1494 2951 καὶ
1511 2903 1553 2943 20

289 2993 479 3099 ἰσχύοντος
512 3005 577 3076 τοῦ
611 2995 757 3102 Ποτρῦς
789 2997 812 3100 ἢ
845 2997 933 3103 ὅπερ
963 2999 1009 3079 ἂν
1026 3001 1140 3101 ἐἰδείη
1174 3033 1212 3079 τε
1243 3001 1301 3079 καὶ
1331 2997 1494 3098 ἐνεργοίη

289 3116 400 3224 τυχὸν
428 3121 448 3200 ὁ
478 3119 575 3218 Υἱὸς,
601 3123 711 3202 αῦτοῦ
738 3121 784 3202 τὰ
813 3123 903 3227 έργα
931 3126 1060 3231 φησίν.
1099 3123 1208 3204 ἐννόει
1235 3121 1306 3226 γάρ
1334 3123 1495 3222 λέγοντα

290 3239 489 3348 φανότερον
522 3247 635 3329 οὕτως
669 3250 753 3346 Εἰμὶ
786 3253 838 3355 τῷ
874 3245 1102 3350 γεγεννηκότι
1138 3245 1230 3328 κατὰ
1265 3253 1340 3327 πᾶν
1371 3245 1496 3325 ὁτιοῦν

290 3365 457 3470 ἐμφερὴς,
476 3371 535 3447 καί
560 3367 663 3449 εἰκὼν
679 3375 743 3470 τῆς
762 3371 888 3456 οὐσίας
907 3373 1027 3470 αὐτοῦ,
1046 3363 1088 3452 οῦ
1111 3371 1241 3470 μόνοις
1258 3367 1496 3476 ὡραϊζόμενος

257 3486 462 3592 ἰσχήμασι
490 3493 549 3570 καὶ
573 3499 649 3576 ταῖς
675 3493 807 3600 ἔξωθεν
833 3494 965 3602 δόξαις,
988 3495 1075 3576 ἀλλ’
1095 3496 1183 3576 ὅλον
1206 3495 1298 3602 ἔχων
1320 3498 1358 3576 ἐν
1378 3495 1495 3601 ἐαυτῷ
1512 3518 1550 3577 ²5

290 3607 355 3690 τὸν
374 3610 545 3716 φύσαντα
564 3613 622 3694 διοί
640 3614 707 3712 τὴν
724 3621 788 3716 τῆς
807 3619 934 3704 ούσίας
952 3617 1164 3721 ταυτότητα.

291 3867 340 3936 Τὰ
370 3867 498 3959 ῥύματα
526 3873 546 3937 δ
575 3870 640 3947 ἰτὼ
667 3872 761 3939 λαλῶ
784 3877 836 3943 ἀπ’
859 3878 1000 3956 ἐμαυτοῦ
1029 3881 1066 3947 οὐ
1094 3880 1198 3962 λαλῶ,
1217 3879 1302 3945 ἀλλὰ
1329 3879 1348 3948 ὁ
1376 3877 1493 3968 Πατιίρ

545 3998 581 4063 ἐν
608 3998 681 4075 ἐμοὶ
708 4001 817 4077 μένων
844 4005 942 4072 αὐτόο
969 4001 1056 4072 ποιεῖ
1082 4006 1122 4072 τὰ
1150 4007 1239 4098 ἔρτα.

350 4169 396 4244 Εἰ
423 4163 496 4267 γὰρ
522 4165 613 4271 πρὸς
641 4169 733 4268 ῦμᾶς
760 4205 805 4271 τι,
824 4177 948 4279 φησὶν,
968 4172 1153 4276 ἐλάλησεν
1172 4185 1186 4257 o‘
1209 4171 1335 4282 Πατίιρ,
1354 4173 1495 4260 τούτοις

292 4288 412 4373 αὐτοῖς
445 4288 573 4396 οἷσπερ
605 4291 674 4394 ἐγὼ
704 4297 790 4394 νυνί,
819 4299 883 4376 οῦκ
913 4295 957 4376 ιίν
985 4297 1113 4403 ἑτέροις
1141 4299 1324 4406 ἐχρήσατο
1352 4295 1492 4400 λόγοις.
1509 4339 1547 4396 30

332 4521 374 4562 ιτ.
393 4509 479 4634 ἰσχύει
492 4512 524 4568 Ε.
720 4529 762 4585 23.
781 4517 866 4572 ὁτιοῦν
878 4516 910 4572 Ε.
925 4517 977 4572 ὅτι
989 4517 1034 4576 οῦν
1047 4517 1097 4574 Ed.
1287 4536 1331 4591 30.
1351 4515 1445 4589 οἰσπερ
1460 4520 1493 4576 Ε.

293 4577 383 4648 δσπιρ
398 4579 420 4634 h
