3200 5092
421 325 464 386 28
724 325 763 389 B.
788 323 998 390 CYRILLI
1029 325 1316 392 ALEXANDR.

422 487 641 585 σεβομένους
666 488 773 568 αὐτόν
792 499 814 538 “
830 492 903 569 Καὶ
928 493 1094 570 ἀνατελεῖ
1116 493 1197 589 ὑμῖν
1215 498 1287 575 τοῖς
1314 497 1471 598 φοβονμ

337 719 343 732 ι
422 620 444 656 “
463 609 576 709 ὅνομό
601 646 671 711 μον
696 613 797 712 ἥλιος
823 615 1062 714 δικαιοσύνης,
1082 617 1141 695 καὶ
1166 616 1262 700 ἴασις
1287 619 1325 694 ἐν
1351 623 1433 699 ταῖς
1460 651 1473 695 τ

364 755 370 770 ’
422 746 444 784 “
462 737 600 816 αύτοῦ·”
631 735 722 839 πρὸς
740 735 799 836 ἐμὲ
818 735 862 838 δή
882 745 1008 842 φησιν,
1029 736 1070 818 ὃν
1089 741 1153 819 οῦκ
1172 737 1299 823 εἰδότες
1319 739 1473 841 ῦβρίζετι

422 871 444 907 “
461 859 596 940 δέδωκά
620 895 665 941 σε
687 867 736 946 εἰς
759 859 931 961 διαθήκην
950 863 1086 964 γένους,
1108 868 1156 946 εἰς
1183 869 1262 969 φῶς
1286 860 1445 943 ε’θνιῦν.”Ι
1467 903 1473 938 ι

422 987 480 1062 καὶ
513 989 592 1090 φιῦς
624 989 693 1082 εἶμι
725 985 817 1088 πρὸς
850 989 940 1084 ὑμᾶς
977 986 1123 1088 ἐλέγετο
1160 988 1243 1089 παρ’
1278 989 1390 1066 αὐτοῦ
1425 997 1473 1044 “·

422 1117 443 1154 “
463 1108 619 1212 φωτίζον
645 1107 716 1211 γιῖρ
741 1116 867 1215 φησιν,
886 1108 1137 1211 Ἰερουσαλὴμ,
1160 1110 1235 1209 ἥκει
1263 1108 1334 1213 γάρ
1361 1145 1436 1190 σον
1462 1145 1473 1189 τ

391 1239 443 1282 ⁰“
462 1234 519 1310 καὶ
546 1232 568 1331 ἡ
595 1230 685 1339 δόξα
706 1235 842 1336 Κυρίου
869 1235 927 1313 ἐπὶ
953 1232 997 1312 σέ
1023 1233 1278 1313 ἀνατέταλκε.”
1310 1243 1428 1313 ταῦτα
1457 1243 1473 1310 λ

421 1354 562 1454 ἤκουσα
585 1361 666 1460 περὶ
691 1359 777 1455 ἐμοῦ
801 1365 865 1436 τοῦ
889 1357 1176 1441 ἀποστείλαντός
1201 1393 1245 1456 με
1266 1356 1425 1460 Πατρός,
1446 1393 1473 1436 κι

420 1488 527 1559 τοῦτο
561 1486 639 1586 φῶς
671 1479 823 1579 ἐμαυτὸν
850 1476 938 1560 εἶναι
971 1489 1034 1561 τοῦ
1063 1479 1204 1580 κόσμου
1234 1485 1337 1587 φημὶ,
1369 1485 1469 1582 ὑμεῖς

421 1602 535 1704 μόνην
551 1603 618 1704 τὴν
638 1603 760 1706 σάρκα
785 1604 1087 1705 κατεσμικρύνατε
1113 1606 1293 1708 κρίναντες
1319 1607 1386 1685 ούκ
1410 1607 1473 1707 ὀρθ

422 1728 480 1808 διὰ
509 1737 616 1809 τοῦτο
647 1729 765 1830 λέγειν
795 1730 1025 1827 ἁποτολμῦτε
1058 1735 1203 1833 σνχνιῦς
1232 1740 1253 1776 “
1268 1728 1321 1808 Σῦ
1351 1733 1434 1832 περὶ
1468 1770 1473 1804 ι

422 1863 446 1898 “
464 1860 662 1956 μαρτυρεῖς·
691 1853 713 1951 ἡ
731 1853 907 1954 μαρτυρία
926 1865 996 1931 σου
1015 1853 1079 1932 οῦκ
1097 1853 1197 1931 ἔστιν
1216 1851 1385 1952 ἀληθής.”

476 1978 632 2056 Οὐκοῦν·
668 1975 1064 2080 ἀνακεφαλαιώσασθαι
1096 1975 1169 2078 γὰρ
1202 1975 1294 2076 ὅλην
1323 1975 1473 2055 ἀκόλουί

420 2101 458 2180 ἐν
487 2107 539 2208 τῷ
568 2100 786 2207 προκειμένῳ
816 2098 986 2179 διάνοιαν·
1029 2106 1295 2204 θεομαχοῦντας
1326 2097 1472 2202 ἀντικρύ

420 2224 538 2328 φαίνει
556 2222 639 2308 τοῦς
657 2225 859 2320 Ἰουδαίους,
879 2227 937 2303 καί
962 2225 1004 2302 ού
1028 2223 1140 2323 μόνον
1158 2231 1235 2307 ταῖς
1259 2225 1343 2327 παρ’
1363 2225 1472 2303 αὐτοῦ

253 2373 365 2430 515&
391 2346 545 2444 ομένους
564 2353 710 2453 φωναῖς,
730 2346 831 2426 ἀλλὰ
849 2349 907 2426 κἀῖ
925 2346 1044 2456 φῆφιρ
1061 2353 1106 2453 τῇ
1124 2347 1224 2450 παρὰ
1242 2357 1305 2428 τοῦ
1325 2347 1469 2451 Πατρός

420 2469 491 2574 γὰρ
511 2477 590 2576 φῶς
609 2467 701 2551 οἶδεν
719 2470 807 2550 ὄντα
825 2469 916 2551 κατὰ
935 2472 1048 2577 φύσιν
1062 2470 1125 2550 τὸν
1139 2472 1229 2551 ἴδιον
1240 2470 1340 2569 Υῖδν,
1360 2474 1418 2550 καὶ
1437 2475 1472 2549 ἀι

419 2597 478 2674 καὶ
503 2597 606 2696 ἥλιον
626 2595 852 2694 δικαιοσύνης
880 2593 939 2675 διὰ
965 2604 1072 2674 τοῦτο
1098 2601 1214 2675 καλεῖ·
1245 2600 1278 2675 οἱ
1304 2594 1342 2674 δέ
1367 2595 1430 2674 τὸν
1448 2597 1472 2700 ε’,ζ

420 2719 516 2804 θείας
543 2717 694 2821 ὄλεθρον
720 2725 797 2801 ταῖς
825 2721 960 2799 ἑαυτῶν
987 2718 1219 2819 ἐπισύροντες
1247 2725 1419 2823 κεφαλαῖς
1448 2721 1472 2796 ιῖ1

252 2863 295 2914 Fa·
303 2879 328 2915 v·
338 2877 375 2914 ιο·
418 2841 570 2945 μόῷνσι
598 2841 665 2942 τὴν
692 2840 874 2942 ἀλήθειαν,
898 2853 919 2889 “
938 2841 980 2922 τὸ
1008 2842 1122 2922 καλὸν
1150 2842 1315 2944 λέγοντες
1341 2841 1471 2943 πονηρὲ

419 2966 478 3046 διό
497 3001 552 3047 τοι
570 2975 677 3046 τοῦτο
697 2967 837 3050 δικαίως
856 2967 974 3050 αὐτοῖς
991 2965 1231 3065 ἀκολουθήσει
1249 2967 1291 3044 τό
1311 2966 1415 3044 Οὐαί.

370 3222 405 3284 27
605 3201 673 3266 Οὐκ
700 3201 846 3278 ἓτνωοαν
873 3204 923 3268 δτι
950 3201 1005 3268 τὸν
1032 3201 1165 3292 Πατέρα
1193 3197 1302 3268 αὐτοῖο
1329 3200 1428 3276 ἔλεγε.

476 3379 778 3480 Καταπλήττεται
804 3379 917 3461 πάλιν
940 3378 1006 3479 τὴν
1030 3387 1103 3460 τῶν
1121 3381 1303 3460 Ἰουδαίων
1328 3381 1470 3478 ἀναισθη

384 3502 721 3610 ι)πυευματοφόρος,
745 3509 803 3583 καὶ
831 3501 933 3601 μάλα
960 3503 1113 3588 εἰκότως·
1148 3503 1186 3583 τί
1208 3501 1280 3607 γὰρ
1308 3502 1351 3582 ἂν
1376 3504 1469 3604 γένοι·

418 3627 587 3708 τοιούτων
618 3627 861 3728 ἀνοητότερον,
894 3627 931 3706 οἵ
962 3661 1005 3728 γε
1042 3630 1100 3706 καὶ
1134 3636 1273 3730 μακροῦ
1309 3626 1469 3709 πολλάκις

419 3749 545 3834 αὐτοῦς
572 3751 762 3854 γεγονότος
789 3752 903 3854 λόγον
929 3753 1011 3853 περὶ
1038 3759 1102 3830 τοῦ
1125 3756 1222 3830 Θεοῦ
1249 3754 1307 3830 καὶ
1334 3749 1469 3852 Πατρός

419 3877 582 3955 ε’ννοοῦσι
599 3877 680 3978 περὶ
698 3877 807 3955 αύτοῦ
825 3883 889 3955 τοῦ
909 3879 1075 3977 Σωτῆρος
1093 3874 1195 3973 ἡμῶν
1213 3872 1421 3975 ἀκροώμενοι
1439 3883 1468 3950 λι

250 3971 355 4088 ῖῖίπῖσ.
418 4009 440 4046 “
458 3999 608 4079 Ἀλλ’ό
635 3998 785 4105 πέμψας
811 4033 856 4096 με
884 3995 1022 4100 ἀληθής
1049 3997 1164 4078 έστι.”
1196 3997 1249 4082 τίς
1276 3996 1382 4096 οὖνὴ
1407 3997 1468 4098 πρό

452 4232 479 4286 3.
496 4214 528 4284 ιι,
543 4215 633 4271 uolat.
646 4215 686 4269 ια
699 4213 731 4268 ο.
744 4213 775 4268 ιι
787 4212 839 4268 Ed.
989 4231 1016 4278 ι.
1034 4213 1132 4268 osam
1143 4235 1177 4270 σε
1189 4193 1466 4280 emendavitecat.‚i1

415 4286 557 4409 ¹⁹⁸⁰Aa¹¹¹fi
570 4286 682 4412 &3⁶⁹
695 4285 727 4341 Β·
743 4282 1467 4426 Ht'qmmx'⁵'2{⁷÷{'30‡3'2⁶33‹?1{³{2⁰²⁸'midde}

415 4377 521 4493 w
558 4396 616 4493 ,τῇ
639 4444 662 4479 ιι.
683 4369 788 4497 φηφόῖς
808 4429 839 4495 τῇ
862 4378 978 4496 (εἰοφγῖδ.
1029 4424 1101 4496 ’φοις
1119 4428 1175 4482 ταῖς
1194 4425 1246 4506 Ed.
1302 4428 1348 4478 τοῦ
1363 4372 1414 4480 οιύ..
1429 4425 1457 4478 B.

416 4428 775 4634 ἐγγογιίρῖἴ-φ-ήθητοιεηρυὲἓδ.
883 4497 924 4550 18.
943 4499 984 4549 καὶ
1031 4494 1082 4568 ιον]
1101 4505 1128 4561 †
1144 4497 1185 4548 καὶ
1198 4495 1260 4565 (mc)
1275 4494 1307 4549 B.
1424 4513 1460 4566 25.
