3238 5114
317 331 381 398 ⁷10
613 332 652 398 B.
677 327 888 398 OYRILLI
917 327 1210 395 ALEXANDR.
1310 324 1391 390 xvii
1408 336 1528 404 1415„

149 499 251 632 “zm
316 499 375 576 καὶ
403 501 570 602 Χριστοῦ
601 505 623 544 “
637 497 696 576 Δι’
725 495 768 578 οῦ
799 497 877 596 ἐμοὶ
908 490 1046 593 κόσμος
1077 490 1300 596 ἐσταύρωται
1333 485 1443 590 κάγὼ
1475 492 1531 593 τῷ

317 618 522 729 “κόσμιρ,”
554 615 829 723 προσεπιτθττει
864 614 979 722 γεμὴν
1010 619 1069 697 καὶ
1105 613 1251 721 ετέρωθί
1287 647 1363 695 που
1401 609 1531 711 λε’γων

153 747 228 863 ¹¹⁰⁰*
239 745 274 797 ¹¹·
318 753 341 794 ‘⁴
360 744 530 844 Μιμηταί
562 777 632 844 μου
657 743 814 847 γίνεσθε,
841 739 960 826 καθιῦς
988 738 1089 843 κάγὼ
1115 739 1315 843 Χριστοῦ.”
1364 737 1531 834 ἐμιμεῖτο

318 866 400 948 δέ
384 903 405 948 ο
431 864 649 952 Παῦλος
611 899 677 948 τον
695 863 895 970 'Kv'ptov
873 870 975 965 ημιῦν
1004 860 1214 965 Ἰησοῦν
1177 897 1242 942 τον
1269 855 1457 964 Χριστον,
1487 859 1531 936 οῦ

317 988 527 1094 καθόπερ’
508 1023 587 1070 εστι
616 987 829 1094 δημιουργός
859 991 1020 1069 καὶτῶν
1051 985 1149 1070 ὅλων
1182 985 1328 1090 Κύριος·
1373 983 1420 1062 οῦ
1454 979 1558 1084 γᾶρό

152 1112 286 1241 gff‘*
317 1113 410 1220 πρὸς
441 1121 516 1199 τοῖς
543 1113 612 1215 ἤδη
641 1112 832 1216 γεγονόσιν
864 1111 1003 1216 ε’τέρους
1033 1111 1117 1210 ἡμῖν
1149 1110 1306 1210 ἔστησεν
1337 1104 1530 1209 οὐρανοὺς,

290 1240 404 1318 θοίλλ’
424 1235 504 1318 οὐδὲ
526 1235 722 1321 θαλάσσας
740 1233 764 1337 ἢ
782 1239 852 1339 γῆν
868 1233 1026 1342 ιίνέδειξέ
1047 1263 1148 1316 ποτε·
1183 1236 1339 1333 ἐμιμεῖτο
1357 1228 1397 1312 δέ
1417 1237 1527 1329 πῶς;

318 1359 343 1463 ἢ
362 1364 474 1461 δῆλον
492 1359 547 1442 ότι
564 1364 628 1459 τῆς
650 1359 906 1465 ἐπιδειχθείοης
924 1358 1009 1460 ἡμῖν
1025 1359 1109 1462 παρ’
1128 1358 1237 1438 αὑτοῦ
1254 1358 1443 1441 πολιτείας
1462 1353 1531 1436 τὸν

247 1551 253 1562 .
319 1481 545 1592 ἀξιοίγαστον
566 1481 680 1566 τῦιτον
702 1485 740 1564 ἐν
763 1484 862 1567 ίδίοις
889 1479 1120 1562 διαπλάττων
1145 1480 1255 1582 ἤθεσί
1277 1514 1318 1561 τε
1344 1483 1405 1562 καὶ
1435 1477 1527 1584 τρό·

316 1640 409 1706 ποις,
443 1605 603 1688 καθόσον
639 1604 684 1706 ἦν
720 1605 908 1713 ἔφικείτθαι
943 1602 1057 1706 θέμις·
1107 1605 1163 1690 τίς
1198 1602 1271 1708 γὰρ
1302 1601 1348 1684 δν
1376 1604 1418 1684 ἐν
1453 1603 1528 1713 ἴση
1543 1641 1574 1682 ιο

318 1731 457 1835 γε’νοιτο
483 1733 535 1839 τῷ
562 1733 736 1838 Χριστῷς
805 1813 808 1822 ,

374 1855 487 1954 Ἡμῖν
513 1859 702 1957 τοιγαροῦν
729 1849 854 1933 ἐαυτὸν
874 1849 1100 1959 παραζεύξας
1127 1849 1186 1932 διὰ
1213 1849 1255 1932 τὸ
1282 1852 1527 1956 ἀνθρώπινον,

317 1985 463 2078 μᾶλλον
491 1976 529 2057 δὲ
556 1973 645 2081 ῦπερ
671 1978 772 2057 ἐστὶν
798 1973 941 2077 ἀληθὲς,
969 1979 1018 2060 ὡς
1043 1978 1103 2056 καὶ
1126 1981 1177 2060 είς
1205 1983 1312 2056 τοῦτο
1338 1975 1527 2083 κατάρξας

318 2102 402 2201 ἡμῖν
420 2099 463 2180 τὸ
479 2099 625 2204 ἀγαθὸν,
643 2097 686 2180 τὸ
705 2101 854 2199 ἐκβῆναί
869 2106 963 2206 φημι
985 2097 1049 2180 τόν
1068 2097 1219 2198 κόσμον,
1238 2095 1297 2180 διδ
1318 2103 1384 2198 τῆς
1409 2102 1521 2202 ὑπερ·

319 2224 470 2324 κοσμίου
494 2217 608 2328 ζωῆς·
630 2223 706 2304 ίίνω
729 2221 802 2327 γὰρ
828 2223 969 2323 κόσμου
991 2224 1014 2324 ἡ
1033 2221 1248 2326 εῦαγγελικὴ
1271 2225 1439 2305 πολιτεία
1463 2227 1522 2304 καί
1538 2258 1570 2318 ¹5

243 2343 249 2360 ’
317 2349 515 2434 παίδευσις·
553 2353 614 2430 οῦιι
640 2343 732 2427 είναί
755 2352 871 2454 φησιν
893 2345 1019 2428 ἐαυτὸν
1041 2355 1080 2428 ἐκ
1107 2348 1162 2426 τοῦ
1191 2349 1320 2454 κόσμου
1343 2349 1404 2428 καὶ
1428 2347 1525 2447 ἡμιῖς

285 2469 357 2551 (1δέ
383 2471 511 2552 τοῦτον
537 2477 666 2577 τυχεῖν,
685 2471 826 2574 ἐπείπερ
847 2472 868 2550 ὁ
891 2475 983 2556 θεῖος
1008 2471 1116 2550 αὐτοῦ
1140 2466 1322 2579 κατηῖκηκε
1345 2470 1461 2572 λόγος
1485 2473 1523 2549 ἐν

318 2600 396 2679 ταῖς
428 2593 610 2698 ἡμετέραις
642 2599 791 2700 ψυχαῖς·
840 2595 925 2673 ἀλλ’
955 2590 1081 2698 ὥσπερ
1109 2603 1124 2676 ί
1157 2585 1285 2701 κόσμος
1317 2591 1380 2692 ἐμέ
1409 2601 1521 2693 μισεῖ,

319 2718 445 2825 φησὶν,
473 2717 566 2797 οὕτω
593 2719 653 2796 καὶ
680 2715 812 2804 αὐτούς.
855 2723 959 2816 μισεῖ
982 2715 1021 2798 δέ
1048 2719 1069 2798 ὁ
1094 2715 1232 2818 κόσμος
1259 2715 1324 2798 τὸν
1342 2715 1520 2820 Χριστὸν,

317 2839 409 2921 καθὸ
441 2847 514 2926 τοῖς
542 2840 627 2946 παρ’
657 2841 766 2920 αὐτοῦ
796 2839 1006 2946 διαμοίχεται
1037 2839 1173 2944 λόγοις,
1202 2843 1261 2922 καὶ
1293 2840 1521 2922 ἀνεπίδεκτον
1534 2885 1566 2925 ιο

317 2971 468 3045 ποιεῖται
492 2961 559 3066 τὴν
587 2964 810 3068 παραίνεσιν,
841 2969 919 3049 ταῖς
951 2967 1000 3048 εἶς
1031 2962 1245 3070 φαυλότητα
1273 2967 1402 3069 ῥοπαῖς
1432 2963 1522 3044 ὅλον

318 3088 458 3174 ἐπιδοὺς
484 3087 526 3169 τὸ
553 3085 643 3168 ίδιον
670 3086 853 3194 φρόνημα·
892 3085 986 3168 κατὰ
1012 3087 1166 3190 μίμησιν
1193 3087 1231 3170 δέ
1258 3095 1322 3169 τοῦ
1350 3091 1522 3190 Σωτῆρος

317 3211 418 3357 ἡμῶν
436 3217 611 3362 Χριστοῦ,
630 3213 688 3291 καὶ
713 3209 841 3295 αι’ττοῦς
859 3209 1028 3310 δηλονότι
1047 3212 1222 3314 μεμίσηκε
1241 3209 1324 3297 τοῦς
1340 3211 1520 3368 μαθητὰς,

317 3335 382 3416 τὸν
404 3335 489 3438 παρ’
512 3333 622 3413 αῦτοῦ
649 3333 692 3414 δι’
715 3331 826 3434 αῦτον
851 3333 1121 3437 πρεσβεύοιπας
1147 3335 1317 3438 λόγον,
1297 3369 1385 3439 οπερ
1411 3335 1521 3415 ἐποίει

153 3473 233 3524 ²⁰01
245 3489 269 3524 v.
289 3491 378 3551 exat
363 3459 556 3542 Παῦλος
582 3457 702 3558 λέγων
729 3466 751 3506 “
761 3455 876 3560 Υπέρ
906 3461 1070 3604 Χριστοῦ
1098 3459 1161 3538 οῦν
1187 3455 1497 3564 πρεσβευομεν,“
1474 3493 1562 3559 ωςιη

151 3553 192 3590 ²⁰
319 3590 341 3631 “
359 3613 423 3662 του
406 3586 538 3662 Θεοῦ
555 3587 851 3684 παρακαλοῦντος
868 3579 953 3660 διΗ
932 3586 1044 3680 ημῶν·
1068 3581 1256 3683 δεόμεθα’
1237 3581 1325 3687 υπέρ
1343 3587 1520 3688 Χριστοῦ,

319 3715 341 3754 “
359 3700 612 3806 καταλλάγητε
630 3707 681 3810 τηῖ
700 3703 816 3811 Θεῷ.”

375 3829 441 3912 Τίς
459 3827 523 3908 οὖν
540 3825 716 3927 ἦαίτησις
732 3823 824 3926 μετὰ
838 3825 905 3927 τὴν
915 3823 1097 3935 ἀπόδειξιν
1113 3836 1177 3909 τοῦ
1193 3833 1419 3929 μεμισῆσθαι
1439 3829 1520 3915 τοῦς

317 3949 480 4054 μαθητὰς
499 3947 600 4054 παρὰ
627 3955 701 4030 τῶν
729 3956 803 4034 τοῖς
830 3955 1015 4050 κοσμικαῖς
1042 3952 1354 4055 προσηλωθεῖιτων
1375 3961 1515 4052 κακοῖς;

320 4079 379 4156 οῦκ
405 4073 510 4182 ἐρωτιῖ
535 4081 652 4181 φησιν
681 4072 738 4155 ’ίιιι
767 4071 847 4187 όρητ
876 4070 996 4160 αὐτοῦς
1026 4075 1074 4155 ιἰι
1095 4077 1151 4156 τιῖι
1182 4072 1320 4182 κόσμου,
1346 4081 1437 4156 ἀλλ’
1465 4077 1560 4176 ’ίιαηο

318 4199 452 4314 τηρίσης
488 4196 609 4284 αὐτοῦς
641 4198 681 4278 ἐκ
717 4198 774 4278 τοῦ
809 4198 952 4305 ποιηραῖ.
1004 4196 1046 4277 οῦ
1077 4195 1150 4302 γὰρ
1181 4205 1254 4279 τῶν
1286 4201 1517 4303 ἀνθρωπίνων

318 4317 618 4402 ἀπαλλάττεσθαι
635 4317 873 4424 πραγμάτων,
895 4318 975 4401 οὐδὲ
993 4323 1057 4420 τῆς
1075 4323 1113 4402 ἐν
1130 4321 1382 4427 σώματιζωῆς
1401 4326 1514 4405 ἀπολ-

319 4443 516 4526 λοίπεσθαι
548 4441 632 4528 τοῦς
661 4443 784 4547 ἁγίους
815 4442 926 4526 ἐθέλει
955 4443 1130 4548 Χριστὸς,
1162 4447 1261 4528 οὕτω
1293 4449 1358 4546 τῆς
1393 4447 1513 4533 οῖκείας
