3274 5118
136 385 318 456 xv.14‚15.
350 371 403 436 IN
434 371 468 437 S.
492 372 749 440 JOANNEM.
795 373 958 440 max.
1004 372 1107 438 cAP.
1131 370 1178 436 11.
1265 369 1331 434 5⁷9

137 531 205 634 τὴν
234 536 327 616 ίδίαν
353 535 425 645 ἕξει
451 536 579 644 φύσιν·
624 544 753 647 χρῆναι
781 538 854 644 γὰρ
879 537 976 640 οἶμαι
1002 536 1074 644 πρὸ
1106 543 1179 620 τῶν
1204 535 1331 618 ἄλλων

138 654 247 738 αὐτὸν
274 669 434 742 τοιοῦτον
462 660 549 743 εἶναι
573 665 777 769 φαίνεσθαι,
801 664 910 746 δύσει
937 661 1009 767 γὰρ
1036 661 1116 744 τότε
1143 658 1325 763 πρεπωδέ·

138 813 270 884 στερον
295 790 368 868 τοῖς
395 787 459 864 οὐκ
479 785 603 891 ἔχουσι
624 784 667 866 τὸ
693 785 782 866 ’ίδιον
801 785 950 888 ἀγαθόν.
988 784 1089 866 ἀλλὰ
1116 791 1190 868 τοῖς
1217 784 1330 886 ἀγίοις

138 907 358 992 ἀποστόλοις
377 907 400 1010 ἢ
419 913 477 989 καὶ
494 917 569 995 τοῖς
586 909 714 996 ἀλλοις
732 908 850 992 ἅπασι
868 910 977 1016 τυχὸν
995 916 1068 995 τοῖς
1091 907 1150 990 διὰ
1172 908 1330 992 πίστεως

103 1036 186 1114 εείς
211 1032 338 1136 φιλίαν
362 1034 597 1128 ἀναβαίνουσι
624 1034 690 1134 τὴν
707 1034 798 1138 πρὸς
825 1033 889 1116 τὸν
910 1035 1044 1138 Κύριον
1067 1035 1167 1134 ἡμῶν
1184 1033 1330 1132 Ἰησοῦν

138 1153 312 1257 Χριστὸν,
331 1156 486 1236 ἐπακτὸν
510 1154 556 1238 ἀν
578 1157 631 1258 εἴη
659 1161 716 1239 καὶ
745 1156 861 1257 δοτδν,
890 1163 938 1244 ὡς
965 1161 1003 1239 ἐν
1031 1157 1130 1266 τάξει
1158 1160 1262 1254 τιμῆς
1287 1151 1329 1234 τὸ

138 1277 289 1384 ἀξίωμα,
309 1279 452 1384 ἕχονδὲ
480 1281 608 1361 ούκέτιΙ
623 1281 714 1362 κατὰ
741 1281 805 1363 τὸν
831 1281 915 1363 ’ίσον
942 1281 1089 1385 τρόπον·
1124 1284 1157 1360 οἱ
1185 1278 1256 1382 γὰρ
1284 1283 1364 1384 πῇθ
1452 1307 1456 1318 ’

137 1399 228 1505 πρὸς
252 1401 361 1483 αὐτὸν
379 1405 547 1501 ὁμοιώσει
570 1404 661 1509 πρὸς
684 1404 749 1504 τὴν
767 1410 832 1506 τῆς
857 1407 1056 1508 ἐλευθερίας
1078 1403 1331 1509 ἀνατρέχοντες

137 1523 259 1632 δόξαν,
279 1527 374 1634 αύτῷ
397 1526 441 1627 δὴ
468 1527 667 1637 τούτῳκαὶ
695 1527 793 1636 μόνιρ
820 1527 963 1633 προσὸν
992 1535 1156 1634 φυσικῶς
1183 1527 1328 1608 ἀποδεί-

80 1685 124 1726 ιο
137 1647 248 1756 ξειαν.
288 1654 339 1758 τῷ
356 1651 428 1755 γὰρ
445 1651 536 1732 κατά
554 1651 668 1758 φύσιν
687 1655 739 1732 ἀεὶ
758 1652 801 1732 τὸ
819 1651 910 1734 κατὰ
927 1651 1030 1733 θέσιν
1048 1650 1304 1754 παρεικάζεται.

193 1774 413 1873 Σημειωτέον
430 1774 555 1876 γεμήν·
595 1773 755 1878 δεΐνγάρ
780 1772 876 1874 οἶμαι
902 1774 961 1856 διὰ
983 1773 1116 1858 παντὸς
1136 1773 1222 1854 ἰέναι
1240 1778 1328 1852 θεω·

135 1893 294 1998 ρήματος
321 1899 501 2002 χρησίμου
523 1933 562 1978 τε
584 1901 643 1978 καὶ
667 1899 751 1980 λίαν
778 1899 974 2001 ἀναγκαίαν
992 1897 1136 2003 ἔχοντος
1159 1896 1226 1996 τὴν
1243 1894 1327 2003 ἐξὴ-

135 2048 260 2120 γησιν·
295 2018 350 2102 ὅτι
374 2026 437 2120 τῆς
465 2021 556 2101 κατὰ
584 2021 694 2122 νόμον
712 2021 941 2120 δικαιοσύνης
968 2021 990 2120 ἡ
1018 2023 1057 2101 ἐκ
1084 2021 1241 2104 πίστεως
1268 2022 1332 2117 τῆς

137 2145 185 2225 είς
203 2141 369 2246 Χριστὸν
387 2143 619 2252 ἀρχαιοτέραν
636 2146 707 2250 ἔχει
735 2143 802 2245 τὴν
826 2143 1015 2252 ἀνάδειξιν,
1041 2145 1099 2224 καὶ
1125 2143 1216 2246 πρὸς
1243 2141 1329 2222 τού·

79 2291 121 2354 15
136 2297 221 2361 τοις,
240 2263 295 2345 ὅτι
313 2273 387 2351 τοῖς
407 2268 619 2349 πιστεύουσι
645 2272 703 2350 καὶ
726 2267 945 2350 ὑπακούουσι
968 2272 1020 2374 τῷ
1037 2271 1199 2374 Χριστῷ,
1219 2267 1241 2366 ἡ
1258 2271 1331 2345 τῶν

136 2389 241 2468 θείων
273 2393 479 2492 μυστηρίων
512 2392 801 2474 ἀποκαλύπτεται
830 2397 977 2494 γνῦσις,
1006 2391 1065 2469 καὶ
1092 2389 1114 2488 ἡ
1142 2397 1206 2469 τοῦ
1234 2395 1360 2470 Θεοῦυ

137 2514 194 2590 καὶ
224 2511 369 2616 Πατρὸς
402 2513 626 2616 ἑρμηνεύσω
657 2511 775 2613 βουλὴ
808 2511 908 2618 παρὰ
936 2521 1001 2594 τοῦ
1033 2511 1166 2612 ταύτην
1198 2509 1331 2596 εἰδότος

136 2639 238 2715 Υίοῦ·
268 2643 343 2720 τοῖς
362 2633 399 2716 δὲ
416 2635 661 2737 ἀπειθήσασιν
679 2636 803 2718 ούκέτι.

195 2761 266 2838 Καὶ
295 2759 381 2866 φέρε
410 2758 522 2842 πάλιν
556 2761 642 2841 αὐτὸ
675 2760 732 2841 διὰ
762 2765 826 2862 τῆς
855 2759 1095 2840 θεοπνεύστου
1123 2759 1334 2857 δεικνύωμεν

79 2923 122 2962 20
136 2885 291 3032 γραφῆς,
308 2883 416 2983 ὀλίγα
435 2886 621 2987 χρησίμως
640 2883 964 2988 ἀδολεσχήσαντες.
995 2884 1196 2986 γέγραπται
1215 2882 1333 2962 τοίνυν

967 3007 976 3036 λ

135 3039 174 3084 ‘²¹
205 3005 328 3112 βίβλῳ
360 3006 615 3103 Μωυσέως,
596 3041 651 3088 οτι
684 3007 897 3088 πεπίστευκε
933 3041 999 3107 μεν
1037 3017 1059 3054 “
1072 3003 1243 3107 Αβραὰμ
1280 3009 1393 3124 τῷ6
1375 3008 1438 3060 Gen
1450 3027 1491 3061 xv·

137 3140 159 3177 α
178 3129 291 3235 ee&
321 3127 459 3228 πλὴν
439 3163 462 3226 η
480 3131 602 3214 πίστις
625 3131 721 3236 αύτῷ
749 3129 1012 3284 λελύγισται“
1026 3134 1074 3212 είς
1092 3127 1331 3228 δικαιοσύνην,
1375 3155 1469 3207 ααω.

136 3261 158 3300 “
177 3255 235 3330 καὶ
261 3252 370 3358 φίλος
399 3257 495 3332 Θεοῦ
522 3251 689 3352 ἐκλήθηῗ
729 3285 787 3332 και
814 3253 867 3337 τίς
886 3253 906 3331 ὁ
925 3256 989 3352 τῆς
1010 3251 1165 3334 πίστεως
1188 3248 1330 3353 τρόπος,
1374 3221 1401 3272 ¹²
1416 3235 1454 3286 ²³¹

135 3372 254 3475 ἢπῶς
272 3375 342 3479 ἀρα
367 3376 477 3483 φίλος
502 3373 636 3474 ἐκλήθη
656 3381 778 3472 θεοῦ,
810 3376 963 3475 ἤκουσεν
992 3385 1013 3422 “
1021 3371 1219 3481 Ἕξελθε’
1201 3407 1240 3453 εκ
1267 3377 1359 3472 τῆςι
1374 3390 1498 3516 ἓγῃοχ.

78 3525 121 3587 ²5
136 3506 158 3544 “
176 3502 244 3600 γῆς
268 3530 339 3578 σου
358 3501 416 3578 καὶ
434 3501 472 3578 ἐκ
494 3503 557 3597 τῆς
576 3497 786 3600 συγγενείας
810 3531 890 3595 σου,
909 3531 967 3577 και
955 3500 1133 3600 δεῦρο’
1105 3529 1153 3580 εις
1176 3494 1242 3596 τὴν
1261 3531 1331 3650 γην
1378 3543 1401 3582 ι

136 3619 267 3668 “⁶2

175 3655 221 3720 ην
239 3655 285 3700 αν
302 3655 363 3700 σοι
383 3619 519 3728 δείξω.”
556 3619 657 3700 ἀλλά
674 3654 732 3700 και
755 3619 813 3700 ὅτε
842 3617 906 3700 τὸν
932 3625 1108 3722 μονογενῆ
1131 3622 1331 3724 πρυσετυῖτ·

134 3778 215 3826 τετυ
243 3743 394 3825 θύειυ’
366 3779 414 3829 εις
441 3743 555 3825 τύπον
577 3750 752 3847 Χριστοῦ,
772 3742 835 3824 τὸν
853 3745 891 3826 ε’ν
908 3750 960 3850 τῷ
984 3749 1067 3851 Θεῷ
1095 3743 1333 3897 κεκρυμμένον

134 3867 342 3948 ε’διδάσκετο
366 3868 517 3948 σκοπόν·
558 3870 616 3946 καὶ
641 3875 730 3969 γοῦν
748 3899 769 3946 ο
755 3865 918 3970 Σωτὴρ
936 3867 1007 3974 εφη
1035 3900 1115 3970 περι
1133 3868 1241 3946 αι’ττυῦ
1258 3872 1333 3950 τοῖς

134 3993 294 4076 ἀνοσίοις
321 3991 504 4074 Ἰουδαίοις
540 3997 768 4093 προσλαλῶν
801 4001 822 4038 “
839 3989 1055 4094 Ἀβραὰμ
1039 4024 1060 4071 ο
1087 3988 1205 4089 πατὴρ
1234 3989 1332 4086 ὑμῶν
1375 4009 1474 4138 S3pn⁶

79 4143 120 4201 3ο
135 4121 157 4160 “
175 4111 471 4214 ἡγαλλιάσατο”
455 4146 512 4193 ινα
541 4111 662 4218 ἴδη
624 4147 690 4212 την
708 4111 843 4214 ἡμέραν
870 4110 936 4210 την
964 4109 1062 4210 ε’μὴν,
1090 4115 1149 4190 καὶ
1177 4107 1244 4190 ειδε
1272 4113 1331 4192 καὶ

133 4237 193 4282 “’
175 4233 318 4339 εχάρη.”
370 4236 497 4316 ούκοῦν
536 4237 629 4315 δι”
612 4239 768 4334 ιατακοῆς
806 4268 865 4314 και
905 4233 1090 4318 θυσίας
1074 4268 1095 4312 ο
1137 4233 1330 4317 θεσπέσιος

133 4355 306 4460 Ἀβραὰμ
334 4358 444 4464 φίλος
466 4357 601 4460 ἐκλήθη
621 4361 727 4456 Θεοῦ,
750 4360 807 4436 καὶ
836 4353 878 4437 τὸ
905 4361 969 4457 τῆς
998 4355 1224 4456 δικαιοσύνης
1250 4357 1363 4440 dvc-b

172 4599 269 4654 31-p.
284 4583 346 4654 580,
362 4603 385 4641 ι.
404 4585 530 4642 ὀ-θιιυν
542 4603 596 4642 om.
612 4583 644 4640 Ε.
813 4601 856 4657 3²·
874 4585 1019 4656 ἀντλὶσυςο
1030 4583 1180 4642 οιαοαδινίι
1192 4584 1294 4658 Migne.

689 4685 746 4750 4¹
762 4687 780 4734 2
