3248 5112
305 326 372 390 494
610 323 649 390 Β.
673 323 881 390 CYRILLI
911 321 1206 394 ALEXANDR.
1375 321 1439 386 xiv.
1455 339 1511 388 ατ.

277 489 409 594 οέτερα
428 487 466 570 δέ
483 488 574 592 πρὸς
592 489 731 575 τούτοις
752 486 1019 572 ἀποκαλύπτων
1036 489 1228 590 μυστήρια.
1271 487 1330 567 διά
1354 488 1426 590 γάρ
1450 520 1513 566 τοι

304 617 498 696 τοῦτοκαὶ
526 615 692 699 συνέντες
719 615 876 717 ἀκριβῶς
904 611 1005 710 αύτά,
1031 612 1118 694 ποτὲ
1147 611 1213 712 μὲν
1239 612 1422 714 λέγουσιν,
1452 609 1515 690 ὅτι

142 742 255 859 ζξοῑθῑ
308 748 330 786 “
344 739 428 837 ἡμῖν
445 735 510 836 μέν
526 735 763 844 ἀπεκάλνφεν
780 739 800 819 ὁ
819 733 914 822 Θεὸς
936 735 994 818 διὰ
1015 743 1080 817 τοῦ
1100 735 1347 832 Πνεύματος,”
1360 732 1450 816 ποτὲ
1471 733 1515 812 δὲ

140 883 181 934 lb.
192 883 230 934 16.
306 863 419 942 πάλιν
438 872 460 910 “
472 863 600 961 Ἡμεῖς
618 859 658 940 δὲ
675 870 760 942 νοῦν
777 867 944 966 Χριστοῦ
962 860 1119 968 έχομεν,”
1132 868 1217 942 νοῦν
1234 856 1321 940 εἶναι
1340 859 1517 960 λέγοντες

307 985 350 1067 rb
371 991 518 1086 Πνεῦμα
537 987 655 1068 αὐτοῦ.

257 1253 294 1296 τι
332 1229 424 1305 Λέτει
450 1230 540 1315 αὐτῷ
562 1229 700 1311 Ἰούδας,
723 1231 780 1316 οὐχ
806 1229 825 1296 ὁ
848 1227 1061 1319 Ἰσκαριώτης
1090 1229 1194 1318 Κύριε,
1218 1226 1247 1294 τί
1275 1226 1403 1302 τὲςονεν
1430 1226 1487 1292 ότι

395 1350 473 1432 ιίμῖν
499 1355 631 1432 μέλλεις
658 1353 843 1444 ἐμφανίζειν
870 1355 1007 1420 σεαυτόν
1035 1355 1089 1420 καί
1115 1353 1186 1441 οὐχί
1210 1354 1259 1438 τῷ
1285 1353 1418 1436 κόσμοις

273 1528 295 1594 d
362 1517 436 1625 Ἐξ
452 1516 594 1622 ἀγάπης
611 1517 677 1618 μέν
695 1518 838 1621 πρόεισι
857 1517 1168 1626 φιλοπευστήσων
1183 1519 1203 1598 b
1221 1513 1518 1617 μαθητὴς,,πλὴν

307 1643 371 1722 ούκ
397 1644 554 1744 ἀκριβῶς
579 1643 705 1744 ὁρᾶται
729 1646 849 1727 συνείς
875 1652 938 1724 τοῦ
958 1647 1126 1745 Σωτῆρος
1151 1640 1358 1744 τὸνλόγον.
1399 1641 1419 1719 ό
1443 1640 1517 1737 μέν
1559 1657 1565 1664 “

306 1765 380 1867 γὰρ
409 1766 543 1868 Κύριος
570 1767 671 1866 ἡμῶν
698 1767 842 1866 Ἰησοῦς
870 1769 891 1846 ό
921 1765 1084 1869 Χριστὸς
1115 1765 1297 1873 ἐξαίρετόν
1326 1799 1406 1845 τινα
1433 1769 1515 1846 τοῖς
1533 1793 1575 1834 10

307 1889 423 1991 ἁγίοις
459 1891 667 1994 ῦτισχνεῖτο
699 1888 765 1990 τὴν
798 1897 947 1994 γνῶσιν,
980 1893 1039 1970 καὶ
1076 1893 1155 1996 οῦχὶ
1192 1896 1237 1995 τῇ
1274 1895 1348 1970 τῶν
1380 1889 1516 1967 ἄλλων

307 2014 606 2116 παρεικασμένην.
653 2012 855 2120 ἰσχνότεροι
878 2013 949 2118 γὰρ
975 2018 1034 2095 καὶ
1058 2013 1150 2095 κατὰ
1168 2011 1266 2095 πολύ
1284 2011 1515 2114 διειδέστεροι

307 2145 380 2218 τῶν
399 2140 503 2219 θείων
520 2141 729 2242 μυστηρίων
747 2143 780 2218 οί
805 2142 1027 2244 χαρακτῆρες
1051 2141 1089 2218 έν
1112 2145 1186 2223 τοῖς
1210 2137 1410 2241 ἀνθρώποις
1435 2145 1516 2222 τοῖς

308 2264 414 2346 θείοις
446 2263 709 2362 έκλάμπουσιν·
746 2265 784 2342 έν
810 2263 848 2343 δὲ
876 2269 951 2346 τοῖς
982 2265 1081 2343 οὕτω
1110 2261 1201 2366 πρὸς
1229 2269 1335 2342 τοῦτο
1367 2267 1516 2365 φρενῶν

309 2387 550 2488 καθαρότητος
580 2385 800 2490 ἀφιγμένοις,
829 2389 878 2471 ὡς
906 2389 999 2466 ἑλεῖν
1027 2387 1204 2466 δύνασθαι
1231 2389 1407 2487 λαμπρῶς
1436 2391 1514 2464 τῶν
1530 2413 1572 2473 15

307 2508 398 2611 ὑπὲρ
422 2507 538 2610 λόγον
560 2508 626 2608 τὴν
648 2509 787 2608 εἴδησιν
812 2509 872 2589 διὰ
896 2513 961 2609 τῆς
988 2519 1052 2590 τοῦ
1073 2509 1284 2609 Πνεύματος
1309 2513 1454 2610 δωρεᾶς,
1472 2511 1515 2588 ἐν

279 2634 439 2718 εάπλοῖς
464 2633 486 2732 ἡ
511 2639 648 2735 γνῶσις
673 2635 798 2735 ὁρᾶται
823 2641 1025 2737 λογισμοῖς,
1044 2637 1102 2714 καὶ
1125 2633 1217 2714 κατά
1240 2633 1351 2732 μόνον
1368 2635 1449 2712 ἐστὶ
1467 2629 1515 2712 rb

309 2755 433 2836 εἰδέναι
461 2755 582 2862 τυχόν,
606 2755 661 2836 ότι
686 2757 779 2842 Θεός
807 2760 907 2837 ἐστιν
930 2759 950 2836 b
975 2756 1139 2861 Χριστὸς
1166 2759 1224 2837 καί
1247 2754 1334 2841 Υῖῦς
1363 2759 1515 2856 ἀληθῶς

308 2886 373 2960 τοῦ
392 2879 483 2959 κατὰ
509 2879 624 2988 φύσιν
643 2886 752 2961 Θεοῦ.
793 2881 974 2982 τοσαύτης
998 2890 1189 2984 τοιγαροῦν
1206 2881 1343 2988 μεταξύ
1365 2881 1513 2986 χωρού-

308 3038 379 3104 σης
410 3008 474 3102 τῆς
505 3008 691 3110 διαφοραῖς,
720 3007 780 3084 καὶ
812 3004 903 3085 κατά
934 3003 1032 3086 πολύ
1065 3006 1290 3108 διειργούσης
1321 3013 1394 3085 τῶν
1421 3008 1509 3108 ἆγε·
1530 3039 1573 3080 20

309 3128 422 3207 λαίων
441 3127 506 3228 τὴν
531 3135 670 3232 γνῶσιν
692 3133 756 3228 τῆς
780 3132 818 3208 έν
842 3135 916 3212 τοῖς
942 3131 1056 3231 ἁγίοις
1081 3129 1334 3234 θεωρουμένης,
1351 3133 1510 3234 ἀδιαφο-

307 3249 426 3353 ρήσας
458 3252 478 3330 ὁ
511 3249 673 3353 μαθητὴς
704 3251 898 3356 πρόσεισιν
925 3255 1067 3356 ἐρωτῶν
1090 3254 1194 3334 Ἀνθ’
1221 3253 1306 3333 όταν
1333 3252 1384 3354 μὴ
1416 3259 1513 3333 πᾶσι

308 3382 383 3461 τοῖς
415 3373 507 3454 κατὰ
538 3375 605 3474 τὴν
638 3377 847 3476 οἰκουμένην
879 3378 1131 3484 ἀποκαλύψειν
1158 3376 1293 3474 ἑαυτὸν,
1322 3375 1444 3475 μόνοις
1473 3376 1514 3457 δέ

309 3507 383 3582 τοῖς
410 3500 523 3601 ἁγίοις
547 3499 823 3603 ἐπαγγέλλεται.
865 3500 907 3581 rb
936 3501 979 3580 δέ
1002 3505 1046 3582 Τί
1067 3501 1198 3604 γέγονεν
1225 3504 1402 3598 ἀναβοῶν,
1421 3499 1520 3580 ἔοικέ

144 3646 262 3706 em.
282 3656 345 3703 ατι
364 3609 524 3702 τοιοῦτον
544 3624 813 3704 ῦπαινίττεσθαι
832 3625 963 3705 θέλειν·
994 3624 1134 3710 σκοπός
1160 3659 1232 3722 σοι,
1251 3629 1356 3731 φησί,
1373 3629 1438 3726 τῆς
1462 3632 1512 3711 είς
1529 3658 1569 3720 ²5

310 3745 403 3844 ἡμᾶς
422 3747 588 3854 ἀφίξεως,
606 3744 635 3826 ὦ
654 3747 839 3846 Δέσποτα,
858 3747 901 3829 rb
925 3747 976 3848 μὴ
1000 3753 1076 3830 τισί
1094 3749 1159 3849 μέν
1176 3748 1245 3829 ἀνά
1266 3750 1374 3854 μέρος
1398 3749 1510 3854 γινοί-

310 3875 476 3969 σκεσθαι,
505 3874 582 3951 τισὶ
614 3870 652 3952 δέ
684 3873 810 3952 οῦκέτι·
851 3872 1025 3974 ἠκούομεν
1052 3873 1124 3978 γάρ
1157 3875 1195 3952 έν
1222 3873 1427 3979 προφήταις
1455 3874 1514 3955 ὅτι

143 4013 264 4108 Βοός·
310 4006 332 4042 “
350 3992 482 4102 ὄψεται
497 4003 619 4077 »παῖσα
655 3994 758 4102 σὰρξ
787 3995 829 4076 rb
860 3996 1041 4102 σωτήριον
1068 4006 1132 4078 τοῦ
1162 3997 1289 4096 Θεοῦ,”
1319 3996 1421 4077 ἀλλὰ
1453 4001 1514 4078 καί

143 4117 258 4242 ξςοξιιῡ·
310 4119 415 4202 αὐτὸς
434 4119 580 4223 ε’φῶνεις
599 4125 699 4212 βοῶν
717 4129 739 4166 “
754 4119 899 4221 Τέρπου
924 4122 982 4200 καὶ
1000 4121 1201 4227 εὐφραίνου,
1221 4119 1379 4224 θύγατερ
1397 4119 1511 4220 Σιὼν,

310 4253 333 4290 “
350 4242 404 4322 ότι
432 4240 508 4322 ίδοῦ
537 4241 608 4345 ἐγὼ
641 4243 790 4347 έρχομαι
823 4245 881 4322 καὶ
915 4243 1188 4343 κατασκηνῶσω
1221 4247 1259 4324 έν
1286 4245 1389 4354 μέσιρ
1423 4280 1510 4344 σου,
1529 4282 1568 4339 30

310 4375 332 4412 “
351 4364 448 4467 λέγει
478 4364 621 4467 Κύριος,
650 4370 708 4446 καὶ
738 4366 1025 4475 καταφεύξονται
1055 4367 1139 4468 ἔθνη
1166 4369 1295 4450 πολλὰ
1324 4369 1416 4474 πρὸς
1448 4370 1515 4452 τὸν

487 4566 513 4622 η.
531 4554 633 4624 σεαυτῷ
646 4548 680 4608 Ε.
981 4571 1025 4628 23.
1043 4555 1214 4630 ἀποκαλύψω
1224 4557 1287 4629 (εἰς)
1300 4555 1333 4612 Ε.
