3118 5132
286 319 352 382 424
590 319 628 386 B.
654 317 864 384 CYRILLI
895 319 1183 385 ALEXANDR.
1374 318 1439 384 xiv.
1454 337 1487 404 90

288 479 370 562 ὅποι
394 480 483 562 ποτέ
507 485 684 578 βαδιεῖται
711 487 775 582 τῆς
803 484 937 568 εὐθείας
966 486 1051 564 ὁδοῦ
1079 482 1295 565 διεκπίπτων
1318 483 1337 561 ὁ
1365 477 1488 582 λόγος,

288 611 348 684 καὶ
367 611 415 688 είς
434 604 509 686 οἷον
528 605 733 710 άποκομίζει
752 607 938 710 βάραθρον
957 607 1039 693 τοῦς
1057 611 1169 688 ἐκεῖνα
1187 603 1485 713 πεφρουηκότας;

258 727 389 807 θάλλδι
407 731 474 826 ναὶ,
494 731 651 826 δύναται,
671 734 775 836 φησὶ,
794 729 908 810 καίτοι
927 729 1075 832 γενητὸς
1102 731 1273 836 ὑπάρχων
1292 731 1312 809 ὃ
1330 727 1417 812 Υἱὸς
1441 727 1490 806 τὰ

287 855 350 950 τῆς
377 853 523 960 φύσεως
548 853 638 956 ἐργα
660 863 838 958 πληροῦν,
857 853 968 961 δόξαν
987 856 1079 936 οὕτω
1098 861 1150 962 τῷ
1169 859 1252 960 θεῷ
1271 857 1330 934 καὶ
1351 853 1484 953 Πατρί.

288 971 364 1056 εἶτα
390 979 428 1057 τί
452 978 581 1059 τούτου
608 984 773 1084 φανεῖται
801 976 843 1058 τδ
871 978 1186 1081 δυσσεβέστερον;
1220 975 1321 1058 οῦδέν
1339 974 1410 1078 γὰρ
1435 975 1531 1060 ἐτι5

287 1098 330 1180 τδ
348 1101 467 1205 μεῖζον
485 1103 564 1203 ἤτοι
586 1101 629 1181 τὸ
652 1101 766 1182 πλέον
782 1105 820 1182 ἐν
840 1108 923 1210 Θεῷ
941 1101 1040 1206 παρὰ
1058 1101 1124 1202 τὴν
1142 1105 1272 1198 κτίσιν,
1289 1107 1319 1182 εῖ
1341 1103 1399 1180 καὶ
1420 1099 1492 1198 τὴν

287 1227 352 1324 τῆς
377 1223 546 1326 θεότητος
572 1224 685 1332 δόξαν
706 1261 744 1306 τε
771 1229 831 1306 καὶ
854 1225 1005 1324 δύναμιν
1027 1228 1116 1332 αὐτῇ
1140 1224 1396 1329 περιθήσομεν.
1435 1219 1491 1322 μὴ

287 1345 360 1451 γάρ
377 1384 431 1434 τις
449 1351 488 1430 ἐκ
506 1353 796 1456 φρενοβλαβείας
815 1349 945 1430 οἰέσθω
963 1355 1106 1450 πολλῆς
1128 1347 1353 1458 άξιάγαστόυ
1371 1382 1406 1426 τι
1428 1350 1492 1427 καὶ

289 1472 382 1574 μέγα
397 1477 590 1576 περὶῪίοῦ
609 1474 754 1582 φρονεῖν
773 1509 811 1554 τε
829 1477 888 1554 καὶ
907 1473 1035 1574 λέγειν,
1053 1475 1108 1554 ότι
1127 1475 1263 1574 κτίσμα
1285 1473 1351 1572 μέν
1368 1476 1490 1570 ἐστιν,

289 1597 358 1702 οῦχ
376 1601 425 1684 ὡς
443 1597 481 1678 ἐν
500 1597 538 1678 δέ
556 1605 629 1678 τῶν
647 1598 867 1696 κτισμάτων·
897 1594 989 1679 ι’ῖντω
1008 1597 1045 1679 δέ
1064 1601 1106 1679 οῦ
1121 1605 1255 1702 μικρῶς
1272 1601 1403 1678 ἀδικοῦν
1420 1595 1492 1696 τὴν
1512 1630 1550 1669 10

122 1738 238 1797 ⁷⁷9A·
261 1719 403 1828 υδόξαν
421 1723 542 1803 αὑτοῦ.
581 1723 624 1802 οῦ
647 1721 720 1824 γὰρ
748 1729 778 1802 εί
803 1723 985 1829 ἐξαίρετον
1003 1723 1075 1828 ἐχει
1099 1723 1166 1823 τὴν
1185 1723 1300 1830 φύσιν
1317 1719 1416 1822 παρδι
1440 1720 1493 1800 τὰ

290 1845 392 1926 ἄλλα
423 1846 604 1944 κτίσματα
638 1845 815 1950 ζητητέον,
843 1849 928 1926 ἀλλ’
958 1854 986 1927 εί
1016 1847 1165 1950 γέγονεν
1192 1847 1298 1930 ὅλως.
1346 1843 1492 1946 τὸγὰρ

289 1965 378 2048 εἶναι
415 1971 551 2070 κτίσμα
580 1978 660 2055 πιῦς
690 1971 735 2050 ἂν
766 1969 946 2078 διαφύγοι,
975 1979 1005 2052 εἱ
1037 1977 1096 2054 καὶ
1128 1970 1275 2053 πάντων
1304 1973 1382 2049 ἐστὶ
1414 1977 1492 2048 τῶν

290 2092 500 2194 κτισμάτων
527 2091 570 2175 τῦ
598 2094 828 2192 κάλλιστον,
870 2097 1100 2198 ἀδικουμένης
1129 2096 1167 2177 δέ
1194 2101 1258 2196 τῆς
1286 2093 1394 2201 δόξης
1423 2102 1491 2173 τοῦ

289 2223 381 2299 Υίοῦ
413 2221 452 2298 ἐν
482 2225 534 2328 τῷ
567 2217 738 2319 γενέσθαι
771 2219 893 2320 λέγειν
925 2220 1043 2318 αὐτὸν,
1075 2223 1114 2302 τί
1142 2220 1259 2324 μάτην
1291 2218 1487 2319 ἐπάγουσι,
1512 2241 1550 2300 ¹5

290 2341 453 2446 καθάπερ
470 2378 505 2423 τι
524 2341 717 2447 φάρμακον
736 2345 844 2451 αὐτῷ,
862 2342 961 2424 τὸέν
979 2351 1031 2453 τῷ
1055 2346 1246 2452 καλλίστῳ
1270 2351 1341 2424 τῶν
1359 2343 1492 2422 ἄλλων

290 2465 462 2572 ὑπάρχειν
491 2468 618 2575 τόπιρ;
661 2470 853 2571 ῦβριοῦμευ
885 2479 1078 2572 τοιγαροῦν
1109 2471 1175 2570 τὴν
1204 2477 1269 2550 τοῦ
1302 2473 1396 2548 Θεοῦ
1429 2471 1492 2546 καὶ

209 2641 214 2650 ·
291 2589 438 2692 Πατρδς
463 2592 601 2690 οῦσίαν,
624 2597 654 2671 εἰ
679 2600 793 2672 ταῦτα
817 2592 996 2674 δύνασθαι
1023 2601 1220 2698 κατορθοῦν
1244 2590 1491 2696 περιθήσομευ
1519 2643 1527 2654 ·

271 2719 342 2823 ’τῷ
368 2719 457 2823 Υίῷ,
485 2722 623 2824 γενητῴ
655 2720 713 2796 καὶ
746 2719 842 2826 αὐτῷ
875 2718 1100 2823 τυγχάνοντι,
1129 2716 1220 2799 κατὰ
1252 2717 1317 2798 τδν
1347 2718 1491 2797 ἐκείνων

256 2839 411 2938 λάμαθῆ
430 2843 489 2918 καὶ
513 2838 687 2920 ἀσύνετον
707 2841 898 2943 λογισμόν.
930 2845 994 2923 οῦκ
1019 2843 1217 2950 ἀνεξόμεθα
1243 2840 1281 2922 δέ
1306 2839 1490 2940 λεγόντων
1507 2880 1549 2919 20

290 2963 419 3062 αὐτῶν,
448 2963 503 3045 ὅτι
535 2963 582 3044 τὰ
613 2969 678 3064 τῆς
708 2963 874 3065 θεότητος
903 2967 993 3069 ἔργα
1023 2973 1201 3070 κατορθοῖ,
1230 2967 1366 3064 κτίσμα
1396 2964 1491 3044 κατὰ

291 3085 407 3193 φύσιν
435 3088 606 3194 ὑπάρχων
634 3090 654 3168 ὁ
681 3088 780 3188 Υἱὸς,
808 3093 901 3170 οὕτω
930 3091 1042 3198 δόξαν
1069 3097 1121 3199 τῷ
1149 3096 1233 3198 Θεῷ
1265 3093 1323 3169 καὶ
1352 3091 1499 3190 Πατρί.’

288 3217 320 3290 εί
347 3209 414 3310 μέυ
438 3211 509 3316 γὰρ
536 3214 660 3319 έχουσι
685 3213 854 3294 δεικνύειν
877 3223 984 3295 τοῦτο
1012 3215 1084 3295 άπδ
1112 3218 1176 3314 τῆς
1203 3215 1299 3298 θείας
1326 3217 1489 3321 γραφῆς,

289 3336 606 3441 παρακομιζόντων
633 3336 658 3418 ἃ
683 3337 892 3438 βούλονται,
917 3343 976 3419 καὶ
1007 3338 1279 3440 ἀκαπηλεάτους
1313 3340 1397 3438 ἡμῖν
1424 3336 1492 3423 τὰς

288 3466 363 3540 τῶν
382 3462 494 3562 ἁγίων
512 3463 716 3565 τηρούντων
735 3462 872 3568 φωνάς·
904 3469 933 3543 εἰ
953 3463 990 3544 δέ
1009 3464 1154 3565 γνώμης
1177 3463 1267 3546 ἰδίας
1290 3460 1488 3565 εὑρήματα,
1508 3495 1546 3555 25

290 3585 349 3662 καὶ
368 3581 450 3666 τοῦς
469 3588 527 3666 ἐπὶ
545 3587 660 3694 τούτῳ
677 3589 887 3688 πεποίηνται
906 3585 1116 3690 λογισμοῦς,
1134 3587 1325 3693 χαριέντως
1343 3589 1493 3689 ἐροῦμεν

122 3708 202 3838 {3¹3
292 3717 313 3756 “
333 3709 428 3788 Οῦαὶ
447 3715 520 3793 τοῖς
538 3710 830 3816 προφητεύουσιν
849 3711 921 3792 άπὸ
940 3714 1085 3815 καρδίας
1104 3711 1258 3791 αῦτιῦυ·”
1287 3713 1400 3791 ἐκεῖνα
1417 3711 1493 3813 γὰρ

900 3835 911 3864 Ι
987 3833 1002 3864 Δ
1062 3834 1072 3860 ἱ

262 3832 459 3933 οδιόσομευ
484 3833 617 3914 ἐθέλειν
641 3837 694 3914 ἀεὶ
722 3833 785 3914 τδυ
805 3842 963 3938 Πατερα,
982 3873 1007 3916 α
1033 3871 1098 3936 την
1120 3837 1218 3916 θείαν
1240 3837 1349 3914 αὐτοῦ
1378 3833 1494 3940 δόξαν

291 3957 596 4062 άπαραχάρακτον
621 3955 693 4038 οἶδε
720 3967 849 4062 τηρεῖν,
872 3963 931 4039 καὶ
958 3966 1031 4040 τῶν
1054 3962 1135 4063 περὶ
1163 3961 1272 4040 αὐτοῦ
1299 3959 1494 4062 δογμάτων

292 4082 457 4186 διασώζει
481 4081 547 4182 τὴν
570 4081 760 4184 ὀρθότητα.
798 4086 926 4163 οὐκοῦν
948 4091 1025 4167 ταῖς
1048 4084 1189 4164 ἐκείνων
1210 4085 1419 4168 άσυνεσίαις
1447 4081 1492 4164 τδ
1507 4121 1547 4177 30

292 4208 471 4311 ἐῤῥιῦσθαι
490 4203 707 4313 φράσαντες,
725 4209 783 4288 ἐπὶ
809 4206 872 4288 τὸν
891 4210 1011 4307 ἀληθῆ
1036 4210 1118 4310 περὶ
1141 4208 1250 4287 αὑτοῦ
1273 4207 1494 4312 χωρήσομεν

292 4475 517 4621 3Ῑῐ3ἑρχῖνιαδιαφτὲ
527 4479 558 4534 δν
569 4479 736 4622 ξηρῆσοηιέη
747 4479 772 4606 ἓ
784 4477 953 4622 {mzfflpa
965 4495 1093 4608 Εἷς-24.
1111 4476 1373 4544 δΥῖδς-βοῦλονται
1384 4495 1440 4534 om.
1455 4477 1491 4536 E.
