3274 5118
310 320 376 382 644
607 311 652 384 Ἠ.
676 318 889 386 CYRILLI
918 315 1208 387 ALEXANDR.
1329 304 1409 373 xvi.
1426 319 1524 387 25²4

311 483 562 586 ἀπαραιτήτως
593 483 764 582 μέλλοιεν
791 486 1001 564 ἐκτελευτᾶν
1028 485 1076 568 είς
1105 476 1236 586 χαράν.
1282 469 1445 577 καρπὸς
1472 463 1530 566 γάρ

312 612 408 714 φησι
434 613 563 710 πικρῶς
588 611 712 692 ὠδῖνος
738 607 779 687 τὸ
805 607 953 714 βρέφος,
972 609 1030 686 καῖ
1055 603 1113 684 διά
1138 601 1264 686 πόνων
1283 599 1448 703 ἔρχεται
1469 596 1530 670 ταῖς

311 729 494 833 μητράσιν
527 733 549 830 ἡ
585 733 644 810 ἐπὶ
680 730 813 814 τέκνοις
850 729 959 835 χαρά.
1014 730 1098 809 ἀλλ’
1130 727 1228 830 εἴπερ
1266 718 1534 831 ὤφθησανὸ

312 856 439 958 ἀρχαῖς
456 851 547 957 πρὸς
565 851 647 938 τούς
666 856 724 934 ε’πὶ
749 861 826 938 ταῖς
853 857 979 934 ὠδῖσιν
997 851 1258 951 ἀπαυδήσασαι
1276 847 1449 940 πόνους,
1468 838 1533 920 οἷδ’

279 973 359 1056 ᾱάν
391 976 487 1062 ὅλως
519 985 708 1086 κυοφορεῖν
736 975 934 1076 ἠθέλησαν,
965 975 1030 1056 τόν
1058 975 1186 1056 τούτου
1216 972 1436 1074 παραίτιον
1468 970 1556 1044 δαι-Ξ

313 1105 446 1204 δρᾶσαι
483 1099 611 1204 γάμον,
648 1103 733 1180 ἀλλ’
773 1102 847 1182 οὐδ’
886 1097 931 1180 ἀν
968 1099 1131 1204 ἐγένοντο
1170 1097 1324 1200 μητέρες
1365 1091 1540 1176 πώποτε,

312 1224 530 1330 τριποθήτου
565 1259 604 1306 τε
640 1228 699 1305 καὶ
730 1223 953 1306 πολυεύκτου
983 1223 1199 1328 πράγματος
1235 1221 1279 1300 δι’
1317 1217 1449 1299 ὄκνον
1485 1216 1538 1292 ἐκ·

312 1351 523 1432 πίπτουσαι.
578 1346 669 1429 κατά
705 1357 832 1428 τοῦτον
870 1347 933 1428 οὖν
970 1349 1041 1451 ἀρα
1076 1346 1139 1428 τὸν
1171 1344 1310 1448 τρόπον
1340 1345 1413 1422 καὶ
1462 1340 1543 1434 ὑμῖν

312 1476 431 1558 αὐτοῖς
450 1475 513 1554 οὐκ
534 1476 660 1571 ἀμισθὶ
679 1471 723 1551 τὸ
739 1475 902 1574 ἀλγῆσαι
920 1469 1162 1572 συμβήσεται.
1203 1467 1432 1574 χαρήσεσθε
1456 1461 1544 1566 γὰρ,

312 1597 400 1678 ὅταν
428 1598 524 1699 ἴδητε
552 1598 656 1704 ξένον
682 1602 734 1704 τῷ
766 1595 896 1704 κόσμιρ
922 1597 1065 1678 παιδίον
1092 1591 1298 1698 ἀποτεχθὲν,
1328 1584 1581 1696 ιῖφθαρπόνιε

312 1755 350 1802 τε
375 1727 435 1800 καὶ
455 1721 674 1823 ἀνώλεθρον.
714 1718 841 1800 ἑαυτὸν
859 1719 896 1800 δὲ
919 1717 1087 1820 δηλονότι
1112 1717 1238 1824 φησίν.
1275 1715 1543 1820 ἀναφαίρετον

313 1843 427 1946 γεμὴν
455 1848 513 1926 καὶ
543 1843 811 1942 ἀναπόβλητον,
840 1842 907 1941 τὴν
938 1844 993 1948 ἐφ’
1023 1843 1136 1950 ἑαυτῷ
1162 1841 1340 1939 θυμηδίαν
1368 1838 1541 1918 ἔσεσθαι

314 1968 424 2070 λέγει.
467 1968 558 2050 κατὰ
585 1967 657 2071 γάρ
685 1965 751 2066 τὴν
778 1975 843 2046 τοῦ
872 1966 1025 2046 Παύλου
1055 1961 1191 2074 φωνὴν,
1217 1971 1366 2064 μᾶλλον
1398 1963 1438 2042 δὲ
1474 1962 1540 2040 καῖ

147 2097 265 2228 ξθωῑ·
284 2093 406 2174 οκατά
432 2093 497 2194 τὴν
525 2097 589 2194 τῆς
617 2092 787 2192 ἀληθείας
817 2090 977 2190 δύναμιν,
1005 2087 1108 2197 ἅπαξ
1132 2085 1336 2184 ἀποθανὼν,
1366 2097 1392 2133 “
1406 2085 1538 2166 οὐκέτι

166 2199 171 2213 ⁸
314 2229 336 2266 ‘⁴
354 2216 609 2320 ἀποθνήσκει.”
639 2213 869 2317 ἐρηρεισμένη
897 2223 1085 2319 τοιγαροῦν
1113 2214 1135 2313 ἡ
1163 2213 1218 2294 ἐπ’
1236 2213 1334 2318 αύτῷ
1361 2211 1536 2311 θυμηδία
1550 2225 1579 2283 ¹⁵

313 2345 372 2423 καί
393 2341 495 2440 μάλα
520 2339 672 2424 εἰκότως.
716 2344 745 2418 εί
770 2337 842 2440 γὰρ
867 2341 924 2418 ε’πὶ
950 2345 1001 2446 τῷ
1025 2337 1169 2446 θανάτιρ
1194 2334 1450 2436 λελυπήμεθα,
1472 2335 1533 2417 τίς

313 2467 414 2565 ἡμῶν
443 2465 647 2565 ἀποστήσει
680 2461 733 2557 την
763 2461 876 2568 χαρῖιν
904 2461 1050 2544 είδότων
1080 2461 1135 2542 ὅτι
1168 2466 1226 2540 καὶ
1257 2461 1303 2564 ζῇ
1333 2461 1397 2539 καῖ
1427 2459 1528 2559 με’νει

314 2591 491 2687 διηνεκῶς,
528 2595 601 2667 τῶν
636 2593 883 2685 πνευματικῶν
919 2587 1004 2686 ἡμῖν
1040 2589 1187 2688 ἀγαθῶν
1224 2583 1336 2686 δοτήρ
1378 2617 1422 2662 τε
1466 2583 1527 2662 καῖ

314 2711 485 2814 πρύτανις
497 2744 508 2809 ;
544 2711 616 2791 ἀπὸ
644 2710 709 2809 μὲν
737 2711 799 2790 οὖν
827 2717 899 2790 τῶν
927 2710 1040 2811 ἁγίων
1069 2705 1171 2794 οὐδεὶς
1198 2711 1279 2816 αἴρει
1309 2707 1363 2802 την
1393 2707 1523 2816 χαρεὶς,

315 2833 407 2914 κατὰ
425 2833 491 2935 τὴν
509 2843 572 2914 τοῦ
592 2837 760 2936 Σωτῆρος
779 2833 916 2940 φωνήν·
948 2833 1111 2942 ἀφηρέθη
1137 2831 1174 2912 δὲ
1198 2835 1427 2935 παραχρῆμα
1451 2837 1525 2911 τῶν
1538 2847 1572 2888 ²⁰

315 2956 640 3062 προσηλωσόντων
672 2957 781 3037 αὐτὸν
814 2963 865 3063 τῷ
903 2961 1063 3061 σταυρῷ.
1110 2955 1308 3054 λελυμένου
1345 2955 1421 3058 γὰρ
1460 2963 1525 3036 τοῖν

152 3094 269 3152 om.
287 3079 465 3180 ειπόθους,
492 3083 547 3189 ἐφ’
573 3079 602 3190 ᾧ
630 3081 674 3181 δὴ
703 3082 761 3160 καὶ
789 3081 926 3185 χαίρειν
953 3077 1066 3188 ᾤοντο
1097 3084 1179 3175 δεῖν,
1208 3082 1256 3162 ῶς
1285 3077 1330 3184 ἐξ
1356 3079 1526 3185 ἀφύκτου

316 3203 446 3285 λοιπὸν
468 3203 625 3308 ἀνάγκης
648 3206 767 3288 αὐτοῖς
788 3203 830 3284 τὸ
855 3209 1051 3286 λυπεῖσθαι
1074 3200 1316 3302 συμβήσεται.

268 3466 304 3523 ²3
321 3453 378 3518 Καὶ
402 3453 436 3519 ὲν
458 3453 566 3544 ἐκείνη
593 3459 633 3546 τῷ
662 3455 768 3546 ήμὲρᾳ
795 3453 853 3530 ἐμὲ
881 3455 940 3520 οὐκ
967 3453 1153 3544 ἐρωτήσετε
1180 3452 1286 3522 οὐδέν.
1322 3453 1412 3529 ἁμήν
1434 3454 1523 3530 ἁμήν

369 3578 455 3652 λὲτω
484 3575 566 3660 ὑμῖν,
593 3579 652 3644 ἐάν
679 3603 709 3644 τι
736 3576 893 3646 αἰτήσητε
920 3579 976 3646 τὸν
1002 3579 1146 3668 Πατέρα,
1174 3578 1274 3645 δώσει
1305 3574 1380 3655 ὑμῖν
1410 3579 1447 3644 ἐν
1477 3582 1567 3664 τῲιη

267 3735 305 3791 24
369 3706 505 3783 ὀνόματί
531 3731 602 3784 μου·
645 3709 710 3773 ἓωε
737 3708 811 3796 ἄρτι
839 3709 897 3773 οὐκ
927 3709 1091 3800 ᾐτήσασθε
1119 3707 1214 3773 οὐδὲν
1241 3709 1276 3772 ὲν
1303 3709 1351 3792 τῷ
1383 3707 1525 3784 ὀνόματί

368 3854 439 3909 μου·
484 3829 615 3914 αἰτεῖτε,
651 3835 704 3898 καὶ
739 3836 893 3914 λήψεσθε,
928 3830 983 3900 ἳνα
1023 3835 1041 3900 ή
1083 3833 1166 3922 χαρὰ
1202 3833 1294 3910 ὑμῶν
1330 3829 1350 3924 ᾖ
1394 3848 1526 3901 πεπλή-

370 3960 511 4046 ρωμένει.

157 4221 166 4240 Ἰ
371 4121 556 4218 Ἀμείνους
589 4123 739 4202 ἔσεσθαι
770 4124 828 4202 καὶ
864 4122 1125 4226 συνετωτέρους
1155 4122 1237 4207 τούς
1269 4122 1394 4226 ἁγίους
1427 4130 1525 4230 φησὶ

150 4221 305 4352 ῗξῇἷωζηλ
317 4245 491 4344 μαθητὰς,
515 4245 601 4325 ὅταν
624 4246 842 4326 ἐνδύσωνται
869 4245 936 4346 τὴν
961 4247 1005 4352 ἐξ
1031 4251 1149 4355 ὕφους
1176 4247 1336 4347 δύναμιν,
1356 4248 1453 4329 κατὰ
1482 4250 1524 4331 τὸ
1535 4288 1565 4345 30

343 4485 397 4552 ¹25.
416 4471 495 4553 δῷσιι
514 4473 573 4556 ὑμῖν
590 4469 617 4525 ἐν
634 4475 671 4545 τῷ
690 4473 796 4542 ὀνόματί
812 4497 862 4544 μου
886 4475 938 4530 hoc
963 4474 1056 4531 ordine
1075 4477 1107 4532 E.
1126 4478 1162 4533 cf.
1182 4477 1215 4532 de
1235 4477 1317 4534 Recta
1334 4477 1387 4534 fide
1405 4479 1473 4550 850
1496 4485 1522 4553 (τι

317 4538 407 4594 Τιοεῖι.
421 4543 487 4611 c1t.).
500 4542 528 4596 ἀν
539 4563 574 4613 τῳ
587 4542 693 4612 ὀνόματί
703 4567 762 4614 μου,
775 4546 854 4601 δώσει
868 4546 925 4617 ύμῖν
938 4545 990 4602 Ed.
