3238 5114
334 321 398 386 ως
636 323 676 388 Β.
700 321 912 390 cmm
942 325 1233 392 Αυςκκκυα.
1270 356 1274 364 ⁴
1329 325 1560 402 xvii.20‚21·
1603 271 1604 326 ³

333 497 355 535 “
373 483 469 584 ὦμεν
511 485 639 588 νήπιοι,
677 485 970 590 κλυδωνιζόμενοι
1012 492 1070 571 καὶ
1113 489 1390 598 περιφερόμενοι
1437 489 1558 568 παντὶ
1603 533 1604 608 3

333 619 355 657 ‘⁶
373 609 492 720 ἀνέμῳ
522 615 586 711 τῆς
614 611 850 697 διδασκαλίας
876 613 915 693 ἐν
939 619 984 718 τῇ
1011 617 1137 722 κυβείᾳ
1165 620 1238 695 τῶν
1262 612 1491 714 ἀνθρώπων,
1518 612 1556 688 ἐν

333 743 355 782 “
370 735 571 842 πανουργίᾳ
591 733 683 839 πρὸς
703 733 770 836 τὴν
787 735 973 834 μεθοδείαν
990 741 1054 838 τῆς
1071 736 1223 839 πλάνης,
1244 736 1496 837 ἀληθεύοντες
1516 734 1553 813 δέ
1603 727 1604 760 ³

332 865 355 908 ‘⁴
373 860 412 938 ἐν
443 859 569 966 ἀγάπη
599 857 817 966 αὐξήσωμεν
849 864 898 945 είς
930 859 1039 942 αὐτὸν
1068 861 1114 942 τά
1146 863 1277 961 πάντα,
1307 861 1349 946 ὅς
1381 863 1498 940 ἐστιν
1531 861 1552 958 ἡ

330 991 354 1030 “
372 981 529 1090 κεφαλὴ,
547 980 721 1087 Χριστὸς,
740 983 784 1092 ἐξ
799 983 842 1064 οῦ
857 989 932 1064 πᾶν
948 983 991 1065 τὸ
1016 991 1127 1084 σῶμα
1147 983 1580 1089 συναρμολογούμενον5

330 1117 353 1156 “
372 1109 431 1186 καὶ
449 1105 763 1211 συμβιβαζόμενον
781 1105 841 1188 διά
857 1104 981 1210 πάσης
998 1110 1096 1215 ἁφῆς
1118 1113 1182 1210 τῆς
1206 1109 1443 1216 ἐπιχορηγίας
1462 1108 1548 1186 κατ’

329 1240 353 1279 “
370 1231 546 1336 ἐνέργειαν
564 1233 602 1312 ἐν
619 1230 739 1340 μέτριρ
762 1229 840 1315 ἐνὸς
866 1229 1022 1313 ἑκάστου
1045 1227 1178 1332 μέλους
1202 1233 1269 1334 τὴν
1290 1233 1454 1340 αὔξησιν
1479 1240 1549 1312 τοῦ

330 1365 352 1404 “
370 1354 540 1454 σώματος
565 1363 714 1436 ποιείτω
739 1359 787 1439 είς
812 1353 1001 1455 οἰκοδομὴν
1019 1358 1145 1438 ἑαυτοῦ
1168 1358 1207 1436 ἐν
1224 1354 1384 1461 ἀγάπη.”
1418 1355 1480 1435 ῦτι
1507 1353 1548 1434 δέ

299 1481 389 1559 ςκαὶ
415 1478 482 1580 τὴν
509 1478 601 1559 κατά
628 1485 738 1580 σῶμα
766 1477 957 1579 ναουμεῦνην
984 1479 1125 1578 ἕνωσιν,
1153 1483 1247 1585 φημὶ
1275 1478 1320 1580 δὴ
1348 1477 1418 1579 τὴν
1445 1478 1548 1580 πρὸς

328 1601 504 1706 Χριστὸν,
533 1609 567 1684 οί
593 1607 657 1704 τῆς
685 1603 789 1706 ἁγίας
816 1605 927 1683 αὐτοῦ
953 1599 1089 1706 σαρκός
1115 1604 1154 1683 ἐν
1179 1602 1318 1711 μεθέξει
1345 1601 1545 1706 γεγονότες
1562 1633 1592 1672 ¹0

329 1728 641 1830 ἀποκερδαίνομεν,
659 1726 880 1830 μαρτυρήσει
909 1724 1022 1808 πάλιν
1047 1727 1067 1806 ὃ
1092 1732 1242 1811 Παῦλος
1268 1731 1349 1830 περὶ
1376 1736 1444 1808 τοῦ
1474 1731 1545 1827 τῆς

330 1851 512 1946 εὐσεβείας
537 1851 737 1954 μυστηρίου
760 1849 878 1954 λέγων
897 1849 985 1931 “⁶0
1009 1850 1142 1953 ἑτέραις
1166 1859 1301 1953 γενεαῖς
1327 1853 1390 1930 οῦκ
1416 1852 1537 1952 ἐγνω-

330 1983 352 2024 “
369 1973 480 2077 ρίσθη
505 1983 579 2060 τοῖς
605 1980 690 2058 υἱοῖς
713 1979 785 2055 τῶν
803 1974 1013 2078 ἀνθρώπων,
1032 1977 1080 2058 ὡς
1106 1984 1169 2056 νῦν
1191 1975 1433 2080 ἀπεκαλύφθη
1460 1981 1540 2056 τοῖς

329 2108 350 2150 “
369 2097 484 2200 ἁγίοις
502 2097 724 2182 ἀποστόλοις
742 2099 851 2178 αῦτοῦ
870 2100 929 2177 καὶ
946 2095 1151 2206 προφήταις
1173 2102 1212 2178 ἐν
1231 2098 1426 2196 Πνεύματι,
1445 2093 1536 2176 εἶναι

327 2231 350 2269 “
368 2221 415 2302 τά
433 2221 517 2324 ἔθνη
536 2217 818 2326 σνγκληρονόμα
843 2223 902 2301 καὶ
927 2223 1140 2328 σνμμέτοχα
1163 2226 1227 2322 τῆς
1251 2223 1470 2324 ἐπαγγελίας
1496 2223 1535 2300 ἐν
1550 2243 1582 2303 15

328 2355 350 2393 “
369 2345 552 2454 Χριστῷ.”
595 2351 625 2425 εί
660 2344 698 2426 δέ
736 2342 934 2447 σύσσωμοι
970 2344 1101 2430 πάντες
1137 2343 1315 2445 ἀλλήλοις
1350 2341 1463 2443 ἐσμὲν
1496 2345 1534 2422 ἐν

326 2475 490 2576 Χριστῷ,
509 2473 568 2550 καί
586 2470 665 2574 οὐχὶ
684 2465 795 2568 μόνον
813 2465 1001 2568 ἀλλήλοις,
1020 2466 1122 2548 ἀλλά
1141 2471 1199 2549 καὶ
1222 2468 1318 2576 αὐτῷ
1341 2471 1457 2568 δῆλον
1475 2467 1531 2546 ότι

326 2599 378 2702 τῷ
406 2595 443 2672 ἐν
472 2595 556 2693 ἡμῖν
583 2593 756 2700 γινομένῳ
784 2589 843 2671 διά
869 2595 933 2692 τῆς
962 2593 1051 2676 ίδίας
1076 2592 1225 2696 σαρκός·
1260 2599 1338 2677 πῶς
1366 2593 1432 2672 οῦκ
1459 2591 1529 2691 η”δη

291 2723 460 2824 ἀσαφῶς
477 2717 516 2796 ἐν
532 2717 643 2812 ἐσμεν
660 2720 693 2794 οἱ
714 2714 844 2799 πάντες
871 2718 930 2796 καὶ
953 2717 991 2796 ἐν
1010 2714 1188 2814 ἀλλήλοις
1213 2719 1271 2796 καὶ
1292 2717 1330 2795 ἐν
1347 2721 1524 2822 Χριστῷ;

327 2838 489 2944 Χριστὸς
501 2837 573 2943 γάρ
588 2841 687 2919 ἐστιν
706 2839 726 2918 ὁ
745 2841 809 2938 τῆς
827 2837 990 2940 ἑνότητος
1009 2839 1223 2938 σύνδεσμος,
1238 2838 1332 2924 Θεός
1350 2873 1387 2920 τε
1407 2835 1521 2941 ίατάρ·
1540 2873 1574 2912 20

326 2999 403 3069 χων
420 2965 458 3044 ἐν
476 2967 593 3072 ταύτῷ
611 2966 668 3044 καὶ
688 2962 889 3066 ἅνθρωπος.
929 2966 1010 3067 περὶ
1030 2962 1073 3044 δέ
1086 2997 1129 3065 γε
1147 2967 1211 3062 τῆς
1227 2963 1388 3046 ἐνύσεως
1406 2967 1469 3062 τῆς
1488 2964 1525 3042 ἐν

329 3087 521 3188 Πνεύματι,
555 3088 620 3188 τὴν
653 3085 764 3187 αὐτὴν
796 3083 921 3188 ὥσπερ
939 3093 1027 3188 Ιτῶν
1059 3084 1298 3189 θεωρημάτων
1330 3084 1526 3171 διαθέοντες

327 3214 463 3315 τρίβον,
482 3214 629 3314 ἐροῦμεν
647 3209 690 3312 δὴ
715 3208 841 3302 πάλιν,
861 3209 917 3290 ὅτι
941 3209 1071 3296 πάντες
1096 3207 1135 3290 ἐν
1158 3213 1215 3290 καὶ
1240 3208 1282 3290 τὸ
1307 3206 1393 3290 αι’πὸ
1418 3209 1521 3316 δεξό-

326 3369 426 3433 μενοι
447 3338 607 3432 Πνεῦμα,
625 3337 718 3441 φημὶ
745 3333 789 3433 δὴ
813 3332 856 3412 τὸ
873 3333 1016 3436 Ἆγιον,
1035 3333 1368 3437 συνανακιρνοίμεθα
1392 3333 1523 3435 τρόπον

325 3458 405 3538 τινὰ
422 3459 481 3537 καὶ
499 3456 676 3558 ἀλλήλοις
695 3460 753 3538 καὶ
773 3463 866 3565 Θεῷ.
905 3463 935 3538 εί
959 3457 1032 3561 γὰρ
1057 3460 1115 3539 καὶ
1140 3464 1295 3542 πολλοῖς
1320 3457 1424 3536 οὖσιν
1441 3457 1521 3556 ἡμῖν
1535 3485 1568 3544 τ5

324 3579 394 3660 ἀνά
417 3581 534 3684 μέρος,
553 3579 695 3690 ἑκάστῳ
720 3578 763 3661 τό
788 3615 827 3661 τε
852 3587 916 3662 τοῦ
941 3579 1087 3684 Πατρός
1112 3579 1236 3662 καὶτὸ
1261 3580 1350 3660 ’ίδιον
1371 3579 1519 3682 ε’νοικίζει

325 3710 475 3805 Πνεῦμα
493 3705 665 3808 Χριστὸς,
684 3705 768 3784 ἀλλ’
789 3704 826 3784 ἐν
845 3706 924 3784 ἐστι
943 3709 1001 3784 καὶ
1020 3702 1288 3808 ἀμέριστον,τά
1313 3708 1377 3804 τῆς
1400 3703 1513 3804 ἀλλή-

322 3840 400 3909 λων
431 3829 594 3930 ἐνότητος
630 3827 886 3927 διακεκομμένα
922 3827 1118 3929 πνεύματα,
1149 3826 1240 3908 κατά
1275 3861 1318 3930 γε
1355 3825 1397 3907 τὸ
1434 3823 1519 3908 εἶναι’

323 3959 452 4058 φαμεν,
471 3955 509 4033 ἐν
527 3958 572 4060 τῷ
596 3953 679 4034 καθ’
700 3953 853 4059 ὕπαρξιν
876 3949 1022 4051 ἰδιότητι
1048 3951 1201 4056 συνέχον
1226 3955 1272 4034 είς
1298 3949 1455 4050 ἑνότητα,
1474 3952 1512 4029 δι’

154 4079 450 4158 100οΔ.οέαυτοῦ
478 4081 536 4158 καὶ
588 4077 674 4162 ὡςέν
702 4111 737 4158 τι
765 4073 848 4160 τοῦς
874 4074 1011 4159 πάντας
1042 4075 1304 4181 ἀναφαίνεσθαι
1331 4082 1457 4154 ποιοῦν
1480 4077 1559 4167 ἐνηο

357 4293 383 4342 4.
402 4273 444 4346 ὅς]
458 4273 510 4330 ὅσά
522 4275 555 4330 Ε.
682 4289 725 4346 15.
744 4271 957 4346 συγκληρονόμο]
974 4279 1003 4338 -ί-
1018 4278 1071 4328 “et
1083 4271 1285 4343 concorpores”
1299 4271 1398 4342 Georg.
1410 4269 1512 4341 Trapez.

320 4351 375 4400 “et
394 4343 618 4416 concorporales”
638 4344 771 4400 traductio
795 4345 897 4408 Latina,
918 4352 988 4398 recte
1011 4352 1042 4398 ut
1061 4343 1183 4406 videtum
1209 4343 1270 4397 vide
1290 4343 1314 4396 εί
1335 4343 1363 4396 δὲ
1382 4339 1513 4410 σύοσωμοι

320 4417 410 4488 paullo
422 4417 500 4471 infra.
535 4415 662 4472 Attamen
675 4415 756 4469 verba
767 4415 809 4468 καὶ
822 4414 954 4484 σύσσωρο
966 4431 1021 4468 non
1034 4413 1143 4468 exhibet
1156 4413 1186 4468 F.
1313 4429 1356 4466 τι.
1377 4411 1470 4483 Usque
1481 4411 1512 4465 ad

320 4488 366 4541 fin.
380 4504 410 4541 ca
429 4487 472 4540 itis
484 4487 547 4542 citat
559 4504 586 4557 p.
795 4501 839 4539 ατ.
857 4483 1032 4556 διατρεύοντες
1044 4484 1077 4539 Ε.
1091 4482 1236 4541 διαθέοντες
1248 4487 1298 4540 τῶν
1310 4483 1476 4555 θεωρημάτων
1487 4499 1511 4553 p.

321 4575 363 4625 οη.
382 4505 428 4627 &fi
442 4557 470 4611 δὲ
483 4577 510 4629 p.
619 4569 662 4627 27.
683 4555 710 4611 ἕν
722 4573 777 4610 om.
791 4555 825 4611 E.
