3184 5104
411 331 474 398 154
712 335 751 400 B.
776 333 987 400 CYRILLI
1016 333 1305 400 ALEXANDR.

410 510 432 546 ‘⁶
451 532 537 578 ωται
566 496 638 580 ἀπὸ
665 503 729 599 τῆς
757 499 965 602 ἀμορτίας,”
985 497 1075 580 κατὰ
1104 497 1170 598 τὴν
1193 507 1259 579 τοῦ
1286 497 1432 578 Παύλου
1453 501 1494 602 φο

410 620 482 702 ἀπὸ
515 631 579 701 τοῦ
610 620 721 722 μηδὲν
753 622 929 704 δύνασθαι
966 627 1056 726 δρῦν
1087 622 1158 730 ἔξω
1190 625 1248 702 καὶ
1281 631 1347 703 τοῦ
1378 606 1494 720 πλημμ

410 744 669 849 εὑρισκόμενος.

465 866 576 950 Οἶδεν
594 869 659 969 μὲν
677 870 740 951 οῦν
758 865 851 950 οἶδεν
868 869 891 968 ἡ
910 875 987 950 θεῖα
1006 869 1132 976 γραφὴ
1150 871 1211 950 καὶ
1234 869 1364 972 ἡμέρας
1386 871 1446 968 τῆς
1473 901 1494 946 υ

410 993 530 1098 ἕτερον
548 993 674 1097 λόγον,
690 997 748 1074 καὶ
767 994 877 1074 νύκτα
896 991 934 1073 δέ
952 994 1055 1074 οῦδὲν
1071 995 1181 1095 ἧττον
1198 991 1298 1096 παρὰ
1319 991 1445 1092 ταύτην
1462 992 1494 1070 ἑτ

410 1119 495 1198 ἀλλ’
516 1120 554 1197 έν
576 1124 687 1223 καιρῷ
714 1121 766 1224 τῷ
791 1115 966 1220 πρέποντι
993 1123 1066 1197 τῶν
1094 1116 1283 1218 νοημάτων
1310 1117 1457 1195 ἕκαστον
1478 1149 1494 1194 π

382 1241 548 1348 ςδεχθέν,
573 1245 718 1342 ἀπλανῆ
747 1247 820 1321 τῶν
844 1238 1067 1343 ζητουμένων
1089 1239 1156 1340 τὴν
1181 1242 1331 1344 θεωρίαν
1358 1240 1494 1344 ε’κφαίυε

411 1365 530 1474 δὲἐφ
550 1361 574 1446 ἀ
597 1363 648 1466 μὴ
675 1367 848 1468 προσῆκε,
867 1369 926 1444 καὶ
955 1364 1014 1444 ὅτε
1041 1363 1091 1466 μὴ
1116 1368 1173 1445 δεῖ
1194 1362 1391 1468 περιέλκειν
1413 1395 1494 1464 πειρ

410 1480 536 1586 βιαίως
565 1496 615 1575 εἰς
641 1487 883 1588 πνευματικὴν
913 1487 1099 1591 ἑρμηνείαν
1128 1486 1171 1568 τδ
1204 1493 1391 1588 ἱστορικοῖς
1422 1489 1494 1592 ὠφε

411 1613 512 1694 οὐδέν
535 1611 654 1716 ἕτερόν
679 1609 833 1712 ε’στιν,ἢ
859 1620 1011 1717 συγχεῖν
1035 1613 1163 1696 ἀπλῶς
1187 1608 1229 1692 τῦ
1254 1609 1468 1713 ἀπεριέργως

410 1745 549 1835 τελοῦν,
577 1739 636 1817 καὶ
665 1735 707 1816 τὸ
737 1735 919 1841 χρήσιμον
947 1733 1097 1816 αὐτόθεν
1123 1738 1162 1816 ἐκ
1193 1737 1338 1833 πολλῆς
1369 1731 1494 1838 σφόδρι

412 1860 565 1962 ἀμαθίας
592 1866 827 1941 καταθολοῦν.

382 2126 401 2188 5
448 2185 460 2196 ,
567 2119 672 2187 Ὀταν
699 2117 728 2185 ὦ
753 2119 789 2186 ἐν
816 2121 864 2204 τῷ
891 2120 1011 2204 κόσμῳ,
1038 2116 1112 2206 φῶο
1138 2113 1204 2195 εἶμι
1229 2120 1287 2182 τοῦ
1315 2116 1447 2194 κόσμου.

462 2289 562 2398 'Apa
589 2291 661 2396 γάρ
689 2291 784 2377 ὅλως
813 2293 877 2371 ούκ
904 2288 995 2370 εἶναι’
1023 2325 1112 2372 ποτε
1140 2296 1330 2390 νομιοῦμεν
1358 2289 1387 2368 ἓν
1415 2296 1462 2396 τῷ

380 2413 631 2520 ᾱΧριστδν,ἢ
656 2414 911 2522 ἀναληφθέντα
936 2412 1027 2519 πρὸς
1052 2411 1203 2518 ούρανῦν
1220 2411 1311 2514 μετὰ
1333 2411 1399 2512 τὴν
1417 2413 1457 2491 ἐκ
1481 2447 1494 2491 ι

413 2539 624 2638 ἀναβίωσιν,
635 2540 699 2620 οῦκ
717 2541 878 2640 ἐνδημεῖν
891 2537 943 2617 ἔτι
960 2545 1035 2622 τοῖς
1053 2539 1091 2618 ἐν
1104 2541 1195 2646 τῷδε
1213 2541 1265 2645 τῷ
1283 2537 1353 2644 βίῳ
1371 2569 1494 2615 πιστει

413 2665 527 2744 καίτοι
549 2661 642 2749 Θεὸς
669 2661 840 2768 ύπάρχων
864 2661 1035 2762 ἀληθινὸς
1063 2663 1129 2767 οὐχ
1158 2659 1256 2745 ὅπως
1283 2657 1454 2762 ούρανοῦς
1483 2693 1494 2738 ι

411 2785 570 2867 ἐπέκεινα
596 2795 661 2866 τοῦ
686 2785 933 2889 στερειύματος
960 2783 1081 2886 μόνον,
1108 2783 1207 2865 ἀλλὰ
1236 2787 1295 2864 καὶ
1321 2781 1388 2884 τὴν
1417 2788 1491 2862 καθ

412 2911 620 3011 οἰκουμένην
641 2917 781 3014 πληροῖ
799 2944 838 2990 τε
864 2913 921 2990 καὶ
947 2910 1116 3014 περιέπει·
1148 2912 1206 2988 καὶ
1232 2907 1358 3012 ὥσπερ
1382 2909 1422 2987 ἐν
1449 2911 1494 3013 rt}

412 3031 541 3141 κύσμιρ
558 3031 650 3132 μετὰ
667 3030 805 3137 σαρκὸς
823 3032 1023 3138 ἀνθρώποις
1042 3031 1341 3132 συνδιαιτώμενος
1359 3037 1437 3110 τῶν
1456 3031 1494 3109 ού

413 3159 478 3238 ούκ
507 3157 789 3258 ἀπελιμπάνετο,
819 3157 913 3237 οὕτω
946 3153 1199 3256 διακεισόμεθα
1232 3161 1452 3262 φρονοῦντες
1487 3191 1494 3232 ι

412 3282 467 3362 ὅτι
495 3279 562 3362 κᾶν
589 3285 627 3361 έκ
654 3289 718 3361 τοῦ
745 3279 886 3380 κόσμου
913 3280 1058 3383 γένηται
1087 3277 1145 3359 διά
1174 3277 1242 3379 τὴν
1269 3278 1403 3382 σάρκα,
1436 3312 1494 3378 πα

412 3403 526 3486 πάλιν
543 3402 645 3485 οὐδέν
662 3404 771 3506 ἦττον
788 3411 863 3490 τοῖς
880 3407 918 3484 ἐν
935 3405 1032 3512 αὐτῷ
1051 3405 1108 3484 καὶ
1127 3401 1362 3502 ἐπιστατήσει
1380 3409 1459 3484 τοῖς
1479 3401 1494 3479 ὃ

384 3528 493 3608 οθεία
516 3562 554 3608 τε
578 3531 637 3608 καὶ
661 3528 814 3633 ἀῤῥητος
838 3530 947 3607 αὐτοῦ
972 3525 1084 3634 φύσις
1110 3522 1251 3610 ούδενδς
1275 3527 1494 3625 ἀποδημοῦσ

414 3649 538 3749 ὄντων,
573 3649 596 3752 ἢ
633 3650 951 3752 ἀπολιμπανομένη
988 3649 1093 3748 τινὸς,
1130 3653 1297 3755 πανταχῆ
1334 3647 1374 3728 δὲ
1411 3655 1491 3732 τοῖς

413 3783 596 3879 παροῦσα·
630 3777 690 3855 καὶ
713 3784 909 3878 πληροῦσα
935 3773 1000 3873 μὲν
1022 3772 1103 3854 τόδε
1131 3771 1173 3854 τὸ
1199 3771 1350 3868 σύμπαν
1373 3775 1437 3852 καὶ
1464 3769 1494 3852 τὶ

414 3907 521 3980 τοῦτο
540 3901 738 3998 νοούμενον,
758 3898 962 4003 χωρουμένη
981 3895 1019 3978 δὲ
1037 3897 1106 3978 ὑπὸ
1125 3895 1237 3998 μόνης
1254 3897 1393 3995 ἑαυτῆς.

471 4023 523 4104 Τι’
545 4025 608 4104 οὖν
635 4025 736 4103 ἐστιν
763 4021 784 4101 ὅ
815 4027 932 4129 φησιν
958 4023 997 4101 ἐν
1023 4020 1161 4107 τούτοις
1192 4021 1213 4100 ὃ
1249 4019 1382 4123 Κύριος
1416 4016 1494 4098 ἀκὸζ

452 4268 476 4306 2.
494 4249 710 4307 ἀοιδαὺπδΕᾶ.
816 4269 843 4319 4.
861 4247 931 4306 οἶδεν
942 4249 1017 4321 prius
1030 4249 1062 4305 B.
1076 4249 1125 4306 δδι
1138 4249 1230 4305 Holst.
1242 4247 1295 4304 Ed.
1415 4249 1445 4303 8.
1466 4247 1494 4302 ὅι

415 4321 477 4376 “In
492 4321 566 4378 hunc
582 4322 694 4378 modum
711 4321 810 4393 accipio
826 4321 968 4394 ambiguas
983 4321 1114 4376 litteras.''
1128 4319 1295 4432 Heyzeffln
1305 4319 1341 4390 μὴ
1354 4319 1413 4374 δεῖν
1428 4319 1483 4374 Ηι.

413 4440 476 4510 dm)
489 4441 528 4496 δεῖ
538 4441 690 4498 emendavit
701 4451 733 4497 ut
744 4442 855 4498 adnotat
865 4443 924 4513 ipse
935 4441 1007 4497 Aub.
1117 4459 1159 4497 11.
1177 4441 1294 4496 ἐντευθεν
1307 4440 1340 4495 Β.
1353 4439 1435 4494 unde
1449 4441 1494 4494 αὐτ

413 4509 467 4634 ξφ..
478 4579 531 4634 Ed·
572 4524 615 4584 27.
633 4513 782 4584 χορουμένη
795 4513 823 4568 δέ
836 4512 886 4569 ῦπδ
897 4514 976 4582 μόνης
987 4513 1078 4583 εἀντῆς
1089 4511 1123 4568 Β.
1134 4511 1312 4585 χορηγουμένη
1324 4509 1358 4565 δι’
1371 4511 1494 4582 ὑπομονῇ
