3274 5118
323 289 388 356 614
625 291 663 357 Β.
689 291 898 356 CYRILLI
927 291 1216 358 ALEXANDR.
1433 289 1533 366 xvi4

325 455 472 564 Πατέρα,
502 456 522 535 ὁ
553 455 617 537 τὸν
645 457 691 564 ἐξ
720 459 829 539 αὐτοῦ
857 455 1044 564 πεφηνότα
1073 455 1196 560 Λόγον
1223 461 1289 558 τῆς
1321 453 1537 559 πρεπούσης

323 576 433 686 δόξης
457 579 528 686 ἔξω
552 583 668 678 τιθεῖς,
688 578 780 661 κατά
808 614 850 682 γε
874 579 938 661 τὸν
955 581 1046 661 ἰ’διον
1063 579 1215 663 σκοπόν.
1261 586 1345 665 πῶς
1372 577 1454 682 γάρ
1480 579 1538 657 οόκ

323 703 584 788 ἀνενδοιάστως
614 701 838 809 παραδεκτῖιν
868 703 969 808 παρά
997 738 1040 808 γε
1073 713 1147 790 τοῖς
1179 702 1470 810 νουνεχέοτερον
1499 705 1538 806 τῇ

322 834 395 907 τῶν
422 825 647 931 πραγμάτων
674 828 784 936 φύσει
811 834 1038 932 προσβαλεῖν
1065 828 1281 928 δυναμένοις,
1309 831 1363 911 ὧς
1391 825 1539 926 ἐπείπερ

322 953 423 1033 ἐστὶν
450 952 642 1050 ὀμοσάσιος
671 957 722 1060 τῷ
752 953 883 1055 Πατρῖ,
910 951 1068 1053 λαλήσει
1096 949 1162 1053 μὲν
1187 951 1333 1034 πάντως
1362 949 1414 1030 τά
1448 948 1563 1030 κατὰᾶ

157 1100 219 1156 915
228 1098 268 1154 A.
292 1075 504 1177 αβοόλησιν
534 1084 598 1156 τοῦ
635 1073 792 1180 Πατρός,
822 1078 871 1161 ὡς
907 1073 946 1156 δὲ
983 1073 1152 1155 κοινωνὸν
1183 1079 1248 1176 τῆς
1285 1073 1402 1180 δόξης
1445 1073 1539 1177 ἔχων

322 1199 442 1298 αὐτόν,
477 1200 549 1308 ἕξει
588 1197 632 1300 δὴ
672 1197 816 1283 πάντως
853 1201 912 1280 καὶ
946 1197 1258 1298 συλλιπτοιίμενον,
1295 1199 1354 1304 ἐφ’
1395 1196 1456 1282 οἷς
1496 1195 1540 1276 ἀν

321 1325 501 1406 πταίουσιν
522 1328 572 1408 είς
598 1321 707 1404 αὐτόν
728 1357 833 1407 τινες.
872 1325 1106 1424 ἀπολογεῖται
1133 1322 1251 1403 τοίνυν
1274 1323 1313 1401 ε’ν
1338 1321 1493 1407 τούτοις
1520 1325 1539 1402 ὁ

324 1448 457 1551 Κύριος
480 1449 581 1549 ἡμῶν
597 1449 741 1548 Ἰησοῦς
759 1448 780 1525 ό
798 1446 970 1549 Χριστὸς,
990 1449 1048 1526 καὶ
1065 1449 1256 1552 μονονουχὶ
1275 1451 1351 1526 τῶν
1369 1447 1533 1526 Ἰουδαῖ-

323 1579 396 1652 κῶν
424 1569 667 1672 τολμημάτων
695 1575 894 1673 κατηγορεῖ,
921 1569 1054 1673 πικρὰν
1082 1572 1141 1650 καὶ
1170 1569 1335 1672 ὀλέθριον
1365 1571 1537 1650 ἐντεῦθεν
1549 1597 1578 1638 10

220 1749 224 1756 ·
322 1697 455 1780 ἐπιθεὶς
468 1694 535 1790 τὴν
551 1699 681 1803 ψῆφον
700 1701 773 1779 τοῖς
796 1691 904 1774 αὐτὸν
921 1691 1132 1797 ἀτιμάζουσι
1158 1692 1216 1774 διὰ
1238 1697 1301 1792 τῆς
1326 1698 1376 1777 εἰς
1400 1692 1537 1776 αὐτοὺς

321 1817 404 1903 τοὺς
441 1819 564 1920 ἁγίους
601 1817 831 1903 ἀποστόλους
868 1816 1061 1918 ὠμότητος.
1120 1817 1163 1897 οὐ
1198 1814 1271 1920 γὰρ
1308 1821 1357 1900 είς
1399 1816 1535 1900 αὐτοὺς

321 1943 448 2044 κυρίως
476 1943 497 2022 ὁ
523 1947 587 2042 τῆς
615 1941 863 2042 πλημμελείας
889 1937 1194 2044 περιτραπήσεται
1221 1938 1343 2044 λόγος,
1369 1941 1462 2020 ἀλλ’
1485 1945 1534 2024 είς

321 2065 430 2146 αὐτὸν
457 2064 680 2168 ἀναβήσεται
711 2063 774 2146 τὸν
801 2068 865 2164 τῆς
893 2065 989 2149 θείας
1018 2067 1228 2166 ἀποστολῆς
1257 2066 1378 2149 αὐτοῖς
1410 2067 1528 2145 ε’πιτι·

321 2189 427 2270 θέντα
454 2189 521 2289 τὴν
544 2190 779 2292 λειτουργίαν,
801 2186 962 2292 καθάπερ
990 2187 1114 2286 ἀμέλει
1143 2190 1201 2270 καὶ
1227 2184 1319 2290 πρὸς
1348 2186 1528 2288 Σαμοοήλ
1542 2219 1571 2276 15

152 2319 243 2448 {iffi
286 2329 407 2397 δποτε
436 2313 500 2394 τὸν
522 2313 624 2417 ἅγιον
647 2310 750 2415 ἔλεγε
776 2316 857 2416 περὶ
885 2319 957 2392 τῶν
980 2317 1065 2392 υἱοῖν
1082 2309 1236 2415 Ἰσραήλ
1254 2307 1380 2391 ““On
1410 2313 1456 2392 οὐ
1483 2310 1529 2392 σέ

322 2447 344 2485 “
361 2435 646 2543 ἐξουθενήκασιν,
664 2437 749 2517 ἀλλ’
769 2433 793 2536 ἢ
812 2435 872 2536 ε’μέ
890 2432 1178 2543 ε’ξουθενήκασι.”

376 2565 538 2662 Προῖγμα
573 2567 763 2664 τοιγαροῦν
799 2557 1097 2668 σφαλερώτατον,
1129 2554 1172 2638 τὸ
1208 2556 1259 2657 μή
1295 2565 1370 2644 τοῖς
1409 2561 1526 2662 ἁγίοις

318 2679 454 2765 ε’θέλειν
477 2680 543 2782 τὴν
565 2683 683 2767 αὐτοῖς
708 2680 978 2786 άρμοδιωτάτην
998 2684 1184 2781 ἀπονεῖμαι
1207 2679 1324 2781 τιμήν·
1363 2685 1523 2790 ἀναδρα·

318 2813 432 2905 μεῖται
465 2803 537 2908 γὰρ
569 2809 633 2905 τῆς
665 2809 714 2890 εἰς
746 2803 873 2891 αὐτοὺς
903 2804 1154 2906 πλημμελείας
1185 2806 1206 2886 ὁ
1239 2805 1350 2910 λόγος
1381 2813 1433 2894 εἰς
1462 2807 1526 2890 τὸν
1537 2839 1569 2879 20

319 2929 588 3010 ἀποστείλαντα
615 2929 756 3014 αὐτούς.

287 3205 307 3261 4
356 3183 458 3250 Ἀλλὰ
485 3188 588 3250 ταῦτα
615 3185 784 3249 λελάληκα
812 3178 894 3264 ὑμῖν,
921 3182 975 3250 ἴνα
1001 3186 1081 3253 ὅταν
1103 3183 1185 3276 ἔλθη
1213 3185 1232 3250 ἡ
1259 3185 1333 3274 ὥρα
1361 3183 1486 3265 αὐτῶν,

535 3310 759 3386 μνιιμονεύιιτε
786 3309 905 3391 αὐτῶν,
932 3311 983 3378 ὅτι
1009 3309 1076 3386 &nb
1102 3304 1195 3377 εἷπον
1222 3305 1306 3387 ὑμῖν.

288 3504 306 3548 ο
375 3471 459 3575 Οόχ
476 3469 596 3573 ε’τέρου
613 3507 677 3552 του
695 3469 801 3577 χάριν
818 3475 899 3575 περὶ
917 3471 1053 3553 τοότων
1071 3473 1190 3558 αι’ποῖς
1214 3475 1436 3571 πεποιῆσθαι
1456 3468 1525 3552 τὸν

316 3591 432 3694 λόγον
457 3593 763 3698 διισχυρίζεται,ή
791 3595 849 3675 ἵνα
876 3595 1096 3698 γινιόσκοιεν,
1121 3595 1175 3676 ὅτι
1204 3594 1247 3696 δὴ
1274 3593 1420 3678 πάντως
1447 3603 1525 3680 τοῖς
1537 3620 1567 3682 25

316 3719 361 3797 δι’
380 3715 489 3797 αὐτὸν
507 3715 747 3818 ὁμιλήσαντες
764 3727 977 3823 πειρασμοῖς
995 3723 1058 3819 τῆς
1077 3719 1261 3823 ἁμαρτίας,
1278 3717 1344 3818 τὴν
1361 3721 1527 3798 ε’ντεῦθεν

315 3843 600 3946 ἀποκερδανοῦσι
637 3840 762 3948 δόξαν.
814 3844 856 3923 οὐ
887 3841 959 3947 γάρ
992 3842 1036 3943 δὴ
1067 3845 1271 3947 προείρηκα,
1302 3845 1407 3946 φησὶ,
1439 3842 1527 3928 τοὺς

314 3964 439 4051 τόνους
475 3970 540 4065 τῆς
578 3965 747 4070 ὑμετέρας
792 3967 947 4052 διανοίας
988 3973 1277 4071 προαπονενρῶν,
1314 3967 1401 4046 ἀλλ’
1442 3967 1527 4048 οὐδὲ

313 4089 480 4193 πρόαρον
499 4091 580 4190 ὑμῖν
600 4091 639 4170 ἐκ
664 4097 726 4170 τοῦ
752 4089 945 4171 πείθεσθαί
966 4123 1001 4170 τι
1028 4094 1237 4192 προσδοκᾶν
1259 4089 1456 4192 ἐπινοήσας
1480 4089 1525 4172 τὸ

314 4218 426 4313 δεῖμα,
445 4213 709 4316 προγινώσκειν
734 4211 772 4294 δὲ
800 4219 946 4312 μᾶλλον
974 4212 1103 4312 διδοὺς,
1124 4213 1184 4293 ίνα
1211 4213 1333 4315 διττὴν
1360 4217 1524 4296 ἐντεῦθεν
1534 4235 1567 4295 3Ο

353 4405 394 4460 13.
412 4387 648 4460 περιτραπήσονται
662 4390 697 4446 Ε.
827 4409 868 4463 19.
886 4390 986 4447 ε’θίλειν
999 4391 1031 4446 Ε.
1044 4391 1130 4447 θέλειν
1143 4391 1194 4446 Εδ.
1320 4405 1364 4446 22.
1382 4391 1468 4447 οὖτόν
1479 4411 1521 4448 ας·

312 4468 451 4529 sumptum
464 4479 496 4514 ex
510 4459 541 4514 Ε.
633 4477 675 4527 24.
694 4462 858 4518 πεποιεῖσθαι
872 4463 904 4518 Ε.
996 4461 1039 4517 26.
1059 4463 1137 4518 αότδν
1150 4461 1215 4518 EAE.
1230 4461 1281 4518 Ed.
1295 4479 1351 4534 mg.
1365 4463 1454 4520 αὐτῶν
1466 4463 1519 4520 Ed·

316 4545 358 4600 29.
377 4529 513 4586 πείθεσθαι
527 4529 559 4585 E.
572 4531 712 4586 πείσεσθαι
726 4531 776 4586 Ed.
