3142 5118
336 343 400 404 226
447 365 451 386 ¹
594 395 598 403 ,
639 341 909 406 B.CYRILLI
939 339 1227 404 ALEXANDR.
1431 357 1515 416 ατη.

303 503 380 603 Ιιδὴ
408 503 488 584 τότε
516 503 582 604 τὴν
605 503 673 585 ἀπὸ
699 511 782 613 Θεῷ
810 506 972 586 δουλείαν
995 504 1289 602 ἀποσεισάμενοι,
1311 503 1369 580 καὶ
1395 498 1439 580 τά
1463 504 1517 598 τῆς

336 628 486 732 ἀρχαίας
531 630 740 713 δεσποτείας
786 629 1057 734 διαῤῥηγνάντες
1104 627 1232 728 δεσμά,
1275 626 1363 709 νέοις
1408 621 1517 724 ὥσπερ

335 751 594 858 προσεχώρουν
621 751 749 856 ζυγοῖς,
778 753 905 853 ἀνέδην
933 751 1237 861 ἀναφωνήσαντες
1261 759 1283 798 “
1297 749 1377 829 Οὐκ
1405 748 1517 852 ἔχομεν

336 886 357 923 “
375 877 535 970 βασιλέα
572 882 600 956 εἰ
633 878 683 976 μὴ
718 875 925 980 Καίσαρα.”
971 879 1029 956 καὶ
1066 885 1180 957 ταῦτα
1216 881 1291 959 τοῖς
1326 872 1517 975 ἡγουμένοις

335 1001 450 1103 ὀρθῶς
477 1001 570 1105 έχειν
595 999 718 1097 ἐδόκει,
738 998 902 1103 δρώμενά
929 1036 967 1080 τε
995 1003 1054 1080 καὶ
1082 999 1374 1106 ἀναφωνοόμενα·
1414 997 1517 1079 αὐτοῖς

336 1124 398 1204 οὖν
420 1125 490 1226 ἀρα
508 1123 573 1210 τάς
591 1127 647 1232 ἐφ’
668 1123 787 1206 ἀπασι
810 1132 884 1210 τοῖς
909 1133 1028 1210 κακοῖς
1047 1123 1235 1204 ἀναθετέον
1253 1122 1377 1206 αἰτίας.
1419 1155 1517 1199 κατα·

336 1248 514 1350 κρίνονται
540 1248 577 1328 δὲ
603 1252 661 1328 καὶ
686 1249 788 1347 μάλα
812 1247 955 1334 εἰκότως
980 1253 1028 1333 ὡς
1052 1256 1125 1329 τῶν
1145 1249 1320 1348 ποιμνίων
1341 1241 1517 1347 προδόται,

308 1374 386 1456 οὼς
407 1375 516 1452 δειλοὶ
541 1377 599 1453 καὶ
624 1373 792 1475 ἀνανδροι
818 1375 875 1452 καὶ
901 1369 1100 1477 φιλόμαχοι
1123 1379 1319 1470 παντελῶς,
1337 1373 1396 1450 καὶ
1414 1371 1517 1449 ἀπαυ·

336 1493 512 1595 δήσαντες
550 1497 761 1599 ὁλοκλήρως
800 1494 842 1576 τὸ
881 1496 1132 1600 ι’νιτερασττίζειν
1169 1500 1227 1576 καὶ
1265 1491 1517 1597 ὑπερμάχεσθα

337 1619 456 1700 θέλειν
474 1626 547 1699 τῶν
566 1619 635 1700 ὑπὸ
662 1627 764 1723 χεῖρα
788 1619 973 1718 ποιμνίων.
1016 1620 1074 1698 διά
1095 1627 1201 1700 τοῦτο
1220 1623 1278 1699 καὶ
1294 1617 1388 1702 Θεὸς
1407 1614 1517 1696 αι’ντοιλ

336 1747 541 1824 ἀπαιτιάται
558 1744 677 1846 λέγων
696 1755 718 1791 “
729 1741 818 1824 'Ort
836 1749 869 1824 οἱ
887 1744 1051 1842 ποιμένες
1070 1741 1374 1849 ηὑφρονεθσαντο,
1393 1743 1455 1821 καὶ
1472 1738 1517 1818 τδι

336 1877 358 1914 “
379 1868 514 1971 Κύρων
540 1869 605 1948 οὐκ
632 1866 863 1975 ἐξεζήτησαν·
903 1866 962 1947 διὰ
988 1876 1095 1948 τοῦτο
1123 1868 1187 1946 οὐκ
1219 1865 1345 1967 ἐνόησε
1373 1872 1483 1946 πᾶσα
1512 1898 1517 1940 ι

337 2002 358 2040 “
377 1991 479 2092 νομὴ,
499 1991 557 2072 καὶ
584 1990 952 2096 διεσκορπίσθησαν.”
982 1992 1025 2098 ἐξ
1049 1993 1165 2071 αὐτῶν
1186 1999 1377 2094 τοιγαροῦν
1400 1989 1517 2070 ἀποδέ

335 2119 469 2196 δεικται
496 2122 568 2196 τῶν
593 2115 829 2219 πραγμάτων,
850 2114 905 2194 ὅτι
931 2114 1065 2214 ποιμὴν
1089 2119 1154 2214 μέν
1178 2114 1374 2217 προβάτων
1398 2113 1517 2215 ἀγοθδ

337 2237 448 2324 ὅντως
468 2241 488 2318 ὁ
507 2237 686 2343 Χριστὸς,
707 2245 740 2319 οἱ
758 2237 795 2318 δέ
814 2237 946 2344 φθόροι
963 2237 1151 2340 μᾶλλονῆ
1174 2241 1302 2340 ἀγαθοὶ
1324 2239 1483 2318 ἐπαίνων
1501 2270 1517 2316 τ

336 2371 408 2443 τῶν
427 2365 484 2444 ε’πὶ
501 2363 713 2464 γνησιότητι
729 2359 826 2442 πολὺ
845 2362 890 2461 δὴ
909 2363 993 2441 λίαν
1011 2361 1253 2470 ἐξῳκισμένοι.
1297 2441 1301 2452 ,

657 2633 747 2709 ’fisos
773 2632 838 2711 εἰμι
865 2633 883 2703 ὁ
912 2633 1034 2712 ποιμιὶν
1061 2637 1079 2702 ὁ
1107 2635 1218 2702 καλόο.

391 2809 653 2913 Ἀνεσκίρτησε
680 2806 793 2888 πόλιν
815 2813 864 2892 ὡς
891 2807 957 2908 τὴν
981 2815 1139 2888 νικῶσαν
1161 2806 1283 2910 εὑρὼν,
1303 2809 1362 2888 καὶ
1391 2805 1465 2908 τὴν
1489 2807 1517 2885 έτ

335 2928 378 3012 τὸ
407 2935 536 3036 χρῆναι
567 2930 832 3035 προτάττεσθαι
864 2937 927 3032 τῆς
954 2931 1136 3012 Ἰουδαίων
1165 2935 1278 3036 ἀρχῆς
1310 2935 1517 3029 ἀποκομισι

336 3089 442 3154 μενος
467 3059 612 3162 ψῆφον,
634 3056 676 3135 οὐ
699 3063 777 3140 ταῖς
802 3063 908 3136 τινῶν
925 3055 1143 3160 μαρτυρίαις,
1163 3054 1247 3134 ἀλλ’
1268 3053 1312 3162 ἐξ
1334 3056 1451 3154 αὐτῆς
1479 3055 1517 3153 ἤί

336 3183 400 3279 τῆς
427 3185 500 3258 τῶν
524 3176 749 3282 πραγμάτων
776 3177 1044 3286 συνεξετάσεως
1072 3178 1386 3283 ἀναφωνουμένην.
1433 3177 1517 3258 ὅνπι

337 3301 409 3405 γὰρ
427 3299 563 3404 τρόπον
582 3304 831 3406 ἀντιπαραθεὶς
848 3301 893 3381 τά
919 3309 1027 3382 οἰκεῖα
1053 3309 1126 3384 τοῖς
1150 3300 1210 3380 διά
1235 3307 1307 3380 τῶν
1326 3305 1517 3407 ψευδαπρι

310 3432 464 3531 οφητῶν
483 3425 766 3528 κακονργήμασι,
785 3429 844 3506 καὶ
861 3425 991 3526 ἀμείνω
1010 3424 1146 3509 δεικνὺς
1162 3429 1226 3524 τῆς
1244 3427 1385 3506 ἐκείνων
1405 3431 1517 3532 ψευδ

338 3547 464 3651 λογίας
491 3554 564 3626 τῶν
592 3549 728 3628 οἰκείων
756 3547 1043 3653 κατορθωμάτων
1070 3548 1135 3648 τὴν
1164 3549 1328 3646 ἔκβασιν·
1362 3549 1457 3634 τοὺς
1489 3588 1517 3648 μ

338 3671 409 3774 γὰρ
428 3673 485 3750 ἐπὶ
503 3669 602 3778 μόνερ
626 3679 678 3778 τῷ
703 3672 839 3778 κλέψαι
864 3677 922 3754 καὶ
948 3679 1059 3752 θῦσαι
1084 3677 1143 3753 καὶ
1168 3673 1349 3753 ἀπολέσαι
1367 3676 1517 3774 γενέσθ

338 3797 455 3903 φησὶν
474 3793 695 3893 αὐτομόλους
713 3797 769 3876 έπὶ
789 3796 830 3877 τὸ
850 3798 1063 3902 ψεύδεσθαι,
1082 3799 1140 3877 καὶ
1165 3793 1189 3876 ἀ
1212 3796 1263 3897 μὴ
1289 3799 1386 3896 θέμις
1415 3805 1517 3879 εἶπά

338 3918 463 4000 ἑαυτὸν
486 3917 601 4023 γεμὴν
622 3923 776 4027 ἀφῖχθαι
803 3919 893 4024 πρὸς
922 3920 964 4000 τὸ
992 3919 1042 4021 μὴ
1069 3919 1180 4021 μόνον
1203 3920 1296 4025 έχειν
1315 3921 1424 4024 ζωὴν,
1448 3927 1517 4003 ἀλ

374 4165 400 4219 3.
417 4147 509 4217 ἀνέδην
523 4147 699 4236 Βαηάναίδην
712 4148 764 4204 Ed.
848 4166 888 4205 ιι.
907 4149 1054 4204 ἀπαιτιάτοι
1069 4149 1101 4204 Β.
1114 4149 1235 4238 έπητιάτο
1245 4167 1272 4238 ρ.
1285 4151 1442 4239 ἀπαιτιάτεηι
1462 4153 1517 4208 Ho

339 4217 391 4274 Ed.
463 4220 675 4291 ηὐφρανευσαντο
688 4220 768 4275 edldl.
782 4221 883 4291 (Alex.)
896 4220 1093 4293 ηδφρονέσαντο
1107 4219 1139 4274 Β.
1152 4223 1333 4291 ηφρονεσαντο
1348 4221 1398 4276 Ht.
1413 4227 1517 4294 ηφρον

339 4311 419 4345 σαντο
433 4289 484 4344 Ed.
574 4307 615 4344 12.
635 4291 796 4360 ε’ζίητησονα.
810 4292 896 4361 (vat.)
989 4309 1030 4362 19.
1048 4292 1261 4360 προστάττεσθαι
1276 4291 1308 4346 Β.
1324 4291 1517 4352 Ht.emend2

338 4377 352 4413 ο
365 4359 424 4413 Cat.
440 4359 517 4414 Harl.
529 4370 560 4414 ut
573 4361 626 4415 vid.
640 4361 713 4417 Aub.
726 4373 752 4416 et
764 4363 800 4416 ita
812 4380 836 4416 a.
899 4362 1119 4432 ἀποκομισιὶμενοι
1135 4361 1166 4416 Β.
1182 4361 1230 4416 Ht.
1243 4361 1395 4416 emendavit
1410 4382 1430 4417 e
1448 4366 1517 4421 Cat⁴

338 4429 393 4482 vid.
405 4429 479 4484 Aub.
594 4447 637 4484 νς.
656 4431 835 4502 ἀντιπαραθεὶς
849 4432 907 4486 Bm.
924 4432 972 4488 Ht.
984 4432 1190 4502 ἀντιπαρατιθεὶς
1204 4433 1275 4489 Aub.
1326 4435 1382 4489 τοῖς
1393 4434 1447 4488 διὸ
1464 4455 1517 4492 em

337 4497 411 4552 davit
423 4517 437 4551 α
451 4499 509 4552 Cat.
523 4510 553 4554 ut
566 4501 621 4554 vid.
636 4501 819 4573 Aub.61‹*1r?15
834 4503 865 4558 B.
882 4503 930 4556 Ht.
1073 4519 1117 4569 25.
1135 4502 1266 4557 ἀπολέσαι
1281 4503 1313 4557 B.
1327 4504 1500 4562 ἀπολέσθαι

338 4565 390 4620 Ed.
429 4568 502 4621 Haec
516 4569 615 4624 denunt
628 4572 656 4626 in
669 4589 693 4626 a.
