3200 5092
86 307 194 376 n'ii.26.
237 312 294 376 IN
326 313 363 378 S.
390 315 683 386 JOANNEM.
729 320 823 384 LIB.
839 320 881 387 V.
926 267 1114 385 CAPJIV.
1256 323 1297 384 25

85 473 218 582 ἀτελείᾳ
233 485 297 557 τοῦ
315 479 416 560 κατά
437 481 580 585 σάρκα
600 485 729 588 γένους
747 484 1046 591 ἐξωφρυωμένων,
1062 485 1120 565 διά
1137 518 1176 564 τε
1194 491 1299 563 τοῦτο

85 594 118 674 τό
132 595 231 697 μηδέν
247 598 338 682 εἶναι
362 605 573 707 λεγόντων
594 607 718 705 αὐτόν,
736 608 910 689 ἐδυσώπει
934 606 1068 712 πράως,
1086 611 1145 689 καὶ
1170 610 1208 688 ἐν
1225 615 1299 692 τοῖς

85 720 227 824 ἀνωτέρω
243 727 485 832 γυμνότερον
505 731 628 813 εἰπών
649 743 671 780 “
684 733 804 831 Ὑμεῖς
822 731 913 812 κατά
931 732 998 833 τὴν
1016 733 1136 835 σάρκα
1155 734 1298 836 κρίνετε,
1312 729 1449 856 ᾱὲζξῗε

87 844 177 945 “ι’γῦ
201 849 310 950 κρίνω
339 854 521 937 οῦδένα.”
567 854 613 936 τὸ
643 854 682 936 δέ
710 856 837 959 κρίνειν
862 856 954 936 κατὰ
981 856 1047 958 τὴν
1072 855 1203 960 σάρκα,
1222 891 1298 936 τοι·

64 967 179 1068 ὅυίιην
202 969 248 1050 ἀν
274 975 355 1080 ἔχοι
384 977 464 1079 τὴν
497 979 666 1060 διάνοιαν
691 978 844 1064 εἰκότως
875 986 908 1060 οἱ
936 981 1008 1084 γάρ
1035 981 1129 1080 μόνα
1157 979 1296 1078 θαυμιί·

87 1090 185 1192 (οντες
206 1095 253 1175 τά
277 1101 443 1204 ἐπίγεια,
464 1110 548 1182 τῶν
571 1103 638 1204 μέν
663 1105 834 1207 οὐρανίων
856 1105 1005 1206 ἀγαθῶν
1028 1108 1163 1208 ὁρῶσιν
1181 1105 1297 1202 οὐδὲν,

87 1221 125 1297 εἰς
145 1216 252 1321 μόνην
270 1223 310 1304 δὲ
337 1225 413 1319 τὴν
438 1232 544 1334 τῷδε
570 1233 623 1336 τῷ
649 1228 718 1334 βίῳ
743 1227 981 1331 λαμπρότητα
1005 1227 1215 1325 βλέποντες,
1236 1226 1300 1309 τὸν

87 1349 297 1426 πλουτοῦντα
330 1349 614 1455 θαυμάζουσιν,
646 1349 725 1450 ἤτοι
756 1349 821 1432 τὸν
854 1351 983 1454 ἑτέροις
1014 1356 1090 1432 τισὶ
1122 1353 1302 1460 δοξαρίοις

88 1466 377 1572 ἓτιωμπᾶζοντα·
424 1477 522 1554 ἀλλ’
544 1475 583 1555 οἵ
605 1509 649 1577 γε
677 1473 768 1554 κατά
794 1475 857 1555 τόν
884 1484 948 1555 τοῦ
976 1481 1071 1556 Θεοῦ
1100 1475 1209 1575 νόμον
1236 1475 1302 1560 τάς

53 1593 147 1666 Μῦν
182 1597 425 1696 πραγμάτων
473 1597 747 1701 διευκρινόμενοι
789 1599 928 1706 φύσεις,
966 1606 1038 1679 τῶν
1077 1597 1301 1706 ἀξιεράστων

88 1711 183 1797 ὅπως
211 1723 272 1797 καὶ
306 1721 586 1829 ἆξιοζηλῶτων
614 1723 813 1825 ἀνθρώπων
840 1725 971 1803 ἐκεῖνον
998 1719 1089 1803 εἶναί
1114 1729 1242 1829 φασιν,
1270 1719 1299 1830 ᾧ

88 1833 122 1912 τό
146 1839 356 1930 βούλεσθαι
391 1854 507 1940 βιοῦν
537 1843 723 1950 ἐνιπάρχει
754 1846 845 1926 κατά
877 1846 944 1946 τὴν
972 1855 1036 1938 τοῦ
1066 1845 1330 1946 πεποιηκότοςο

88 1961 214 2060 80va
229 2001 270 2046 τε
290 1973 359 2048 καὶ
379 1967 558 2068 θέλησιν.
599 1969 761 2068 ἀδικήσει
779 1969 851 2072 γὰρ
871 1970 972 2050 οὐδέν
989 1971 1056 2070 τὴν
1073 1980 1137 2051 τοῦ
1156 1970 1294 2074 ἀνθρώ·

89 2118 149 2164 που
168 2090 297 2195 ψυχὴν
316 2097 574 2194 ἀγαθουργεῖν
593 2093 794 2194 εἰθισμένην
812 2095 855 2174 τὸ
880 2094 972 2174 κατά
995 2092 1117 2196 σάρκα
1142 2129 1298 2195 σμικρο·

53 2211 217 2310 ῐᾶτρεπές,
237 2215 444 2322 ὠφελήσει
466 2217 504 2296 δέ
530 2221 589 2297 καὶ
612 2219 651 2297 ἐκ
673 2224 745 2296 τῶν
764 2220 931 2298 ἐναντίων
950 2218 1050 2298 οῦδέν
1068 2217 1150 2302 τοῦς
1176 2216 1302 2320 διαζῆν

88 2333 230 2431 ἐννόμως
257 2339 582 2442 παραιτουμένους
610 2342 632 2440 ἡ
661 2343 698 2421 ἐν
720 2345 810 2449 τῷδε
835 2347 887 2450 τῷ
911 2344 981 2450 βίῳ
1006 2340 1218 2446 λαμπρότης
1243 2347 1301 2423 καὶ

89 2457 124 2535 τὸ
152 2461 191 2540 ἐκ
224 2466 407 2544 πλούτου
440 2465 645 2570 περιφανές.
696 2468 859 2568 κρίνουσι
890 2475 1081 2569 τοιγαροῦν
1113 2465 1204 2546 κατὰ
1236 2466 1302 2566 τὴν

89 2583 211 2684 σάρκα,
230 2587 413 2692 καθάπερ
443 2590 506 2668 οὖν
529 2589 658 2690 ἀρτίως
685 2588 925 2692 ἐλέγομεν,οἱ
952 2588 1002 2689 μὴ
1029 2589 1227 2684 βλέποντες
1254 2597 1302 2675 εἰς

90 2706 270 2809 ἇγιότητα,
307 2711 363 2811 μὴ
396 2715 593 2808 πολιτείαν,
623 2709 673 2812 μὴ
706 2711 860 2815 τρόπους
894 2711 1054 2796 εἰωθότες
1087 2714 1299 2818 δοκιμάζειν,

50 2859 79 2898 20
90 2831 168 2908 ἀλλ’
191 2842 244 2918 είς
274 2835 380 2934 μόνα
408 2835 455 2914 τὰ
482 2837 619 2936 ἐπίγεια
646 2835 709 2916 τὸν
734 2843 861 2916 οἰκεῖον
887 2837 1174 2939 παρατρέποντες
1202 2847 1300 2936 νοῦν,

91 2957 142 3034 καὶ
168 2958 317 3043 παντὸς
347 2959 534 3066 ἀξιοῦντες
561 2959 741 3056 θαύματος
769 2959 834 3040 τὸν
856 2962 894 3040 ἐν
919 2961 1066 3069 πλούτῳ
1096 2965 1153 3040 καὶ
1181 2969 1302 3068 τρυφῇ

91 3083 354 3184 τεθραμμένον.
398 3085 495 3182 ὑμεῖς
521 3084 593 3180 οὖν,
613 3079 642 3162 ὦ
665 3083 1005 3189 παραφρονέστατοι
1032 3091 1104 3164 τῶν
1122 3084 1332 3165 Ἰουδαίωνυ
1361 3101 1469 3160 51³A.

93 3211 308 3306 καθηγηταί,
328 3207 447 3286 καίτοι
475 3207 573 3315 νόμῳ
600 3213 651 3314 τῷ
678 3206 737 3288 διὰ
761 3207 950 3290 Μωυσέως
975 3207 1066 3308 πρὸς
1090 3207 1156 3308 τὴν
1176 3211 1234 3288 ἐπὶ
1259 3209 1302 3302 τὸ

96 3331 242 3435 δικάζειν
261 3333 455 3436 ἀκρίθειαν
472 3331 813 3435 παιδαγωγούμενοι,
833 3329 1090 3434 κατεγνωκότες
1116 3331 1167 3413 ἐπἸ
1188 3334 1302 3412 οὐδενὶ

55 3467 84 3524 ²5
98 3451 151 3530 διὰ
180 3455 301 3556 μόνην
329 3452 401 3554 τὴν
428 3460 493 3556 τῆς
522 3455 657 3558 σαρκὸς
686 3454 867 3535 εὐτέλειαν
894 3455 1119 3556 κατακρίνετε
1153 3453 1215 3534 τόν
1244 3455 1302 3536 διά

97 3587 246 3658 πολλῶν
266 3581 355 3674 ύμῖν
373 3578 593 3686 παραδόξων
611 3577 766 3686 ὀφθέντα
788 3577 893 3659 θεόν.
934 3577 1005 3680 ἐγὼ
1029 3576 1068 3656 δέ
1090 3577 1155 3678 τὴν
1175 3581 1298 3678 ὑμετέ-

98 3735 160 3800 ραν
189 3703 439 3784 ἀπαιδευσίαν
468 3705 510 3781 ού
539 3701 753 3804 μιμήσομαι,
785 3701 864 3782 ούδέ
895 3700 1063 3800 τοιαύτην
1091 3705 1172 3804 περὶ
1203 3704 1301 3800 ὑμῶν

99 3825 225 3930 ἐξοίσω
249 3825 321 3928 τὴν
340 3831 487 3934 ψῆφον·
519 3825 619 3904 οῦδέν
638 3825 703 3924 μέν
721 3825 793 3928 γὰρ
811 3825 906 3909 ὅλως
924 3825 946 3923 ἡ
966 3825 1156 3927 ἀνθρώπου
1173 3825 1297 3932 φύσις.

99 3951 131 4026 τί
145 3949 215 4054 γάρ
233 3951 282 4030 ἀν
301 3949 359 4050 εἴη
378 3949 422 4028 τὸ
441 3951 611 4052 ἐπίκηρον
625 3953 722 4028 τουτὶ
741 3951 798 4028 καὶ
817 3947 890 4030 ἀπὸ
908 3953 975 4048 γῆς
993 3956 1102 4045 σῶμα
1117 3981 1128 4046 ;
1161 3950 1300 4050 σαπρία

60 4079 150 4152 ma}
167 4073 334 4182 σκώληξ
350 4077 411 4153 καὶ
431 4073 551 4174 ἕτερον
570 4074 681 4154 οὐδέν.
722 4074 806 4152 ἀλλ’
827 4075 868 4152 οῦ
892 4071 950 4152 διά
975 4071 1108 4170 ταύτην
1127 4073 1217 4170 ὑμᾶς
1234 4071 1334 4171 τὴνδ

99 4199 208 4278 ιιίτίαν
233 4203 453 4302 κατακρινῦ,
473 4197 552 4277 ούδέ
581 4199 721 4300 ἐπείπερ
749 4198 929 4302 ἅνθρωποι
954 4195 1045 4276 κατὰ
1071 4194 1184 4301 φύσιν
1207 4195 1300 4296 ἐστέ,

133 4424 155 4462 1.
173 4407 393 4498 ι’ξιφρνυμένιιν
405 4408 517 4462 σοπειί.
530 4405 733 4530 έξοῗάρυομινων
746 4406 797 4460 Εδ.
861 4429 888 4460 τε
901 4405 1024 4460 emendat
1039 4405 1136 4476 Heyse.
1150 4427 1189 4460 τοι
1205 4407 1235 4462 Β.
1251 4407 1302 4464 Ed.

103 4493 138 4546 13.
154 4481 255 4550 βσνλην
270 4479 304 4536 Β.
316 4478 452 4548 βούλησίν
466 4477 552 4532 Ηολεῑ
674 4481 724 4548 γδρ
740 4477 813 4531 Β.δέ
828 4476 940 4542 Ηι.Εᾱ,.
1047 4476 1088 4531 16.
1108 4477 1217 4546 ἐννόμως
1231 4479 1263 4534 Β.
1276 4485 1303 4534 ἐν

102 4553 160 4622 Νἰιφ
174 4551 221 4606 Bt.
235 4551 289 4609 Ed.
369 4551 413 4606 26.
431 4551 505 4620 ὑμῶν
518 4547 552 4602 Β.
566 4548 624 4615 ὑμῖν
636 4547 785 4602 emendavit
800 4547 848 4600 Ht.
921 4549 963 4600 28.
982 4545 1011 4616 ἦ]
1029 4555 1056 4611 †
1072 4552 1117 4601 τοῦ
1133 4549 1180 4601 Ht.
1197 4548 1247 4603 Ed.

137 4651 201 4699 tol.
219 4655 259 4700 11.
705 4649 725 4690 Ε
