3142 5118
388 341 452 402 202
692 339 731 404 B.
754 339 962 404 CYRILLI
992 339 1280 404 ALEXANDR.
1427 401 1432 409 ,
1468 335 1498 399 ix

388 501 620 611 προσεκύνησεν
648 507 696 588 ὡς
724 502 829 602 Θεὸν,
858 511 887 585 εῖ
917 503 969 605 μὴ
997 503 1093 586 Θεὸν
1120 501 1208 585 εἶναι
1237 503 1478 598 πεπίστευκεν,

386 634 452 707 τοῦ
473 625 663 730 γεγονότος
687 633 736 713 εῖς
760 626 870 709 αὐτὸν
887 632 947 709 καὶ
970 625 1187 733 παραδόξως
1212 626 1463 726 τετελεσμένον
1489 641 1498 702 ί

386 785 499 850 ματος
530 754 588 833 ἐπὶ
620 751 662 833 τὸ
695 758 840 860 φρονεῖν
868 755 961 833 οὕτω
993 751 1347 856 παιδαγωγούμενος.
1397 749 1498 830 ἐπειδι

387 875 478 974 ὅλην
505 875 572 976 τὴν
598 875 652 957 ἐπ’
682 879 779 984 αύτῷ
806 877 1053 982 πραγματείαν
1080 883 1129 962 εῖς
1158 875 1200 956 τὸ
1233 882 1306 956 τῶν
1331 877 1440 954 ἐθνῶν
1467 906 1498 970 με

358 998 548 1102 ογύγομεν
574 999 784 1104 πρόσωπον,
813 1003 899 1107 φέρε
929 997 973 1099 δὴ
1002 1004 1082 1104 περὶ
1111 999 1239 1081 τούτου
1266 999 1426 1100 λέγωμεν
1451 995 1498 1076 πθ

385 1125 502 1219 βλέιιε
531 1125 602 1228 γάρ
634 1160 696 1224 μοι
725 1133 936 1229 πληροῦντα
965 1126 1023 1205 διὸ
1052 1130 1117 1226 τῆς
1144 1120 1426 1228 προσκηνήσεως
1450 1123 1498 1217 τῆ

384 1246 558 1348 πνεύματι
584 1250 750 1352 λατρείας
774 1248 839 1329 τὸν
855 1250 982 1345 τύπον,
1003 1255 1052 1334 εἷς
1075 1247 1118 1330 ὸν
1135 1243 1402 1354 ἐχειραγωγήθη
1424 1242 1470 1323 τὸ
1495 1287 1498 1314 ι

385 1369 443 1451 διὸ
469 1376 532 1470 τῆς
555 1374 722 1458 πίστεως.
759 1375 972 1467 βουθυσίαις
999 1373 1070 1477 γὰρ
1098 1375 1157 1454 καὶ
1183 1377 1397 1464 λιβανωτοῖς
1423 1371 1481 1448 καὶ

384 1503 457 1575 τῶν
492 1496 621 1601 ἐτέρων
658 1496 756 1604 ζῴων
791 1506 1062 1602 προσαγωγαῖς,
1093 1497 1298 1600 θεραπεύειν
1334 1491 1379 1594 ἦν
1413 1493 1493 1577 ἔθος

383 1619 537 1722 Ἰσραήλ
560 1618 626 1701 τὸν
647 1621 816 1702 ἁπάντων
839 1622 974 1725 Κύριον
995 1624 1071 1702 κατ’
1091 1623 1271 1723 ἐπίταγμα
1297 1617 1451 1719 νομικόν·
1486 1652 1498 1696 ι

383 1743 427 1850 ἐξ
449 1746 561 1823 ἐθνῶν
579 1743 864 1840 πεπιστευκότες,
882 1747 925 1825 ού
949 1745 1083 1846 ταύτην
1107 1745 1213 1825 ’ίσασι
1239 1749 1301 1842 τῆς
1326 1743 1491 1844 λατρείας

214 1881 328 1938 033A.
355 1867 479 1963 ιὸδὸν,
498 1866 694 1968 ἐτράποντο
722 1869 760 1950 δέ
787 1867 854 1968 τὴν
877 1869 1011 1973 ἑτέραν,
1035 1870 1211 1966 τουτέστι,
1233 1867 1299 1967 τήν
1323 1900 1498 1962 πνευματι

384 1989 428 2092 ἣν
455 1989 499 2092 δή
532 1995 591 2072 καὶ
622 1992 786 2092 μάλιστα
819 1993 933 2098 φίλην
965 1994 1062 2100 αύτῷ
1096 1995 1154 2072 καὶ
1188 1990 1311 2091 ήδίονιί
1346 1997 1462 2097 φησιν
1494 2033 1498 2062 ι

214 2109 322 2238 2¹⁰¹·
384 2114 487 2200 Θεός.
537 2117 580 2195 ού
607 2115 679 2220 γὸρ
707 2127 727 2166 “
742 2116 907 2222 φάγομαι
938 2115 1022 2220 κρέα
1051 2116 1203 2220 ταύρων,
1231 2119 1357 2222 φησὶν,
1385 2115 1470 2192 ἀλλ’

383 2248 406 2286 “
424 2237 511 2336 αἷμα
543 2237 688 2342 τριίγων
714 2240 874 2340 πίομαι.”
918 2239 1013 2322 θύειν
1047 2239 1086 2321 δέ
1116 2245 1263 2339 μᾶλλον
1292 2239 1376 2339 ἡμῖν
1404 2239 1498 2318 ἐπιτι

213 2364 253 2414 ¹¹³·
266 2379 303 2429 ¹⁴·
383 2374 404 2410 “
424 2363 554 2442 θυσίαν
578 2362 776 2461 αῖνέσεως,”
796 2363 973 2461 τουτέστι,
997 2359 1064 2462 τήν
1088 2363 1163 2459 μετ’
1192 2365 1286 2470 ᾠδῆς
1312 2359 1498 2466 προσκύνη

381 2492 429 2570 εἷς
451 2483 495 2584 ήν
514 2486 569 2566 ὅτι
590 2485 735 2571 πάντως
759 2487 983 2588 ἀναβήσεται
1007 2487 1053 2567 τὸ
1080 2487 1164 2586 έθνη
1192 2486 1251 2566 διὸ
1274 2490 1338 2586 τῆς
1362 2488 1498 2566 πίστεω

380 2610 495 2717 Ἃγίῳ
517 2609 701 2708 Πνεύματι
729 2611 915 2715 θεωρήσας
940 2614 960 2690 ὁ
985 2609 1147 2718 μελῳδὸς
1173 2613 1221 2694 ὡς
1246 2608 1338 2714 πρὸς
1360 2607 1425 2689 τὸν
1446 2615 1497 2688 Κι

212 2723 317 2850 ΞΜ·
380 2731 482 2830 ἡμῶν
509 2736 567 2814 καῖ
596 2733 749 2840 Σωτῆρα
776 2741 892 2840 φησιν
910 2747 932 2784 “
949 2741 1063 2816 Πᾶσα
1089 2735 1113 2834 ἦ
1140 2738 1188 2836 γῆ
1216 2733 1496 2838 προσκυνησάτο

346 2867 402 2933 b“
420 2891 481 2936 σοι
498 2861 555 2937 καὶ
574 2857 808 2965 φαλύτωσιῖν
826 2891 898 2957 σοι,
917 2857 1151 2966 ψαλάτωσαν
1170 2856 1214 2958 δή
1232 2864 1284 2965 τῷ
1302 2855 1455 2956 ὀνόματί
1473 2891 1495 2935 α

380 2980 480 3060 ἀλλὰ
512 2985 570 3062 καὶ
604 2981 709 3066 αὐτὸς
742 2984 762 3062 ὁ
797 2982 930 3084 Κύριος
963 2983 1063 3082 ἡμῶν
1090 2981 1234 3083 Ἰησοῦς
1266 2985 1286 3062 ὁ
1317 2980 1483 3084 Χριστὸς

380 3109 525 3204 νομικῆς
543 3106 710 3209 λατρείας
728 3106 766 3185 ἐν
784 3107 967 3202 ἀμείνοσιν
986 3107 1103 3186 οὖσαν
1120 3104 1313 3190 ἐπιδεικνύς
1334 3104 1401 3206 τήν
1419 3139 1493 3184 πνει

378 3227 488 3327 τικήν,
512 3226 603 3332 πρὸς
626 3227 693 3328 τὴν
717 3231 756 3308 ἐκ
779 3233 844 3330 τῆς
868 3231 1069 3332 Σαμαρείας
1093 3227 1246 3333 γυναῖκά
1272 3235 1367 3336 φησι
1387 3240 1409 3276 “
1425 3227 1492 3308 Πίι

379 3363 400 3397 “
418 3386 491 3450 μοι,
519 3352 634 3454 γύναι,
663 3351 718 3432 δτι
745 3351 885 3457 ἔρχεται
913 3349 990 3456 ὥρα
1018 3352 1077 3432 ὅτε
1106 3355 1185 3434 οὔτε
1217 3356 1256 3434 ἐν
1283 3357 1334 3458 τῷ
1361 3350 1437 3454 ὄρει
1465 3386 1492 3431 τι

379 3484 400 3520 “
418 3476 498 3554 οὔτε
535 3477 573 3555 ἐν
601 3476 870 3579 Ἰεροσολύμοις
907 3476 1180 3577 προσκυνήσετε
1217 3479 1270 3585 τῷ
1303 3476 1438 3580 Πατρί.

378 3605 399 3643 “
418 3597 556 3702 ἔρχεται
584 3597 660 3701 ὥρα
687 3603 744 3680 καὶ
771 3609 834 3680 νῦν
857 3603 968 3698 ἐστιν,
991 3599 1050 3681 ὅτε
1077 3604 1111 3679 οῖ
1139 3603 1302 3701 ἀληθινοὶ
1330 3633 1490 3703 προσκυι

377 3729 399 3765 “
417 3723 717 3822 προσκυνήσουσι
743 3729 794 3832 τῷ
821 3727 940 3826 Πατρὶ
967 3727 1005 3802 ἐν
1029 3722 1207 3824 πνεύματι
1233 3727 1292 3804 καὶ
1320 3724 1489 3831 ἀληθείᾳ·

377 3855 397 3891 “
417 3842 489 3949 γὰρ
512 3848 531 3924 ὁ
551 3845 681 3950 Πατὴρ
705 3845 886 3932 τοιούτους
910 3847 1008 3951 ζητεῖ
1029 3846 1112 3933 τοὺς
1135 3856 1434 3955 προσκυνοῦντας
1459 3883 1488 3927 αι

346 3979 398 4044 ο“
416 3977 556 4068 πνεῦμα
579 3972 599 4050 ὸ
622 3969 726 4067 Θεὸς,
755 3975 813 4050 καὶ
841 3969 923 4055 τοὸς
950 3981 1243 4075 προσκυνοῦντας
1271 3972 1380 4052 αὐτὸν
1404 3975 1444 4052 ἐν
1473 4007 1487 4052 τ

375 4103 396 4139 “
414 4127 501 4192 ματι
520 4095 579 4173 καὶ
596 4095 747 4201 ἀληθείᾳ
766 4098 822 4174 δεῖ
835 4098 1085 4199 προσκυνεῖν.”
1116 4093 1392 4200 διαλογιζθμεθα
1419 4094 1459 4175 δέ

412 4319 434 4358 ῐ.
454 4305 521 4359 θεὸν
532 4306 607 4376 prius
621 4305 679 4360 Βα.
692 4308 749 4380 θεῷ
762 4305 815 4360 Ed.
900 4305 926 4361 8.
945 4307 992 4374 μέν
1003 4307 1054 4433 ρδρ
1067 4325 1091 4362 a.
1178 4324 1220 4378 13.
1239 4308 1322 4378 φίλην
1335 4305 1436 4379 [φυλήν
1451 4307 1485 4362 Β.

374 4373 433 4428 B.a.
445 4377 534 4444 φιλεῖν
546 4377 623 4430 αύτδν
636 4377 727 4432 Holst.
741 4375 792 4430 Ed.
853 4373 935 4432 ῖδιονῖι
949 4379 959 4450 (
967 4403 990 4422 =

372 4443 460 4510 ἡδίονα
472 4445 577 4499 emend.
592 4456 621 4500 ut
633 4447 743 4501 adnotat
755 4448 813 4516 ipse
826 4447 897 4503 Aub.
911 4459 937 4502 et
949 4451 987 4504 ita
998 4467 1022 4504 α.
1092 4467 1132 4514 ¹4·
1145 4451 1392 4520 φάγημα-πίομαι
1408 4449 1442 4504 Β.
1456 4453 1484 4521 φ

371 4515 504 4581 -πίωμαι
516 4533 541 4570 ιι.
555 4515 606 4571 Ed.
704 4533 744 4588 ιγ.
763 4517 800 4573 εἰς
812 4517 885 4572 deest
897 4519 924 4572 in
940 4519 973 4574 B.
986 4519 1132 4589 assumpsit
1144 4537 1159 4574 ο
1172 4519 1232 4575 Cat.
1244 4529 1275 4574 ut
1287 4519 1342 4576 vid.
1355 4521 1433 4575 Aub.

373 4583 460 4652 σεται]
476 4591 504 4647 ÷
519 4587 588 4654 φησι
601 4594 627 4652 (e
641 4585 728 4656 Bmg.
743 4587 795 4642 huc
808 4589 876 4642 male
888 4589 1002 4644 afferens
1017 4591 1078 4660 Ht.)
1090 4590 1141 4644 Ed.
1215 4607 1257 4662 ²³·
1276 4591 1426 4647 πίστευσον
1435 4592 1483 4646 λιι

1014 4380 1086 4434 διονα
1098 4377 1132 4433 ad
1144 4376 1211 4433 ῖδιον
1222 4379 1386 4446 correctum)
1404 4379 1438 4432 B.
1451 4377 1485 4432 ῖδι
