3184 5104
401 324 465 386 104
698 323 736 388 Β.
761 323 971 388 CYRILLI
1000 324 1292 388 ALEXANDR.
1466 347 1486 388 v¹

399 489 503 589 φησὶ,
523 497 545 534 “
562 495 673 568 λαλεῖ
694 485 737 568 τὸ
762 491 908 596 ψεῦδος,
926 491 965 568 ἐκ
983 495 1057 568 τῶν
1075 489 1173 568 ίδίων
1189 495 1308 568 λαλεῖ·
1339 489 1483 594 ψεύστη

398 621 420 656 “
438 613 518 690 ἐστι
547 609 664 696 καθὼς
694 615 752 692 καὶ
780 614 800 692 ὁ
828 610 950 716 πατὴρ
977 613 1121 692 αύτού·”
1153 621 1186 692 τί
1212 619 1287 697 τοῖς
1315 611 1486 715 εἰρημένοι

397 733 543 840 ἀδελφὰ
569 735 797 840 λογιζόμενοί
820 771 858 816 τε
888 739 946 816 καὶ
973 736 1202 838 πράττοντες,
1226 739 1333 835 κάμοὶ
1361 736 1486 837 λέγοντ

396 857 552 953 ἀλήθειαν
581 864 615 939 ού
644 859 825 956 πιστεύετε,
853 858 908 939 ὅτι
935 859 1035 962 παρά
1063 857 1234 960 ἀλήθειαν
1257 858 1317 939 διά
1343 868 1486 939 τοῦτο)

396 982 540 1083 ἐπείπερ
558 985 628 1080 εἰμὶ
647 986 706 1062 καὶ
724 985 835 1066 οὕτως
854 981 994 1083 ἀληθὴς
1013 981 1175 1084 καθάπερ
1197 985 1256 1063 καὶ
1281 985 1301 1063 ὃ
1322 981 1475 1084 Πατήρ;

397 1105 434 1186 δέ
454 1103 568 1206 δήπου
588 1105 783 1212 διελέγχειν
802 1105 911 1186 αὐτὸν
931 1108 1122 1190 Ἰουδαίους
1144 1109 1385 1191 ἀσθενοῦντας
1410 1104 1469 1185 διά

397 1229 489 1332 πρὸς
506 1230 548 1310 τὸ
566 1229 616 1331 μὴ
635 1228 813 1310 δύνασθαι
831 1228 913 1313 τούς
930 1229 975 1336 ἐξ
994 1231 1163 1330 ἀληθείας
1185 1231 1422 1334 χωρήσαντας
1448 1237 1486 1309 λί

398 1353 542 1458 ἐπείπερ
561 1357 625 1435 ούκ
642 1358 712 1434 είσὶ
738 1358 801 1453 τῆς
828 1355 999 1454 ἀληθείας
1024 1359 1102 1434 υἱοί.
1145 1355 1397 1460 ἐπιψεύδονται
1422 1350 1458 1432 δέ
1481 1413 1486 1452 ,

1173 1475 1223 1526 κ’

229 1495 296 1550 666
307 1493 347 1548 A·
370 1481 534 1563 νέαυτοῖς
551 1478 689 1581 πατέρα
707 1477 770 1558 τὸν
781 1475 878 1558 Θεὸν
896 1477 984 1557 ὅταν
997 1477 1157 1579 λέγωσιν
1225 1483 1302 1557 Ενα
1318 1477 1454 1580 πατέρα
1472 1481 1486 1555 ἐ

229 1570 312 1634 Supra
399 1601 474 1651 ιε,
582 1599 881 1630 ,,,,,,
995 1600 1006 1625 s
1153 1601 1246 1632 ,α
1366 1598 1486 1648 *Q

227 1649 332 1696 vesu.
438 1638 502 1683 τον
526 1609 631 1684 Θεον.
697 1638 716 1681 ο
744 1637 809 1701 μεν
836 1636 909 1705 γαρ
938 1606 1042 1698 Θεος,
1071 1611 1197 1707 φησιν,
1227 1611 1322 1685 ολως
1355 1637 1404 1680 ων
1431 1613 1486 1680 αλ

132 1823 137 1830 ¹
228 1727 316 1854 2⁰12
396 1728 512 1831 χαίρει
551 1733 596 1832 τῇ
635 1727 796 1833 ἀληθείᾳ,
826 1735 849 1774 “
868 1728 925 1804 καὶ
952 1722 1035 1808 τούς
1074 1733 1367 1827 προσκυνοῦντας
1406 1725 1486 1805 αύτὲ

397 1861 418 1898 “
438 1851 589 1958 ἀληθείη
617 1853 677 1930 καὶ
705 1849 902 1949 πνεύματι”
929 1850 1100 1944 βούλεται
1127 1856 1354 1950 προσκυνεῖν.
1394 1847 1440 1927 τά
1468 1853 1486 1928 δ

396 1975 566 2074 ἀληθείας
596 1977 702 2055 τέκνα
731 1977 868 2078 δέχεται
901 1973 1095 2074 προθύμως
1127 1970 1169 2052 τὸ
1203 1971 1386 2074 συγγενὲς,
1416 2007 1486 2051 του

395 2097 462 2198 τὴν
484 2096 669 2200 ἀλήθειαν.
709 2101 802 2202 ὑμεῖς
826 2097 864 2177 δέ
886 2095 944 2176 διὰ
968 2105 1074 2176 τοῦτο
1101 2097 1248 2198 λέγοντί
1269 2131 1330 2194 μοι
1354 2095 1420 2196 τὴν
1444 2103 1486 2174 ἀλ

398 2228 432 2302 οὐ
450 2220 635 2314 πιστεύετε,
655 2220 798 2323 ἐπείπερ
817 2222 881 2300 ούκ
899 2218 982 2300 ἐστὲ
1001 2223 1065 2318 τῆς
1084 2220 1252 2320 ἀληθείας
1270 2222 1348 2302 υίοί.
1386 2229 1486 2300 τοιού

396 2379 457 2445 μοι
476 2349 574 2425 δοκεῖ
588 2344 706 2447 λέγειν
723 2343 815 2449 πρὸς
833 2346 1025 2428 Ἰουδαίους
1044 2346 1064 2424 ὁ
1086 2343 1229 2448 Κύριος,
1247 2341 1371 2424 ὁποῖόν
1388 2377 1457 2447 περ
1483 2387 1486 2418 ι

397 2472 456 2548 καὶ
479 2471 534 2576 ἐφ’
555 2469 675 2573 ἐτέρου
699 2469 933 2574 σχηματίσας
958 2469 1094 2549 κατίδοι
1119 2475 1249 2554 καλῶς.
1288 2469 1424 2569 λεγέτω
1449 2502 1486 2568 γι

366 2592 510 2697 υτυχὸν
529 2600 601 2673 τῶν
619 2601 823 2699 σωφρονεῖν
847 2591 1022 2672 εἰωθότων
1045 2590 1137 2696 πρὸς
1160 2593 1368 2672 ἀκόλαστον
1393 2591 1469 2672 υίὸν

400 2715 580 2817 οἰκέτηνῆ
608 2719 751 2819 γείτονα
775 2723 820 2796 El
848 2723 1053 2822 σωφρονεῖν
1075 2750 1136 2796 σοι
1164 2719 1258 2796 δοκῶ
1287 2717 1485 2818 πορνείαντ

399 2839 578 2938 τούμενος,
597 2844 656 2920 καὶ
683 2839 748 2941 τὴν
775 2843 934 2920 ἐντεῦθεν
958 2839 1145 2946 ὑπόληψιν
1167 2844 1231 2940 τῆς
1255 2843 1410 2940 ἐμαυτοῦ
1438 2873 1484 2920 κει

399 2968 447 3048 ὡς
486 2963 705 3070 πορῤωταίτω
743 2967 859 3062 τιθεῖς,
891 2961 950 3043 διά
986 2965 1024 3043 τί
1058 2967 1210 3047 ἀπειθεῖς
1248 2966 1306 3044 καὶ
1342 2965 1385 3043 ού
1421 2997 1484 3044 πισ

398 3086 541 3190 λέγοντι
570 3095 714 3196 φαῦλον
739 3089 794 3168 ὅτι
822 3091 880 3168 καὶ
907 3085 1073 3189 μυσαρὸν
1090 3087 1132 3168 τὸ
1158 3085 1310 3191 πριῖγμά
1334 3091 1440 3185 ἐστι;
1473 3123 1483 3167 ι

398 3213 513 3313 δήπου
552 3211 696 3297 πάντως
737 3218 782 3318 τῇ
822 3211 948 3292 πεύσει
991 3209 1057 3311 τὴν
1093 3213 1296 3314 ἀπολογίαν
1333 3211 1483 3314 ἀντεπάη

397 3335 512 3438 ζητῶν
548 3334 594 3416 τά
630 3344 777 3416 τοιαῦτα
814 3333 964 3440 φήσειεν
1001 3332 1057 3433 ἀν,
1094 3337 1179 3414 ἀλλ’
1218 3334 1263 3441 ἐξ
1297 3332 1347 3414 ὧν
1384 3339 1483 3415 ἀπειί

398 3457 544 3538 δεικνύει
571 3466 703 3564 σαφῶς
729 3457 941 3566 ἐξελέγχων,
967 3457 1021 3540 ὅτι
1048 3459 1184 3563 χαίρων
1212 3466 1289 3544 ταῖς
1316 3460 1482 3539 ἀκολασίι

397 3589 510 3687 χωρεῖ
524 3579 587 3662 τὸν
606 3581 878 3687 σωφρονίζοντα
897 3581 1020 3684 λόγον.

369 3740 387 3782 ο
455 3706 583 3789 Ούτως
600 3706 664 3784 οὖν
682 3705 753 3808 ἀρα
772 3708 830 3784 καὶ
849 3708 906 3786 ἐπὶ
924 3712 996 3785 τῶν
1008 3705 1193 3786 Ἰουδαίων
1210 3704 1398 3806 νοῆσομεν,
1414 3705 1481 3785 ὅτα

437 3887 460 3927 1.
477 3872 556 3924 λαλεῖ
567 3870 641 3941 priu
656 3871 689 3925 B.
701 3873 770 3939 λαλῇ
786 3871 877 3925 Holst.
891 3869 943 3924 Ed.
1045 3887 1071 3925 2.
1090 3869 1116 3924 τί
1129 3869 1207 3924 Β.τά
1221 3869 1269 3924 Ht.
1283 3869 1335 3926 Ed·
1432 3889 1481 3936 4.ι

396 3939 519 4011 ἀλήθειαν
528 3941 633 3996 restitui
645 3959 678 3996 ex
689 3941 731 4006 B„
742 3959 827 4024 quum
839 3940 1002 4010 surrepsisse
1014 3958 1070 3994 non
1079 3940 1205 3994 videntur
1216 3959 1247 3994 ex
1261 3940 1362 3996 scribae
1374 3941 1425 3994 ἅνω
1438 3963 1466 3995 τε
1478 3975 1480 3994 ι

396 4021 501 4067 errante
518 4013 612 4067 oculo:
638 4011 686 4066 sed
705 4013 794 4068 omrsit
812 4021 843 4065 ut
860 4010 925 4076 vid„
944 4017 1054 4081 propter
1071 4011 1256 4066 difficultatem
1277 4011 1325 4066 Ht.
1361 4011 1480 4084 Verbaq

396 4082 488 4137 deesse
501 4083 634 4147 videntur,
648 4101 671 4138 e.
680 4102 707 4152 g.
723 4083 835 4148 οἰόμενοι
853 4081 893 4136 ὅτι
909 4081 979 4152 παρὰ
997 4103 1020 4136 κ.
1028 4105 1053 4136 τ.
1061 4085 1089 4136 λ.
1126 4081 1315 4136 Delendumne
1333 4083 1374 4136 διδ
1393 4085 1470 4136 τοῦτο

395 4152 466 4208 infra
478 4153 546 4208 forte
559 4154 603 4210 hie
615 4172 631 4208 a
645 4153 732 4208 scriba
743 4152 884 4208 additum?
998 4167 1023 4222 η.
1042 4155 1138 4222 λόγους
1150 4159 1322 4223 assumptum
1334 4171 1365 4206 ex
1381 4152 1414 4207 B.
1428 4175 1480 4208 σου

396 4222 488 4278 deesse
503 4225 592 4295 Heyse
605 4225 703 4280 visum.
805 4241 831 4293 9.
850 4223 894 4277 ἕνα
908 4221 939 4276 Β.
953 4219 995 4276 ἵνα
1009 4223 1142 4277 Holstenii
1155 4223 1340 4294 apographum
1353 4241 1408 4277 non
1421 4225 1479 4292 lege

394 4294 589 4418 ίδθὲἴιξθυ
609 4295 705 4419 ³²⁸³?
717 4293 1144 4419 '³1⁹⁶⁰‘⁶·22⁸r⁰¹¹¹¹'²1²¹¹:⁸:rs?a
1156 4381 1188 4418 ι,
1204 4365 1226 4418 ο
1242 4311 1292 4418 ¹1²⁴}
1300 4294 1479 4418 wer*

395 4433 485 4487 iliente
498 4405 598 4490 utvid:
610 4385 834 4490 Aubergscribz
900 4404 906 4418 ι
943 4386 1002 4502 μί4.
1021 4383 1177 4490 ἀπειθάλῖντο
1189 4385 1479 4489 ΒέΗῑέίίπείιθεῖταιἰλ1

394 4501 505 4582 adpotus
516 4505 701 4574 apographum
714 4525 794 4561 suum
807 4505 972 4560 ἀπωθοῦνται
984 4507 1080 4577 legere.
1244 4519 1287 4576 25.
1305 4505 1459 4562 ἀκολασίαις
1471 4523 1478 4560 ι

396 4572 499 4642 Mrgns.
511 4573 668 4630 ἀπολασίοις
680 4576 753 4630 Aub.
