3248 5112
307 321 371 384 452
612 319 651 385 B.
674 317 881 382 CYRILLI
911 318 1198 383 ALEXANDR.
1377 317 1443 382 xiv.
1458 335 1510 381 11.

141 601 257 653 ΗΜ
310 609 395 708 ἡμῖν
412 603 618 690 ἐπιστέλλει
638 616 701 689 τοῦ
720 612 889 712 Σωτῆρος
913 609 933 688 ὃ
957 607 1143 710 μαθηΐῆῖὶ
1173 619 1195 658 “
1207 609 1329 707 Ὑμεῖς
1347 606 1396 705 δὲ’
1416 609 1508 708 ἀγα·

311 743 332 778 “
350 733 470 832 πητοὶ,
491 730 676 833 μνήσθητε
695 738 769 812 τιῦν
786 730 956 837 ῥημάτων
973 739 1046 813 τιῦν
1063 732 1328 836 προειρημένων
1347 727 1416 812 {arb
1438 735 1513 810 τῶν

311 865 333 902 “
350 855 570 936 ἀποστόλων
587 864 651 936 τοῦ
676 857 812 959 Κυρίου
836 857 938 955 ἡμῶν
954 856 1079 957 Ἰησοῦ
1105 861 1281 960 Χριστοῦ,
1301 855 1356 936 ὅτι
1383 851 1513 956 ἐ’λεγον

310 989 332 1028 “
351 980 433 1078 ύμῖν
463 978 517 1059 ὅτι
547 981 601 1060 ἀπ’
630 979 789 1086 ἐσχάτου
821 988 886 1060 τοῦ
917 981 1049 1086 χρόνου
1082 979 1293 1060 ἐλεύσονται
1322 979 1549 1078 ε’μπαῖκται5

310 1112 333 1154 “
351 1099 443 1184 κατὰ
474 1101 538 1188 τὰς
570 1106 705 1184 ἑαυτῶν
733 1103 920 1202 ἐπιθυμίας
952 1103 1184 1208 πορευόμενοι
1215 1110 1289 1183 τιῦν
1319 1105 1511 1198 ἀσεβειῶν.

275 1227 333 1292 (Ῑ“
351 1227 452 1306 οὗτοί
467 1232 559 1306 είσιν
572 1231 605 1306 οἱ
623 1225 915 1330 ἀποδιορίζοντες,
930 1231 1090 1334 ψυχικοῦ,
1105 1234 1253 1326 Πνεῦμα
1270 1225 1321 1326 μὴ
1338 1224 1511 1332 έχοντες.”

310 1351 423 1434 οὐδεὶς
440 1349 506 1449 μὲν
523 1348 595 1454 γὰρ
613 1349 656 1430 τὸ
678 1350 851 1453 παράπαν
870 1352 987 1460 Ἀγίιρ
1007 1351 1192 1450 Πνεύματι
1217 1357 1355 1450 λαλιῦν,
1374 1357 1518 1454 κατερεῖ

310 1508 345 1552 τι
371 1478 436 1573 τῆς
463 1473 573 1582 δόξης
600 1482 664 1554 τοῦ
693 1480 938 1577 Μονογενοῦς.
987 1483 1094 1556 τοῦτο
1123 1475 1196 1580 γὰρ
1224 1471 1316 1556 εἷναί
1345 1481 1439 1582 φημι
1469 1472 1512 1554 τὸ

214 1689 220 1703 .
309 1597 431 1700 λέγειν
449 1598 668 1697 “Ἀνάθεμα
685 1597 866 1699 Ἰησοῦς.”
896 1599 1022 1703 ἄνδρες
1040 1598 1079 1680 δὲ
1103 1603 1257 1708 φυχικοὶ
1281 1603 1339 1679 καὶ
1364 1600 1511 1679 δείλαιοι
1531 1633 1577 1676 10

309 1724 369 1800 καὶ
404 1730 469 1802 τοῦ
500 1721 629 1823 Ἀγίου
663 1721 873 1821 Πνεύματος
909 1721 1045 1827 ἐρήμην
1076 1723 1217 1830 ἔχοντες
1248 1722 1315 1823 τὴν
1345 1721 1508 1824 καρδίαν,

308 1843 572 1948 ἀποδιορίζουσι
603 1852 668 1926 τοῦ
700 1845 847 1948 Πατρῦς
884 1845 949 1926 τὸν
979 1845 1082 1945 Υίῦν,
1112 1846 1268 1946 οῦσιιῦδη
1307 1845 1513 1951 φάσκοντες

308 1972 401 2076 ἔχειν
427 1969 537 2050 αὐτὸν
564 1968 631 2068 τὴν
658 1966 847 2069 διακοπὴν,
873 1969 1037 2074 καθάπερ
1066 1966 1191 2068 ἀμέλει
1219 1967 1266 2051 τὰ
1293 1967 1425 2073 γενητὰ
1451 1971 1512 2048 καὶ

307 2103 380 2174 τῶν
402 2095 486 2197 παρ’
510 2095 619 2174 αῦτοῦ
646 2094 895 2194 πεποιημένων
920 2095 1087 2192 ἕκαστον,
1110 2091 1202 2174 εἶναί
1226 2130 1264 2175 τε
1295 2094 1388 2175 οὕτω
1416 2098 1510 2197 φρο-

307 2227 450 2303 νοῦντες
468 2217 577 2300 αῦτῦν
593 2220 631 2298 ἐν
650 2221 779 2321 Πατρῖ,
800 2216 963 2322 καθάπερ
984 2219 1085 2319 ἡμεῖς
1103 2223 1141 2300 ἑν
1158 2220 1267 2325 αύτῷ.
1533 2239 1575 2300 ¹⁵

357 2342 447 2423 Ὅτι
474 2341 513 2423 δὲ
540 2347 603 2442 τῆς
631 2347 679 2427 εἷς
707 2341 818 2444 ἀκρον
846 2344 1000 2440 ἀμαθίας
1030 2343 1119 2424 εἵσω
1147 2341 1332 2443 βεβήκασι
1363 2347 1513 2420 τοιαῦτα

277 2465 461 2583 ογράφειν
489 2464 751 2567 τολμήσαντες,
780 2466 866 2572 φέρε
899 2465 999 2569 παρὰ
1032 2471 1097 2566 τῆς
1127 2467 1222 2550 θείας
1252 2469 1397 2572 γραφῆς
1427 2469 1510 2544 δια-

307 2589 546 2686 σκεπτιύμεθα
582 2587 706 2688 πάλιν,
736 2593 784 2673 ὡς
821 2589 922 2669 ἔστιν
961 2589 1118 2698 ἐφικτὸν,
1151 2591 1326 2697 ἐπιδεῖξαί
1359 2623 1397 2668 τε
1435 2593 1512 2672 τοῖς

307 2713 542 2816 ἀκροωμένοις
559 2709 838 2811 σπουδάσωμεν,
857 2716 905 2797 ὡς
923 2713 1050 2816 ἑτέρως
1067 2713 1133 2814 μὲν
1150 2715 1249 2814 ἡμεῖς
1273 2717 1383 2811 ἐσμεν
1401 2713 1439 2791 ἑν
1457 2715 1512 2817 τῷ

307 2841 396 2944 Υίῷ,
415 2837 574 2939 ἑτεροίας
598 2833 713 2938 γεμὴν
731 2838 751 2917 ὁ
770 2836 859 2920 Υἱὸς
881 2839 919 2916 ἑν
942 2843 993 2945 τῷ
1013 2837 1088 2946 ίδίτρ
1108 2839 1239 2940 Πατρί.
1279 2838 1321 2917 οῦ
1339 2833 1412 2938 γάρ
1431 2841 1513 2918 ταῖς
1530 2877 1575 2920 20

307 2959 400 3042 κατὰ
424 2960 577 3062 θέλησιν
602 2963 744 3064 ἀρεταῖς
770 2958 862 3064 πρὸς
888 2959 997 3042 αὐτὸν
1021 2961 1282 3069 μορφούμενος,
1302 2961 1405 3041 είκαίν
1429 2962 1512 3040 ἑστι

306 3089 370 3184 τῆς
398 3083 636 3170 ῦποστάσεως
664 3087 783 3184 αὐτοῦ,
806 3082 865 3164 διά
889 3119 928 3166 τε
956 3085 1064 3166 τοῦτό
1092 3089 1192 3166 ἐστιν
1217 3089 1255 3165 ἐν
1280 3086 1390 3193 αὐτῷ·
1421 3084 1511 3163 ἀλλ’

308 3213 357 3293 ὡς
381 3212 419 3289 ἐν
443 3207 631 3310 ταυτότητι
655 3215 795 3316 φυσικῇ
820 3213 879 3290 καὶ
907 3212 955 3294 ὡς
980 3208 1065 3308 μίαν
1087 3209 1179 3314 ἔχων
1199 3208 1292 3312 πρὸς
1316 3205 1426 3289 αὐτὸν
1444 3205 1513 3307 τὴν

139 3351 256 3408 vm.
279 3335 449 3413 αοῦσίαν·
481 3332 732 3434 είσκεκλήσθω
757 3333 794 3413 δὲ
818 3331 956 3437 μάρτυς
982 3334 1066 3433 ἡμῖν
1085 3335 1142 3413 ἐπὶ
1168 3333 1306 3417 τούτοις
1330 3333 1350 3412 ὀ
1376 3331 1510 3438 σοφώ-

138 3461 260 3589 {ss-³⁰⁸⁰·
290 3491 416 3540 ·τατος
434 3456 612 3556 Ἰωιίννης,
631 3457 752 3558 λέγων
770 3467 792 3505 “
808 3459 881 3536 Καὶ
900 3457 922 3556 ἠ
942 3457 1107 3538 κοινωνία
1135 3455 1172 3536 δὲ
1196 3457 1218 3556 ἡ
1243 3455 1395 3559 ἡμετέρα
1419 3453 1512 3552 μετά
1530 3497 1575 3556 25

309 3590 331 3628 “
349 3588 413 3658 τοῦ
443 3579 589 3681 Πατρὸς
617 3583 675 3659 καὶ
703 3578 794 3677 μετὰ
821 3588 885 3659 τοῦ
910 3586 1001 3660 Υίοῦ
1032 3581 1142 3661 αὐτοῦ
1160 3582 1284 3681 Ἰησοῦ
1306 3579 1509 3684 Χριστοῦ·”

307 3709 385 3786 πιῦς
416 3704 480 3782 οῦν
512 3704 582 3804 ἄρα
614 3706 741 3810 φασὶν,
774 3701 797 3802 ἢ
832 3703 923 3783 κατὰ
955 3704 1035 3784 τίνα
1068 3703 1343 3809 διισχυρίζονται
1381 3707 1511 3808 χρῆναι

307 3829 453 3929 τρόπον,
472 3824 538 3926 τὴν
556 3827 742 3906 κοινωνίαν
760 3827 854 3926 ἡμᾶς
876 3827 969 3927 μετὰ
993 3835 1056 3908 τοῦ
1077 3827 1223 3930 Πατρὸς
1247 3830 1306 3906 καὶ
1330 3827 1420 3926 μετὰ
1443 3835 1511 3906 τοῦ

308 3956 399 4032 Υῖοῦ
422 3953 530 4031 αὐτοῦ
548 3952 671 4050 Ἰησοῦ
690 3955 879 4051 Χριστοῦ;
911 3957 940 4031 εὶ
967 3949 1033 4048 μὲν
1052 3950 1124 4054 γὰρ
1146 3950 1213 4050 τὴν
1237 3953 1365 4032 οὐσίαν
1383 3947 1511 4052 ὥσπερ

307 4073 375 4174 τὴν
393 4077 527 4154 ἑαυτῶν
545 4071 821 4175 ἀναμιγνύοντες
839 4079 884 4178 τῇ
903 4075 980 4181 θείᾳ
999 4074 1120 4180 φύσει,
1139 4073 1218 4175 ἤτοι
1239 4080 1290 4180 τῷ
1311 4077 1431 4178 Πατρὶ
1449 4075 1510 4154 καὶ
1527 4106 1577 4164 3ο

308 4205 360 4306 τῷ
386 4203 474 4306 Υῖῷ,
504 4199 542 4278 ἑν
572 4199 691 4282 αὐτοῖς
727 4192 814 4276 εἶναι
848 4195 1034 4296 νοούμεθα,
1063 4201 1122 4277 καὶ
1155 4200 1235 4304 οὐχὶ
1269 4204 1417 4298 μᾶλλον
1444 4201 1511 4297 τῆς

7 243 8 290 ι

7 327 9 422 ί

79 511 81 516 ·
311 482 522 581 Πνεύματος
558 485 899 589 προκεκηρυγμένον
931 487 1157 582 ἐμπαικτιῦνς
1197 484 1236 564 τί
1268 482 1340 587 γὰρ
1373 482 1513 566 Ἰούδας

6 627 8 776 φ
144 682 231 734 ιη-ιρ.

6 783 8 824 ι

346 4436 386 4473 ιο.
406 4419 434 4472 δι’
446 4437 500 4474 om.
514 4419 545 4474 E.
656 4433 697 4490 15.
716 4419 787 4488 ἡμεῖς
801 4419 833 4474 E.
847 4417 911 4487 ἡμᾶς
925 4417 975 4472 Ed.
1075 4435 1118 4488 ²3·
1137 4418 1216 4481 αὐτὴν
1229 4418 1261 4472 E.
1366 4417 1461 4490 26-29.
1481 4419 1509 4474 Α

307 4489 472 4614 ἕργτᾜῦέἑί
481 4493 597 4560 Χριστοῦ
609 4491 725 4546 transilit
738 4489 770 4546 Ε.
862 4489 904 4544 28.
924 4485 1116 4558 [agendumne
1129 4487 1217 4558 ἢμῶνὲ
1310 4505 1354 4560 31.
1373 4489 1460 4545 αὐτοῖς
1474 4489 1509 4546 Ε.
