3184 5104
110 267 207 331 1'116.
287 267 346 332 IN
380 269 418 334 S.
445 269 714 338 JOANNEM.
760 269 933 337 LIB.VI.
979 269 1082 336 CAP.
1106 270 1134 336 Ι.
1260 269 1323 336 169

107 429 173 534 γάρ
187 432 253 532 μὲν
269 437 327 520 τίς
345 435 488 522 αύτούς
508 443 699 534 βουθυτεῖν
717 436 907 537 ἑλομένους
932 437 1023 520 κατὰ
1048 437 1091 520 τδ
1115 437 1320 536 σάββατον,

105 552 197 655 ἦκαὶ
214 555 300 644 τούς
318 565 401 640 τῶν
421 561 558 641 ἀλλων
578 566 717 642 θυσιῶν
734 560 1002 662 ἐπιτηδεύοντας
1020 559 1174 667 τρόπους
1184 593 1195 658 ;
1217 563 1322 663 ἐγκα-

103 681 204 761 λέσαι
228 681 298 784 μέν
322 683 451 766 πάλιν
473 690 680 784 μάλλαν’
651 681 794 769 εικότως
821 691 850 764 εί
878 683 929 786 μὴ
958 681 1112 840 δρῷεν
1091 721 1116 766 α
1142 689 1245 791 χρῆν,
1263 686 1355 765 καιὶι

102 811 172 889 τοῖς
186 811 254 908 τῆς
271 810 459 960 λατρείας
478 809 611 961 νόροις
628 809 813 917 ὠφείλετο.
852 807 912 888 θτε
935 811 1055 890 τοίνυν
1073 807 1120 890 τά
1144 807 1232 912 ὑπέρ
1257 810 1322 908 τῆς

78 947 203 1010 ὅτινας
218 933 421 1036 σωτηρίας
446 931 543 1013 κατὰ
571 930 681 1030 νόμον
699 933 962 1031 καθοσιούμενα
986 927 1257 1017 ἀδιακωλύτως
1263 933 1323 1014 καὶ

104 1055 139 1131 ἐτ
153 1054 345 1164 σαββάττρ
363 1091 465 1159 προς
484 1092 529 1136 το
511 1053 643 1138 θεῖον
661 1057 844 1151 ἀναβαίνει
867 1057 1212 1160 θυσιαστήριον,
1156 1093 1233 1142 πως
1259 1058 1323 1138 ούκ

107 1175 147 1255 ἀς
162 1185 314 1276 μᾶλλον
332 1185 549 1261 ἐιτιτελοῖτο
566 1181 861 1283 πρεπωδεστερον
879 1181 902 1280 ἡ
921 1187 970 1266 εἷς
992 1182 1184 1286 άνθρωπον
1202 1181 1320 1288 χάρις,

110 1303 145 1380 δι’
173 1300 214 1452 όν
243 1302 290 1384 τδ
326 1311 462 1458 θαῦμα
492 1307 551 1385 καὶ
580 1307 619 1385 ἐν
646 1302 826 1400 σαββάτω
857 1303 1007 1404 δεκτόν,
1048 1315 1219 1414 λογισμῷ
1245 1339 1320 1386 τοι·

112 1435 311 1537 γαμοῦντῷ
329 1429 517 1584 πρέποντι
533 1425 625 1530 πρός
649 1427 692 1508 τὸ
717 1429 846 1532 κρίνειν
865 1429 999 1533 ἀριστα
1018 1425 1232 1532 κεκλημενοι
1250 1437 1354 1510 τῶνα

79 1567 108 1610 ¹0
114 1551 287 1632 Ιουδαίων
308 1552 422 1650 τινές,
441 1555 501 1632 καὶ
525 1553 633 1651 μόλις
658 1556 722 1653 τῆς
745 1587 797 1661 τερ
779 1553 914 1633 ἐθνει
936 1555 1151 1656 προσούσης
1169 1554 1323 1654 ἀμαθίας

117 1673 173 1773 τὴν
193 1675 319 1782 ἀχλύν
344 1683 426 1758 τῶν
450 1711 516 1776 της
544 1677 742 1762 διανοίας’
725 1661 899 1776 ομμάτων
924 1677 1297 1780 ἀποπεμψάμενοι,
1257 1713 1324 1778 την

119 1831 172 1878 του
156 1805 368 1905 Σωτῆρος
387 1798 614 1903 θαυμάζουσι
633 1799 802 1908 δόξαν,’
774 1837 803 1881 ει
821 1835 879 1881 και
899 1803 999 1882 οὔπω
1017 1801 1166 1909 σφόδρα
1186 1810 1320 1888 καλῶς·

122 1923 283 2005 ἐλάττονα
301 1923 384 2028 γάρ
401 1959 496 2040 ηπερ
514 1927 624 2030 ἐχρῆν
642 1933 801 2006 λαλοῦσι
823 1929 905 2028 περὶ
930 1927 1049 2024 αὐτοῦ,
1068 1925 1325 2078 ἀποσχίζονται

123 2047 243 2128 δέτῶν
266 2050 428 2148 ἑτοίμως
453 2047 739 2153 κατακρινόντων
762 2047 884 2129 αὐτόν.
923 2054 955 2129 οἱ
982 2047 1048 2150 μέν
1070 2048 1142 2154 γὰρ
1169 2051 1324 2135 ἀνοσίως

88 2171 301 2280 ῐὸφθόντρ
261 2207 309 2254 το
338 2180 447 2254 νικᾶν
474 2171 498 2274 ἢ
527 2179 696 2281 λογισμῷ
723 2171 879 2257 διδόντες
905 2178 958 2280 τῷ
984 2173 1167 2329 πρίπρντι,
1195 2177 1253 2254 καὶ
1281 2173 1324 2254 τὸ

123 2297 320 2394 μηδαμόθεν
354 2299 597 2399 ἐγκαλεῖσθαι
627 2297 848 2403 πεφυκὸς’
819 2331 868 2382 εις
905 2299 1129 2400 παρανομίας
1162 2299 1325 2405 δέχονται

123 2418 270 2516 δύναμιν
311 2427 349 2502 οῖ
376 2423 487 2501 δέ
442 2455 489 2528 τη
516 2421 627 2530 φύσει
650 2429 714 2501 τοῦ
739 2420 953 2525 πράγματος
981 2423 1171 2526 ἐνορῶντες
1199 2425 1325 2528 ὀρθῶς,

120 2547 175 2642 τῆς
189 2547 338 2626 ἐκείνων
356 2546 499 2648 μωρίας
517 2544 825 2650 καταδικάζουσιν.

167 2668 277 2755 Εἰκὸς
304 2667 346 2772 δέ
374 2669 493 2770 δήπου
517 2673 576 2750 καὶ
602 2667 722 2774 ἕτερόν
739 2703 775 2752 τι
793 2675 992 2774 κατορθοῦν
1009 2669 1199 2769 ἑλομένους
1218 2676 1326 2751 εἰπεῖν

70 2789 152 2870 ιοτό
171 2793 254 2880 Πῶς
279 2789 430 2874 δύναται
456 2791 622 2900 ἅνθρωπος
648 2793 854 2902 ἁμαρτωλός
880 2795 1020 2874 τοιαύταν
1045 2799 1171 2898 σημεῖα
1200 2800 1340 2890 ποιεῖν,-

108 2915 187 3023 ὅλφ
205 2916 293 3022 γὰρ,
308 2921 363 3002 ὡς
381 2917 468 3001 ἔπος
486 2923 604 3014 εἰπεῖν,
618 2924 816 2999 συναθλεῖν
833 2917 1032 3020 ἐπείγονται
1050 2923 1102 3026 τῷ
1120 2924 1193 2998 τῶν
1213 2919 1326 3020 ἁγίων

105 3045 250 3149 θεσμῷ.
294 3047 328 3122 εἰ
357 3039 435 3144 γὰρ
462 3041 558 3126 ὅλως
584 3041 724 3149 ἐξεῖναι,
748 3044 876 3151 φασὶν,
895 3041 1146 3148 ἐπιτρίψομεν,
1166 3045 1224 3122 καὶ
1252 3049 1327 3126 τοῖς

101 3165 259 3245 εἰωθόσι
290 3171 529 3264 πλημμελεῖν
555 3173 629 3250 τοῖς
660 3165 748 3270 ύπέρ
780 3163 895 3268 λόγον
925 3163 1238 3263 ε’πισεμνύνεσθαι,
1269 3167 1327 3244 καὶ

98 3287 313 3388 θαυμάτων
346 3289 506 3391 δρᾶσθαι
538 3289 664 3375 αύτούς
694 3285 939 3393 δημιουργούς,
966 3288 1005 3368 τί
1031 3286 1074 3368 τὸ
1107 3288 1249 3368 κωλύον
1277 3288 1328 3369 ἐτι
1427 3388 1430 3394 ¹

47 3439 79 3494 ²5
96 3419 282 3516 φανεῖται
311 3410 401 3496 τοὺς
429 3411 724 3518 φιλεγκλήμονας
750 3416 815 3512 τῆς
842 3419 914 3492 τῶν
940 3417 1140 3519 προφητῶν
1163 3412 1328 3513 πληθύος

93 3542 348 3640 κατηγορεῖν,
380 3533 406 3636 ἢ
444 3539 502 3616 καὶ
538 3538 634 3645 αύτῷ
665 3535 796 3618 λοιπόν
828 3535 1043 3644 ἐπιφύεσθαι
1081 3542 1133 3645 τῷ
1164 3539 1328 3645 μακαρίῳ

95 3663 287 3758 Μωυσεῖ,
307 3661 373 3738 καὶ
398 3659 437 3736 ἐν
454 3661 576 3760 μηδενὶ
600 3665 781 3740 ποιεῖσθαι
807 3659 908 3766 λόγῳ
933 3657 997 3738 τόν
1015 3660 1108 3738 οὕτω
1132 3658 1279 3758 σεπτὸν,
1298 3666 1356 3738 eie

98 3787 167 3862 καὶ
194 3787 262 3864 ἐπὶ
289 3789 372 3866 τοῖς
402 3782 570 3864 ἁπάντων
594 3783 756 3886 ἀρίστοις
779 3787 994 3886 μαρτυροῖτο
1020 3783 1323 3886 κατορθῶμασιν;

104 3908 247 3987 οὐκοῦν
269 3909 334 3987 καὶ
360 3906 464 3986 αὐτοὶ
487 3906 771 4010 συναγορεύονσι
797 3911 842 4012 τῇ
867 3912 940 3986 τῶν
962 3905 1128 4010 πατέρων
1151 3904 1241 4012 δόξη
1270 3902 1329 3985 διὰ

56 4051 96 4108 30
109 4029 299 4132 Χριστόν,
316 4029 510 4136 πρόφασιν
528 4027 655 4134 ῶσπερ
671 4029 751 4112 τινά
775 4034 839 4132 τῆς
864 4035 913 4114 εἷς
937 4029 1087 4113 ἐκείνους
1109 4027 1252 4132 ἀγάπης
1271 4030 1329 4108 καὶ

120 4151 168 4230 τά
183 4153 239 4234 ἐπ’
258 4155 361 4264 ωύτῷ
377 4153 579 4262 δεξάμενοι.
1378 4139 1388 4158 ’

142 4371 549 4502 ωἱλτγισρῇωςγσροῶδῠο
560 4371 698 4430 ordineB.
771 4392 797 4446 9.
815 4372 1007 4445 κεκλημίνοιΒ.
1020 4371 1163 4443 κεκλιρένοι
1176 4371 1266 4428 Holst.
1277 4372 1328 4430 Ed.

142 4441 620 4522 1λτροηωρς3.ςουσηςΗλ
633 4443 684 4500 Ed.
847 4463 888 4513 14.
905 4444 1117 4504 dmiosssu’n
1081 4445 1199 4518 .ανοσίφ
1215 4443 1263 4500 Ht.
1278 4445 1328 4500 Ed.

138 4533 170 4574 ιτ.
183 4521 263 4601 λψρ·
277 4523 308 4583 Β.
324 4523 378 4582 Ηε.
392 4519 479 4592 ίσμρ
492 4511 645 4570 ευιεοδιτίς
657 4524 687 4571 ut
699 4514 828 4572 adnotnt
822 4533 879 4588 ιρις
892 4515 964 4572 Aub.

164 4625 213 4684 τοι
231 4631 287 4686 α.
742 4617 759 4662 ²
