3248 5112
120 350 183 416 xiv.
199 372 251 434 14.
302 351 359 416 IN
390 351 424 415 S.
448 347 704 415 JOANNEM.
750 343 932 411 LIB.IX.
976 341 1131 408 CARI.
1252 341 1314 405 461

120 515 161 595 δέ
175 549 257 594 τινα
278 513 347 613 τὴν
365 513 457 596 κατὰ
477 511 623 595 πάντων
640 512 733 618 ἔχειν
752 508 940 615 ῦπεροχήν·
969 509 1054 588 ἀλλ’
1074 508 1239 588 ’ίστωσαν
1262 503 1318 586 ὅτι

119 638 221 718 οῦδὲν
242 639 351 739 ἧττον
374 641 540 742 ῦβριοῦσι
568 637 634 736 τὴν
655 645 721 717 τοῦ
744 635 890 740 Πατρίις
918 633 1039 740 δόξαν,
1061 630 1234 726 τουτέστι,
1253 627 1319 710 τὸν

118 759 221 859 Υίίιν,
240 762 315 842 ἔστ’
338 762 384 842 ἂν
411 761 519 842 αὑτὸν
543 763 745 865 ἐναρίθμιον
772 761 932 861 λέγωσιν
953 755 1041 838 εἰναι
1067 763 1141 839 τοῖς
1169 788 1317 853 πεποιη-

118 885 250 984 μένοις.
290 885 333 966 τὸ
354 884 427 989 γοίρ
449 883 658 988 ζητούμενόν
677 887 787 982 ε’στιν,
807 884 871 963 οῦκ
889 889 919 962 εἰ
935 881 1030 983 μέγα
1048 877 1159 984 τυχόν
1176 875 1318 978 ε’στινίγ

90 1008 248 1112 5μικρὸν
264 1011 411 1109 ποίημα,
430 1011 514 1090 ἀλλ’
534 1015 564 1090 εἰ
590 1009 685 1094 ὅλως
708 1005 867 1112 γενητὸς,
885 1009 943 1086 καὶ
965 1011 1110 1106 μᾶλλον
1129 1005 1208 1108 οὐχὶ
1227 1000 1354 1086 Θεὸςὶ)

118 1132 358 1239 κατὰφύσιν,
376 1133 463 1237 ῦπερ
481 1135 560 1214 ἐστὶ
578 1131 796 1232 καὶάληθές.

215 1357 298 1424 Ἐάν
324 1383 356 1424 τι
383 1355 539 1426 αἰτιίουτε
565 1360 600 1424 ἐν
627 1363 675 1444 τῷ
698 1355 834 1435 ὀνόματί
860 1379 932 1438 μου,
958 1360 1056 1422 τοῦτο
1081 1355 1223 1425 ποιιίοω.
1336 1366 1373 1422 14

174 1521 508 1629 Ἀπημφιεσμένως
526 1525 594 1623 ἤδη
613 1525 729 1628 φησὶν
747 1521 813 1618 ὅτι,
832 1518 925 1604 Θεὸς
944 1518 1115 1622 ὑπάρχων
1132 1515 1317 1617 ἀληθινὸς,

118 1647 360 1754 προσδέξεται
379 1643 445 1746 μέν
463 1650 521 1726 καὶ
539 1646 624 1725 λίαν
637 1648 791 1728 εῦπετῶς
809 1642 873 1728 τὰς
891 1643 990 1747 παρὰ
1007 1649 1079 1723 τιῦν
1093 1642 1190 1722 ἰδίων
1206 1639 1321 1745 εῦχοίς,

76 1771 320 1875 τοχορηγήσει
353 1769 391 1850 δέ
423 1773 481 1849 καί
513 1767 662 1875 σφόδρα
692 1768 885 1870 προθύμως
922 1765 1013 1869 ἅπερ
1046 1763 1091 1846 ἂν
1117 1765 1321 1862 βούλωνται

119 1902 261 1990 λαβεῖν,
281 1895 490 1998 χαρίσματα
515 1891 554 1972 δὲ
578 1891 746 1992 δηλονότι
768 1890 988 1990 πνευματικὰ
1015 1893 1074 1970 καὶ
1098 1895 1162 1991 τῆς
1186 1891 1323 1970 οἰνωθεν

119 2020 332 2124 φιλοτιμίας
368 2017 464 2125 ιίξια.
520 2019 578 2096 καί
611 2017 678 2120 οὐχ
714 2018 762 2099 ὡς
791 2019 856 2114 τῆς
893 2015 1012 2118 ἑτέρου
1049 2016 1352 2120 φιλανθρωπίαςα

119 2139 297 2238 διάκονος,
325 2142 405 2222 οῦτε
432 2139 504 2241 μὴν
532 2143 580 2224 ὡς
607 2141 802 2244 ἀλλοτρίας
829 2136 1040 2241 ἡμερότητος
1071 2135 1249 2240 ὑπουργὸς
1276 2137 1323 2218 τὰ

119 2265 270 2345 τοιαῦτά
298 2270 425 2372 φησιν,
453 2264 538 2344 ἀλλ’
568 2267 617 2350 ὡς
645 2263 737 2368 ἔχων
764 2266 801 2343 έν
828 2261 976 2370 ἐξουσίᾳ
1006 2260 1052 2340 τὰ
1082 2259 1202 2342 ποίντα
1232 2259 1323 2359 μετὰ

73 2417 106 2478 15
121 2388 281 2493 Πατρὸς,
309 2394 368 2469 καὶ
401 2388 507 2473 αῦτὸς
537 2387 707 2493 ὑπάρχων
735 2389 755 2467 ὁ
786 2388 828 2467 δι’
854 2387 896 2466 οὗ
924 2385 970 2466 τὰ
998 2383 1127 2482 πάντα,
1155 2383 1255 2489 παρά
1283 2420 1323 2466 τε
1367 2377 1452 2494 ξιξξοξ

118 2513 223 2612 ἡμῶν
253 2517 301 2596 εἰς
331 2511 526 2611 θεὸν,καί
556 2517 606 2597 εἰς
634 2513 726 2612 ἡμᾶς
755 2511 839 2614 παρ’
870 2511 989 2592 αὐτοῦ.
1040 2507 1098 2589 διὰ
1127 2517 1233 2589 τοῦτο
1264 2512 1323 2590 καὶ

121 2641 276 2720 Παῦλος
300 2638 353 2716 οἰεί
380 2636 658 2741 συνεζευγμένας
685 2633 751 2720 τοίς
777 2641 851 2714 τιῦν
876 2638 1023 2737 ἀγαθῶν
1050 2637 1222 2740 χορηγίας
1248 2643 1323 2720 τοῖς

118 2759 237 2867 α’ξίοις
264 2759 448 2865 ἐπεύχεται
476 2759 594 2864 λέγων
612 2769 635 2807 “
648 2759 765 2862 Χάρις
793 2761 875 2858 ὑμῖν
899 2762 958 2838 καὶ
985 2757 1105 2862 εἰρήνη
1133 2757 1205 2840 ἀπὸ
1228 2763 1324 2840 Θεοῦ
1370 2767 1464 2883 fhffi·

117 2894 139 2930 “
160 2883 311 2985 Πατρὸς
329 2883 429 2984 ἡμῶν
448 2887 506 2964 καὶ
527 2882 663 2988 Κυρίου
679 2885 805 2984 Ἰησοῦ
824 2884 1022 2986 Χριστοῦ.”
1053 2886 1109 2963 καί
1135 2885 1176 2962 οῦ
1201 2883 1246 2984 δή
1269 2917 1322 2973 τις
1388 2869 1394 2884 ’

72 3046 105 3085 20
116 3014 206 3086 νοῦν
226 3007 319 3111 έχων
338 3006 496 3107 οἰήσεται
521 3006 645 3104 πάλιν,
664 3011 713 3091 ὡς
738 3009 808 3112 ἰδίᾳ
832 3007 897 3104 μέν
915 3040 994 3087 τινα
1012 3003 1118 3111 χοίριν
1136 3008 1284 3086 δίδωσιν
1302 3008 1321 3085 ὁ
1337 3021 1357 3086 d

118 3129 266 3233 Πατὴρ,
286 3133 357 3238 ἰδίᾳ
380 3130 562 3236 δὲῶσπερ
581 3133 640 3211 καὶ
659 3129 728 3210 ἀνὰ
745 3130 851 3230 μέρος
870 3131 915 3209 αὖ
932 3131 1045 3210 πάλιν
1063 3131 1083 3209 ὁ
1103 3129 1201 3214 Υἱός·
1233 3131 1320 3209 ἀλλ’

113 3257 201 3336 ἔστι
220 3254 327 3355 μὲνὴ
345 3253 434 3355 αῦτὴ
453 3257 512 3334 καὶ
529 3256 607 3355 μία,
626 3259 657 3333 εἰ
675 3257 733 3333 καὶ
758 3255 800 3334 δι’
821 3255 957 3358 ἀμφοῖν
975 3252 1134 3354 λέγεται.
1171 3260 1322 3334 ποιεῖται

113 3388 210 3482 γοῦν
236 3378 332 3476 ὅμως
356 3377 402 3458 τὰ
425 3377 544 3458 πάντα
566 3376 666 3480 παρὰ
692 3374 839 3479 Πατρδς
863 3379 906 3456 δι’
926 3382 1017 3457 Υἰοῦ
1039 3383 1113 3460 τοῖς
1137 3376 1249 3484 ἀξίοις
1276 3376 1324 3456 τὰ

113 3500 256 3604 ἀγαθὰ,
275 3505 333 3582 καὶ
350 3501 373 3602 ἡ
391 3507 465 3581 τῶν
483 3503 587 3582 θείων
605 3498 842 3607 χαρισμάτων
861 3499 1021 3600 διανομὴ,
1040 3501 1105 3581 οῦκ
1129 3503 1167 3582 έν
1186 3502 1321 3604 ὖπουρ·

70 3629 202 3730 τ5γίας
239 3623 340 3732 τῦξει
374 3625 686 3730 παραληφθέντος,
724 3623 886 3728 καθάπερ
923 3624 1120 3728 εἰρήκαμεν,
1158 3627 1242 3706 ἀλλ’
1276 3629 1326 3710 ὡς

113 3747 345 3853 ουνδοτῆρὸς
362 3783 400 3830 τε
421 3753 479 3830 καὶ
503 3757 737 3853 συγχορηγοῦ
760 3748 950 3849 νοουμένου
967 3783 1005 3830 τε
1024 3754 1083 3830 καὶ
1103 3748 1325 3855 ὑπάρχοντος

113 3879 281 3978 άληθῶς.
328 3873 392 3972 μία
419 3871 492 3976 γὰρ
519 3872 541 3972 ἡ
566 3876 631 3972 τῆς
656 3871 821 3970 θεότητος
846 3872 957 3979 φύσις
982 3874 1066 3954 ε’στί
1085 3907 1122 3953 τε
1149 3876 1207 3954 καὶ
1232 3875 1325 3954 οὕτω

112 3999 341 4084 πιστεύεται.
381 3995 450 4078 κᾶν
472 3995 543 4101 γὰρ
571 4001 619 4082 εἰς
647 3996 794 4099 Πατέρα
823 3997 1047 4099 πλατίνηται
1074 3999 1133 4076 καὶ
1155 3995 1245 4076 Υίὸν
1266 4000 1325 4078 καὶ

113 4128 168 4207 εἰς
197 4119 243 4202 τὸ
273 4125 423 4221 Πνεῦμα
450 4119 493 4202 τὸ
514 4119 656 4222 Ἀγιον,
679 4122 764 4200 ἀλλ’
789 4121 856 4201 οῦκ
887 4120 960 4226 ἔχει
990 4117 1055 4200 τὸν
1082 4118 1238 4201 εἰσάπαν
1266 4121 1355 4200 καίο

155 4397 183 4456 7.
205 4380 283 4456 Ἐὰν]
300 4389 329 4448 -Ι-
344 4382 389 4440 νῦν
402 4383 435 4440 Ε.
608 4395 650 4456 15.
668 4382 703 4440 δι’
714 4385 771 4440 vles»
783 4383 817 4438 E.
990 4382 1032 4438 16.
1050 4381 1092 4437 καί
1103 4379 1163 4454 αλλ]
1180 4387 1210 4446 -ἰ-
1223 4385 1239 4438 θ
1253 4381 1324 4439 cm.

117 4453 163 4510 18.
185 4457 259 4508 θεοῦ
270 4463 440 4526 assumptum
452 4471 486 4510 ex
498 4453 532 4510 E.
545 4453 615 4510 cntt.
706 4453 749 4510 26.
766 4477 794 4509 τι
806 4453 881 4525 prius
893 4469 985 4508 mum
1004 4461 1061 4508 tum
1074 4469 1107 4508 ex
1120 4453 1153 4508 Ε.
1166 4452 1237 4509 Οαττ.
1283 4455 1326 4511 καὶ

114 4522 214 4648 χῆν’]
232 4531 263 4590 ÷
277 4523 397 4582 δεῦεν·
461 4523 635 4597 ὑπάρχοντος]
649 4525 711 4583 “·1·
724 4525 933 4598 ‘'mmm''
992 4523 1326 4598 ·m⁸·w·1m⁰'9x⁰rr⁰=

140 4635 148 4650 .
161 4597 195 4652 iu
208 4613 266 4668 mg.
279 4597 442 4668 ὑπάρχοντος
454 4595 554 4652 habent
570 4595 643 4653 catt.
