3248 5112
306 251 373 316 488
612 253 651 320 Β.
676 251 888 318 CYRILLI
918 251 1206 320 ALEXANDR.
1378 253 1456 318 xiv.
1471 269 1523 318 ιο.

306 423 331 463 ‘⁴
348 416 409 494 καὶ
434 419 483 500 είς
509 411 574 496 τόν
595 423 684 522 χοῦν
706 417 823 498 αῦτιῦν
843 417 1143 524 ἐπιστρεψουσιν.
1182 416 1456 524 ἐξοποστελεῖς
1486 414 1527 494 τὸ

275 533 280 550 ’
310 549 332 587 “
346 537 498 637 Πνεῦμό
515 573 586 620 σου
600 543 659 620 καὶ
673 539 944 640 κτισθήσονται,
955 544 1014 622 καὶ
1030 543 1240 626 ἀνοκαινιεΐς
1253 537 1296 620 τῦ
1310 537 1530 644 πρόσωπον

275 671 333 740 d“
350 665 413 762 τῆς
443 663 543 766 γῆς.”
586 663 724 751 ἀκούεις
755 665 852 750 ὅπως
884 664 1081 773 συνέταξεν
1108 665 1193 765 ἡμῖν
1222 663 1289 764 τὴν
1318 664 1530 767 ἀνθρώπου

309 786 425 894 φύσιν
444 787 466 888 ἡ
484 785 694 891 παράβασις
712 789 733 888 ἡ
752 791 792 869 ἐν
808 787 930 890 Ἀδὰμ
955 791 1013 869 καὶ
1036 791 1142 870 οἱονεὶ
1162 795 1236 869 τῶν
1254 789 1359 869 θείων
1376 791 1527 868 ἐντολ-

308 910 434 1012 μάτων
461 912 483 1012 ἡ
515 911 746 1019 ἀποστροφὴ,
776 915 837 993 καὶ
869 917 917 997 εὶς
946 911 1012 1012 τὴν
1040 913 1131 993 ίδίαν
1158 916 1228 1016 γῆν
1260 915 1558 1010 ῦπονοστῆσαι5

308 1035 603 1138 παρεσκεύασενς
645 1033 704 1116 ὅτε
741 1035 778 1117 δὲ
814 1033 1069 1143 ἐξαπέστειλεν
1101 1037 1121 1116 ό
1155 1035 1249 1121 Θεὸς
1282 1034 1325 1115 τὸ
1359 1039 1531 1134 Πνεῦμα

308 1160 428 1258 αὐτοῦ,
456 1163 515 1240 καὶ
542 1157 715 1266 μετόχους
742 1159 835 1259 ἡμᾶς
862 1158 1025 1266 ἀπέδειξε
1052 1161 1116 1259 τῆς
1144 1161 1233 1244 ίῦίας
1265 1157 1431 1266 φύσεως,
1466 1161 1530 1236 καὶ

309 1282 353 1364 δι’
379 1285 488 1364 αὑτοῦ
515 1283 746 1384 ἀνεκαινίοθη
774 1281 817 1363 τὸ
844 1280 1045 1386 πρόσωπον
1072 1287 1136 1382 τῆς
1163 1287 1242 1386 γῆς,
1269 1281 1525 1387 μετεμορφώ-

309 1414 422 1508 θημεν
440 1413 489 1494 είς
514 1405 707 1508 καινότητα
725 1405 825 1511 ζωῆς,
844 1405 910 1506 τὴν
927 1409 966 1487 ἐκ
983 1410 1047 1506 τῆς
1065 1407 1239 1510 ἁμαρτίας
1258 1404 1528 1500 ἀποβαλόντες

309 1529 463 1640 φθορὰν,
489 1533 547 1612 καὶ
574 1535 640 1630 τῆς
667 1531 809 1612 αίωνίου
836 1533 927 1634 ζωῆς
953 1535 1112 1614 εἰσαῦθις
1139 1529 1429 1636 ἐπιδροξόμενοι,
1461 1527 1527 1609 διὰ
1541 1555 1574 1596 10

308 1657 374 1754 τῆς
405 1651 549 1760 χάριτος
581 1656 640 1734 καὶ
673 1654 949 1759 φιλανθρωπίας
981 1659 1046 1733 τοῦ
1081 1653 1216 1754 Κυρίου
1251 1654 1352 1753 ἡμῶν
1383 1653 1525 1754 Ἰησοῦ

279 1781 490 1880 οΧριοτοῦ,
511 1779 555 1857 δι’
576 1778 618 1859 οῦ
636 1779 695 1857 καὶ
713 1777 793 1877 μεθ’
815 1776 857 1856 οῦ
875 1781 927 1885 τῷ
945 1780 1028 1882 Θεῷ
1051 1778 1110 1855 καὶ
1130 1778 1249 1880 Πατρὶ
1275 1776 1297 1876 ἡ
1323 1773 1416 1884 δόξα
1442 1774 1524 1857 σῦν

309 1901 425 2011 Ἀγίιρ
445 1900 629 2001 Πνεόμοιτι
647 1907 695 1987 είς
712 1899 796 1985 τοῦς
814 1905 955 1998 αίῦνας,
968 1895 1099 1999 Ἀμήν.

653 2152 762 2201 ΤΕΛΟΣ
779 2151 845 2200 ΤΟΥ
863 2149 998 2200 ΕΝΔΤΟΥ
1016 2149 1162 2200 ΒΙΒΛΙΟΥ.
1233 2196 1238 2206 ,

817 2395 825 2414 ,
1599 2337 1600 2396 ί

344 2415 370 2470 3.
390 2397 530 2466 συνέταξεν
541 2396 600 2468 p.F.
615 2397 666 2454 Ed.
680 2402 699 2428 “
705 2418 748 2468 γρ.
760 2417 795 2452 συ
856 2397 920 2466 W
928 2395 980 2452 Ed.
990 2409 1047 2468 mg.
1056 2394 1229 2466 συνετάραξεν
1240 2392 1394 2450 emendavit
1406 2393 1517 2469 migne,
1599 2405 1600 2412 ’

279 2482 336 2542 ,7.
354 2468 424 2524 θείας
436 2485 485 2540 pro
498 2467 565 2525 ἰδίας
576 2485 603 2539 p.
713 2485 755 2536 14.
775 2417 862 2524 11OE
1599 2533 1600 2588 1
