3248 5112
275 271 341 332 482
579 269 619 336 Β.
643 270 854 336 CYRILLI
881 272 1168 338 ALEXANDR.
1344 271 1409 337 xiv.
1424 289 1475 339 20.

279 439 427 519 Παῦλος
465 432 686 540 ἐξηγήσατο·
728 435 861 539 τρόπον
895 435 933 518 δέ
970 440 1028 518 ε’πί
1064 437 1203 522 τούτοις
1239 441 1313 516 τιῦν
1349 435 1477 537 ἐτέρων

277 557 504 659 περιεκτικόν,
534 561 555 639 ό
584 559 703 665 σοφὸς
733 559 996 662 εύαγγελιστὴς
1017 561 1198 662 Ἰωάννης.
1245 557 1378 664 γράφει
1405 553 1478 660 γὰρ

278 681 371 760 οὕτω
388 685 469 785 περὶ
488 687 654 786 Χριστοῦ
674 695 695 731 “
712 689 775 768 Εἰς
798 683 845 764 τά
862 685 934 765 ἰδια
956 682 1061 785 ἦλθε,
1082 689 1141 766 καὶ
1160 690 1193 766 οἰ
1212 683 1292 764 ἴδιοι
1309 679 1419 763 αὐτὸν
1436 680 1479 760 οὐ

278 815 300 853 “
317 804 541 907 παρέλαβον·
572 805 654 888 ὅσοι
673 806 710 888 δέ
731 805 866 902 έλαβον
885 807 1004 908 αὐτὸν,
1023 809 1151 890 έδωκεν
1169 809 1288 892 αὐτοῖς
1310 806 1479 914 ἐξουσίαν
1552 863 1556 874 .

277 937 298 977 “
316 928 421 1008 τέκνα
440 935 536 1010 θεοῦ
554 931 735 1033 γενέσθαι,
754 939 828 1016 τοῖς
846 932 1082 1014 πιστεύουσιν
1099 939 1148 1020 εἰς
1165 933 1208 1014 τῦ
1227 931 1340 1032 ὄνομα
1359 931 1512 1027 αὐτοῦς

277 1063 299 1100 “
317 1051 351 1131 οἰ
378 1055 442 1134 οῦκ
470 1056 488 1134 έ
541 1054 711 1154 αἱμάτων,
739 1056 819 1136 οῦδὲ
849 1058 887 1136 έκ
920 1055 1122 1155 θελήματος
1154 1054 1301 1158 σαρκός,
1330 1051 1409 1135 ούδέ
1440 1055 1479 1134 ἐκ

277 1187 299 1225 “
318 1177 520 1276 θελήματος
546 1179 688 1282 ἀνδρὸς,
709 1182 794 1258 ἀλλ’
815 1183 854 1260 έκ
874 1185 970 1260 Θεοῦ
988 1180 1266 1282 ε’γεννήθησαν.”
1294 1178 1480 1282 πρόδηλον

276 1301 340 1380 οὖν
371 1301 441 1404 ἀρα
477 1306 534 1382 καί
566 1310 682 1384 πᾶσιν
712 1299 810 1402 οἶμαι
844 1302 1022 1410 διαφανὲς,
1053 1303 1108 1383 ὅτι
1138 1302 1276 1384 τούτων
1306 1302 1406 1382 ἕνεκα
1434 1299 1479 1400 δὴ

248 1457 267 1502 ο
277 1425 443 1525 μάλιστα
460 1433 532 1507 τῶν
551 1431 674 1506 αἰτιῶν
693 1425 786 1511 Θείις
805 1430 863 1506 καί
880 1429 918 1507 έκ
937 1433 1034 1508 Θεοῦ
1052 1424 1144 1506 κατὰ
1162 1426 1276 1533 φύσιν
1295 1421 1478 1529 ἀντάρχων,

277 1551 465 1654 ἁνθριοπος
483 1550 630 1654 γέγονεν
649 1553 669 1630 ό
690 1550 912 1652 Μονογενὴς,
929 1551 988 1632 ἵνα
1012 1548 1179 1652 δηλονότι
1203 1549 1396 1655 κατακρίνη
1414 1546 1480 1647 μέν
1495 1586 1536 1628 ιο

276 1672 343 1771 τὴν
361 1674 537 1776 ἁμαρτίαν
556 1676 594 1754 έν
612 1679 657 1780 τῇ
676 1677 797 1778 σαρκὶ,
818 1675 982 1781 νεκράσῃ
1008 1675 1046 1756 δέ
1070 1681 1122 1783 τῷ
1148 1676 1224 1783 ἰδίῳ
1250 1673 1393 1781 θανάτῳ
1416 1670 1481 1752 τὸν

277 1795 442 1894 θάνατον,
462 1800 520 1876 καί
540 1796 636 1882 υἰοῦς
654 1797 747 1896 ἡμᾶς
765 1798 938 1906 ἀποδείξῃ
958 1804 1065 1896 Θεοῦ,
1083 1795 1174 1900 πρὸς
1193 1797 1235 1878 τὸ
1256 1797 1342 1901 ι’πέρ
1367 1796 1481 1903 φύσιν

276 1921 418 2028 ἀξίωμα
442 1918 525 2006 τοῦς
553 1919 659 2006 ὄντας
685 1924 742 2000 ἐπὶ
770 1925 834 2020 τῆς
861 1927 929 2023 γῆς
952 1920 1200 2024 ἀναγεννήσας
1224 1924 1262 2002 έν
1283 1920 1476 2020 Πνεύματι.

275 2043 321 2146 ἦν
349 2044 420 2148 γὰρ
448 2044 564 2146 δήπου
592 2048 649 2125 καί
677 2043 779 2144 μάλα
806 2052 939 2143 καλῶς,
968 2043 1060 2125 κατὰ
1087 2047 1228 2124 τουτονί
1256 2044 1319 2124 τὸν
1345 2045 1481 2145 τρόπον

277 2169 671 2276 ἀνακεφαλαιώσασθαι
697 2167 810 2249 πάλιν
828 2171 887 2248 καί
915 2175 962 2252 εἰς
987 2165 1030 2248 τὸ
1055 2170 1206 2271 ἀρχαῖον
1224 2169 1419 2260 ἀναλαβεῖν
1436 2163 1478 2242 τὸ
1495 2197 1534 2257 ¹5

276 2297 521 2392 διολισθῆσαν
538 2293 650 2395 γένος,
670 2293 846 2390 τουτέστι,
865 2290 907 2372 τὸ
927 2290 1166 2394 ἀνθρώπινον.

336 2414 458 2495 Πάλιν
485 2415 643 2514 ἑκάστην
670 2419 721 2520 τῷ
755 2413 857 2521 λόγῳ
888 2413 1106 2516 παραθέντες
1137 2418 1210 2492 τῶν
1236 2409 1366 2514 ἀρτίως
1396 2410 1480 2510 ἡμῖν

245 2539 468 2642 δείρημεῦων
486 2543 617 2635 αἰτιῶν,
636 2539 689 2617 ἐπ’
708 2538 799 2642 αἰτῇ
823 2535 870 2616 τὰ
894 2535 1012 2616 εἰκότα
1035 2535 1210 2640 λέγωμεν.
1251 2541 1327 2619 πῶς
1346 2531 1418 2637 γὰρ
1435 2533 1481 2614 ἀν

278 2666 336 2742 καί
354 2661 485 2764 πρέποι
509 2668 601 2740 νοεῖν
620 2658 798 2761 ζητητέον,
816 2659 871 2740 ότι
897 2659 1076 2764 κατέκρινε
1099 2658 1166 2760 τὴν
1184 2659 1361 2762 ἁμαρτίαν
1380 2653 1481 2764 έντῇ

278 2788 400 2887 σαρκί,
418 2785 568 2889 πέμψας
594 2782 658 2863 τὸν
676 2782 766 2863 ’ίδιον
783 2782 874 2862 Υἰὸν
893 2785 913 2863 ό
932 2781 1026 2868 Θεὸς
1052 2787 1111 2864 καὶ
1135 2783 1264 2884 Πατὴρ
1289 2784 1327 2862 έν
1346 2782 1477 2880 ὁμοιώ·
1495 2819 1537 2862 το

278 2943 364 3009 ματι
389 2907 525 3011 σαρκὸς
551 2908 738 3009 ἁμαρτίας.
778 2905 874 2987 Θεὸν
891 2905 963 3010 γὰρ
989 2905 1077 2988 ὄντα
1102 2906 1195 2988 κατὰ
1219 2905 1345 3012 φύσιν,
1366 2909 1424 2984 καί
1443 2906 1482 2984 έκ

278 3037 343 3132 τῆς
361 3033 487 3116 οὐσίας
505 3031 614 3142 αὐτοῦ
632 3030 820 3135 πεφηνότα
838 3034 897 3110 καὶ
915 3029 957 3111 τὸ
976 3031 1153 3132 ἄτρεπτον
1170 3031 1300 3136 έχοντα
1318 3035 1482 3137 φυσικῶς

278 3161 343 3256 τῆς
371 3155 543 3255 ἰδιότητος
570 3156 690 3252 αὐτοῦ,
716 3153 774 3234 διά
801 3189 840 3234 τε
869 3162 975 3235 τοῦτο
1002 3150 1052 3254 μὴ
1080 3153 1199 3234 εἰδότα
1225 3159 1413 3238 παντελῶς
1439 3149 1482 3231 τὸ

279 3285 476 3360 διολισθεῖν
498 3285 546 3364 εἰς
576 3278 763 3381 ἁμαρτίαν,
781 3277 894 3380 ἤγουν
916 3277 1214 3382 παρατρέπεσθαί
1235 3311 1298 3359 ποι
1324 3275 1415 3378 πρὸς
1439 3271 1481 3354 τὸ

280 3402 332 3502 μὴ
361 3403 444 3507 έχον
471 3405 597 3504 ὀρθῶς,
620 3409 669 3486 εἰς
696 3401 763 3501 τὴν
791 3400 1068 3482 ύποπίπτουσαν
1094 3409 1140 3507 τῇ
1168 3404 1277 3503 σαρκὶ
1305 3400 1482 3504 ἁμαρτίαν
1495 3429 1537 3494 25

253 3529 482 3624 οκαταβῆναι
509 3525 781 3626 παρεσκεύασεν
804 3527 974 3623 ἐθελοντὶ,
992 3525 1051 3607 ἵνα
1079 3527 1170 3606 ἰδίαν
1191 3523 1303 3625 αὐτὴν
1320 3521 1478 3624 ποιησά-

282 3681 387 3747 μενος
409 3646 540 3751 σάρκα,
558 3646 650 3748 πρὸς
674 3646 717 3727 τὸ
742 3648 831 3727 ἴδιον
854 3650 963 3728 αὐτοῦ
988 3652 1048 3729 καί
1074 3647 1231 3756 φυσικὸν
1249 3646 1480 3752 μεταστήσῃ,

283 3772 457 3868 τουτέστι,
485 3770 527 3851 τὸ
555 3767 605 3870 μή
636 3770 861 3873 ἁμαρτάνειν.
908 3773 951 3851 οὐ
983 3770 1055 3876 γὰρ
1086 3771 1201 3871 δήπου
1231 3770 1484 3870 διακεισόμεθα

284 3902 499 4003 φρονοῦντες
517 3897 642 3996 ὀρθῶς,
660 3894 715 3974 ὅτι
734 3893 777 3994 δή
796 3893 965 4003 μόνῳτῷ
983 3894 1098 4002 οἰκείῳ
1122 3899 1197 4002 ναῷ
1221 3903 1327 3976 τοῦτο
1352 3927 1481 3998 κατορ-

283 4020 416 4100 θώσων
437 4018 584 4121 γέγονεν
607 4018 794 4120 ἅνθρωπος
819 4017 839 4096 ό
868 4015 1092 4120 Μονογενής·
1126 4025 1198 4099 ποῦ
1223 4015 1295 4122 γάρ
1320 4015 1365 4098 ἀν
1388 4018 1484 4102 όλως
1497 4061 1537 4120 30

284 4146 399 4252 ὁρῷτο
417 4147 481 4242 τῆς
499 4146 548 4227 ὡς
566 4143 657 4242 ἡμᾶς
675 4141 833 4248 ἀφίξεως
850 4139 892 4222 τὸ
909 4141 1183 4245 μεγαλοπρεπές
1202 4144 1261 4222 καὶ
1279 4141 1481 4249 ὠφέλιμον,

321 4371 348 4424 8.
366 4368 429 4425 εἰναι
442 4389 490 4442 pro
502 4367 572 4440 οἶμαι
586 4371 618 4425 E.
748 4387 790 4425 τι.
809 4369 935 4440 ἁμαρτίαν
947 4368 980 4424 E.
1109 4383 1152 4440 25.
1171 4367 1361 4442 legendumne
1372 4365 1484 4439 ἁμαρτίᾳ

286 4441 370 4580 ῳάήκο
380 4445 419 4564 ΡΕ
550 4459 593 4512 30.
612 4441 745 4511 ἅνθρωπος
757 4441 864 4513 γέγονεν
875 4440 982 4496 inverso
993 4437 1087 4495 ordine
1100 4438 1133 4495 E.
1294 4455 1339 4512 31.
1357 4441 1437 4510 ὁρᾶτο
1450 4439 1483 4494 Ε.

287 4532 320 4566 ος
348 4531 383 4565 εις
422 4549 428 4564 .
