3184 5104
413 343 477 405 100
714 337 753 402 Β.
777 336 990 402 CYRILLI
1020 335 1310 400 ALEXANDR.
1473 356 1485 396 τ

413 502 480 603 τὴν
507 502 598 584 κατὰ
627 502 736 601 νόμον
760 505 943 608 λατρείαν,
971 507 1029 582 καὶ
1056 505 1113 582 ἐπὶ
1140 501 1238 581 τέλει
1265 507 1338 581 τῶν
1364 507 1485 605 προφη

247 641 363 698 ῡθθΑ·
384 627 563 711 νΔίκοιος
590 625 702 711 ὅντως
729 625 932 728 ἐπεδήμησε
960 626 1133 729 Χριστὸς,
1161 627 1204 704 οὐ
1237 623 1393 728 καρποὺς
1424 622 1485 704 τοι)

414 756 482 854 γῆς
505 750 760 853 προσκομίζων
778 756 826 835 είς
852 751 983 830 θυσίαν
1002 756 1054 858 τῷ
1076 756 1160 858 Θεῷ
1185 753 1242 830 καὶ
1263 752 1396 851 Πατρὶ,
1418 751 1485 827 ἀλλ

413 879 477 975 τῆς
510 872 679 956 ἁπάντων
711 874 801 978 ζωῆς
836 909 875 954 τε
913 878 971 954 καὶ
1003 875 1185 978 σωτηρίας
1222 877 1270 957 ὡς
1307 873 1455 972 ἄμωμον

413 999 539 1079 ἑαυτὸν
557 1001 696 1082 ἀναθεὶς
723 1004 772 1082 εἷς
797 998 917 1098 ὀσμὴν
936 997 1080 1082 εὐωδίας
1102 999 1212 1104 αὐτῷ.
1251 995 1485 1094 ἀποπεμπὸμε

413 1122 542 1207 ὁθεὸς
562 1126 619 1202 καὶ
640 1120 770 1224 Πατὴρ
789 1118 855 1220 τήν
874 1121 965 1200 κατὰ
985 1119 1094 1218 νόμον
1110 1123 1278 1225 λατρείαν
1293 1124 1340 1203 ὡς
1358 1124 1485 1221 γεωδεο

412 1245 622 1350 προσέσχεν
648 1249 705 1326 ἐπὶ
733 1251 778 1350 τῇ
807 1247 916 1352 θυσίᾳ
945 1254 1009 1325 τοῦ
1037 1249 1203 1347 Σωτῆρος
1234 1247 1333 1344 ήμῶν
1352 1249 1485 1344 Χριστι

414 1372 457 1451 δέ
481 1371 689 1474 Προσέσχε,
712 1369 754 1450 τὸ
782 1369 980 1473 προσήσθη
1009 1375 1125 1467 δηλοῖ.
1166 1366 1241 1448 εἶτα
1268 1367 1306 1447 τί
1329 1366 1419 1469 πρὸς
1446 1401 1485 1444 το

414 1495 607 1594 ἐπετιμήθη
629 1493 723 1574 Κάῖν
740 1495 807 1598 οὐχ
826 1497 874 1578 ὡς
892 1495 1008 1595 ὀρθῶς
1027 1492 1167 1584 διελὼν,
1188 1497 1246 1572 καὶ
1264 1494 1477 1596 διελεγχθεὶς

413 1618 477 1698 τὸν
496 1618 644 1724 φθόνον,
664 1619 726 1697 ἐπί
745 1651 782 1696 τε
809 1617 851 1696 τὸ
870 1616 1032 1721 φονεύειν
1050 1619 1200 1718 ἀκρίτως
1219 1619 1324 1723 ὁρμᾷ.
1365 1619 1485 1694 ἐνονθέ

380 1742 507 1826 δθεὸς
535 1745 573 1821 ἐν
589 1747 667 1848 Υίῷ
694 1739 759 1821 τὸν
784 1749 857 1820 τῶν
875 1742 1059 1821 Ἰουδαίων
1081 1741 1183 1839 λαὸν,
1203 1740 1330 1846 ἀπῄτει
1357 1739 1402 1819 τὰ
1430 1773 1485 1840 κρε

413 1864 497 1969 παρ’
517 1867 635 1945 αὐτῶν
656 1871 705 1948 εἷς
730 1867 967 1972 δωροφορίαν,
988 1865 1054 1964 τὴν
1073 1864 1164 1945 κατὰ
1190 1863 1300 1963 νόμον
1321 1867 1485 1966 λατρείαν

412 1989 545 2069 στοίναι
581 1987 822 2090 προστοίττων
859 1995 907 2072 είς
946 1988 1185 2090 πνευματικήν
1222 1985 1485 2094 καρποφόρησιι

412 2112 674 2213 μεταπλοίττειν
706 2111 748 2192 τὸ
785 2113 935 2215 γράμμα
971 2115 1184 2217 προτρέπων
1216 2120 1264 2198 εἰς
1296 2115 1479 2212 ἀλήθειαν.

411 2235 644 2343 ἐλεγχόμενοι
672 2237 944 2340 χαλεπαίνουσι,
964 2239 1023 2316 καὶ
1046 2236 1268 2337 πλήττονται
1293 2235 1358 2336 μέν
1379 2242 1430 2343 τῷ
1454 2271 1485 2314 π

412 2360 548 2468 φθόνῳ,
581 2366 724 2466 φονῶσι
757 2357 796 2437 δέ
834 2364 891 2438 καὶ
930 2359 1059 2443 ἀδίκως
1091 2358 1184 2440 κατὰ
1214 2369 1278 2440 τοῦ
1311 2363 1479 2460 Σωτῆρος

413 2489 590 2586 Χριστοῦ.
628 2481 814 2583 ἠπάτησεν
838 2485 859 2561 ὁ
890 2481 984 2562 Κοίῖν
1010 2479 1073 2563 τὸν
1094 2481 1229 2581 Ἀβελ,
1255 2485 1313 2563 καὶ
1341 2479 1469 2577 λαβὼν

412 2606 534 2686 πεδίον
551 2606 661 2713 ἔδειξε
687 2605 824 2706 νεκρόν·
855 2604 1049 2707 ἠπάτησαν
1068 2609 1197 2706 ὁμοίως
1221 2607 1263 2687 τὸ
1288 2607 1379 2686 ὅσον
1400 2609 1456 2709 ἐφ’
1477 2643 1484 2683 ι

382 2728 576 2809 οἸοοδοῖοι
612 2727 675 2808 τὸν
707 2728 874 2831 Χριστὸν
910 2733 948 2808 ἐν
984 2730 1148 2834 σχήματι
1184 2733 1297 2836 φίλου
1333 2729 1398 2809 τὸν
1433 2763 1484 2830 πρ

413 2853 704 2950 ἀποστείλαντες,
724 2851 762 2937 ὃς
788 2855 846 2933 ἵνα
871 2859 1022 2961 παροδῴ
1046 2854 1138 2957 πρὸς
1162 2852 1273 2933 αὐτὸν
1290 2855 1484 2959 ἀφιγμένος

242 2979 367 3112 {fflftsss
412 2983 532 3075 τηλῶς
569 2974 817 3078 κατησπάζετο
861 2975 980 3076 λέγων
1017 2989 1039 3024 “
1057 2983 1172 3080 Χαῖρε
1212 2977 1361 3081 ῥαββί.”
1410 2979 1483 3054 ἀλλ

413 3097 589 3196 λαβόντες
619 3097 727 3178 αὑτὸν
757 3104 806 3182 είς
834 3097 876 3178 τὸ
906 3101 1040 3198 πεδίον,
1068 3102 1265 3199 τουτέστιν,
1292 3101 1363 3207 ἔξω
1396 3105 1462 3199 τῆς

243 3223 365 3341 {ffbffl
413 3221 661 3329 διεχρήσαντο.
696 3233 719 3269 “
733 3222 803 3329 ἐξω
831 3221 902 3324 γὰρ
930 3227 995 3322 τῆς
1022 3223 1164 3325 πύλης”
1185 3223 1341 3305 πέπονθε
1369 3226 1412 3304 δι’
1434 3226 1483 3324 ήμ

412 3349 500 3449 ὑπὲρ
528 3349 666 3447 ήμῶνό
692 3346 864 3449 Χριστός.
905 3347 990 3454 ὁρᾷς
1016 3347 1078 3427 οὖν
1102 3347 1198 3432 ὅπως
1226 3354 1277 3454 τῷ
1304 3345 1370 3447 μέν
1388 3349 1483 3450 Ἀβρ

410 3479 484 3555 τοῖς
520 3471 565 3576 ἐξ
598 3471 730 3550 ἐκείνου
767 3471 938 3572 γεγονόσι
974 3479 1166 3577 προσεχῶς
1202 3474 1277 3552 κατ’
1316 3472 1444 3551 οὐδένα
1479 3509 1482 3525 ⁴

409 3595 559 3678 ἐοικότες
577 3595 801 3690 ἁλίσκονται,
821 3602 886 3673 τοῦ
904 3592 942 3673 δέ
961 3596 1051 3674 ἰδίου
1069 3598 1127 3674 καὶ
1145 3595 1345 3699 πρέποντος
1362 3595 1477 3677 ὅντως

410 3715 547 3820 πατρὸς
571 3717 696 3821 έχουσι
720 3713 787 3815 τήν
812 3714 939 3812 εἰκόνα,
958 3716 1180 3825 σόμμορφόν
1201 3753 1240 3798 τε
1269 3722 1326 3798 καὶ
1354 3753 1482 3820 συγγει

375 3842 537 3932 ἀκακίαν
555 3842 651 3946 αὐτῷ
670 3848 861 3922 νοσοῦντες
880 3839 1048 3938 ἐκτόπως,
1068 3843 1209 3924 δικαίως
1228 3840 1421 3922 ἀκούουσιν
1440 3843 1481 3948 ‘T⁴

410 3968 465 4046 τοῦ
490 3962 618 4073 πατρὶς
643 3965 698 4042 τοῦ
723 3959 889 4056 διαβόλου
913 3961 986 4043 ἑστέ
1014 3973 1073 4044 καὶ
1103 3963 1166 4052 τοὶς
1192 3963 1373 4071 ἐπιθυμίας
1402 3969 1458 4046 τοῦ

411 4086 499 4192 ὑμῶν
521 4087 630 4168 θέλετε
654 4090 765 4166 ποιεῖν·
800 4087 917 4172 ἐκεῖνος
941 4085 1200 4192 ἀνθρωποκτόνος
1223 4097 1256 4182 ἦν
1278 4094 1343 4170 ἀπ’
1363 4089 1474 4196 ἀρχῆς

411 4214 450 4322 τῇ
475 4209 615 4321 ἀληθείᾳ
645 4215 707 4308 οὐχ
735 4207 869 4304 ἕστηκεν
892 4211 939 4289 ’ότι
969 4215 1027 4292 οὐκ
1057 4215 1142 4294 ἐστιν
1166 4209 1307 4307 ἀλήθεια
1335 4215 1365 4294 ἓν
1392 4220 1481 4323 αὐτᾷ

446 4431 472 4484 8.
490 4429 629 4500 προσήσθή
645 4429 677 4484 Β.
690 4427 828 4500 προσήχθη
844 4428 934 4484 Holst.
949 4427 1000 4483 Ed.
1111 4448 1152 4503 19.
1171 4431 1291 4488 Ἰουδαῖοι
1304 4451 1328 4488 ιι.
1344 4433 1393 4488 Ht.
1409 4433 1461 4488 Ed.
1476 4457 1480 4486 ι

412 4499 443 4556 Β.
481 4501 618 4554 “Formi
631 4501 762 4554 ίονδοῖοι”
778 4501 876 4572 Heyse.
932 4500 1024 4569 φιλίας
1036 4517 1060 4554 a.
1176 4520 1218 4559 20.
1236 4505 1344 4577 παραδῷ
1358 4505 1480 4574 Β.παροι’

411 4570 462 4626 Ed.
475 4569 572 4626 desunt
584 4569 648 4626 haec
662 4571 742 4626 verba
753 4570 780 4624 in
793 4588 817 4624 ο.
891 4586 932 4640 τ3.
952 4568 1141 4642 διεχειρίσαντο
1153 4591 1177 4627 a.
1251 4591 1294 4641 ²4·
1313 4573 1328 4642 ἣ
1343 4575 1375 4630 Β.
1388 4577 1413 4629 οἱ
1429 4576 1478 4630 Ht.
