3274 5118
302 335 368 398 550
608 329 648 396 B.
672 331 882 398 CYRILLI
911 331 1203 398 ALEXANDR.
1407 351 1463 392 xv.
1477 347 1509 394 ο.

272 494 555 600 οσυνεργάζεται
573 495 678 594 θεὸς,
697 495 857 600 καθάπερ
875 499 944 577 τινὶ
962 494 1120 603 δρεπάνη
1142 503 1188 602 τῇ
1210 503 1274 577 τοῦ
1292 493 1510 593 Πνεύματος

301 623 458 728 ἐνεργείᾳ
485 619 677 726 χριόμενος,
696 623 754 702 καὶ
781 620 1000 724 περιτέμνων
1027 623 1065 700 έν
1089 622 1219 719 αὐτοῖς,
1240 619 1327 701 ποτέ
1350 616 1417 718 μέν
1440 615 1509 700 τὰς

301 743 443 846 ήδονάς,
466 743 504 824 αἳ
532 746 585 825 ἀεὶ
614 751 793 824 καλοῦσιν
815 750 864 829 είς
892 745 1138 852 φιλοσαρκίαν
1161 747 1220 826 καὶ
1246 741 1346 842 πύθη
1371 776 1506 841 σωμα-

300 869 394 968 τικά,
412 867 501 950 ποτέ
520 866 558 948 δέ
578 869 623 948 αὖ
641 867 755 949 πάλιν
773 865 819 949 τὰ
837 868 911 950 ὅσα
927 903 997 974 περ
1015 865 1088 950 οἶδε
1111 875 1189 954 ταῖς
1213 875 1285 949 τῶν
1303 867 1510 969 ἀνθρώπων

301 992 514 1092 συμβαίνειν
532 997 680 1100 ψυχαῖς,
699 991 758 1073 διά
775 992 943 1095 ποικίλης
960 1001 1080 1074 κακῶν
1098 992 1190 1078 ίδέας
1209 997 1509 1074 κατασπιλοῦντα
1524 1015 1544 1076 5

300 1117 366 1198 τὸν
385 1126 479 1200 νοῦν.
515 1115 651 1219 ταύτην
667 1116 741 1222 γάρ
766 1113 858 1199 εἶναί
879 1126 1000 1226 φαμεν
1018 1117 1084 1219 τήν
1101 1115 1369 1224 ἀχειροποίητόν
1387 1149 1427 1194 τε
1446 1117 1509 1193 καὶ

302 1245 340 1322 έν
358 1242 542 1342 Πνεύματι
567 1242 760 1342 νοουμένην
781 1242 987 1346 περιτομήν,
1009 1245 1090 1346 περὶ
1118 1242 1161 1342 ἧς
1188 1243 1208 1322 ὁ
1232 1237 1382 1322 Παῦλός
1410 1237 1515 1343 φησί

300 1365 394 1448 ποτέ
407 1365 473 1465 μέν
491 1377 514 1414 “
527 1368 586 1446 Ού
614 1363 686 1470 γάρ
713 1368 732 1446 ὁ
758 1368 796 1446 έν
813 1372 865 1474 τῷ
889 1371 1035 1475 φανερῷ
1050 1364 1221 1450 Ἰουδαῖός
1245 1368 1356 1462 έστιν,
1376 1360 1459 1442 οὐδὲ
1484 1361 1510 1460 ἡ

268 1499 324 1565 d“
343 1475 381 1572 έν
405 1496 457 1599 τῷ
485 1495 629 1598 φανερῷ
655 1493 694 1570 έν
718 1493 828 1593 σαρκὶ
855 1489 1040 1594 περιτομὴ,
1063 1492 1149 1570 ἀλλ’
1170 1491 1190 1570 ὁ
1218 1491 1256 1570 έν
1280 1495 1332 1595 τῷ
1360 1485 1510 1592 κρυπτῷ

303 1625 325 1664 “
342 1617 523 1712 Ἰουδαῖος,
539 1615 598 1694 καὶ
621 1613 795 1718 περιτομὴ
820 1613 966 1718 καρδίας
990 1617 1028 1694 έν
1045 1613 1221 1713 πνεύμονι
1244 1614 1286 1693 ού
1304 1610 1507 1716 γράμματι·
1526 1643 1567 1686 ιο

304 1749 326 1787 “
344 1737 387 1818 οὗ
411 1740 431 1818 ό
457 1738 599 1822 ἔπαινοι·
624 1739 688 1818 ούκ
715 1737 758 1846 ἐξ
780 1737 980 1842 ἀνθρώπων
1001 1739 1086 1818 ἀλλ’
1106 1739 1145 1818 ἐκ
1170 1745 1234 1819 τοῦ
1257 1733 1389 1817 θεοῦ·”
1417 1729 1510 1815 ποτὲ

304 1861 343 1943 δέ
368 1859 482 1942 πάλιν
500 1871 521 1910 “
534 1863 601 1942 Ἐν
624 1859 653 1970 ᾧ
679 1864 737 1942 καὶ
762 1861 1023 1947 πιστεύσαντες
1048 1861 1303 1966 περιετμήθητε
1331 1862 1510 1962 περιτομῇ

305 1997 327 2036 “
345 1983 638 2096 ἀχειροποιήτω.”
671 1983 863 2095 φάσκουσί
884 2021 923 2067 τε
946 1985 1039 2090 πρὸς
1062 1985 1177 2067 ταῦτά
1201 2019 1313 2082 τισιν,
1335 1987 1383 2068 ὡς
1408 1982 1511 2082 ε’ίπερ

304 2143 359 2196 τις
376 2109 513 2214 γένοιτο
532 2109 765 2215 διακάθαρσις
782 2118 856 2196 τοῖς
880 2114 944 2210 τῆς
969 2114 1097 2210 νοητῆς
1119 2109 1284 2210 ἀμπέλου
1303 2106 1507 2209 κλήμασιν,

305 2235 371 2315 ούκ
396 2231 440 2315 ἀν
458 2231 555 2334 οἶμαι
580 2235 664 2341 δίχα
687 2233 800 2316 πόνου
822 2232 1067 2335 συμβήσεται,
1087 2237 1197 2338 ἀλγεῖ
1217 2232 1289 2338 γάρ
1311 2239 1507 2328 τοσοῦτον,
1526 2261 1563 2322 15

306 2357 398 2439 ὅσον
414 2393 454 2440 τε
472 2363 531 2439 καὶ
550 2358 647 2444 ὅπως
664 2355 757 2440 οἶδεν
775 2361 902 2460 ἀλγεῖν
918 2357 961 2438 τδ
987 2357 1112 2467 ξύλον·
1141 2355 1330 2462 ἀναλόγως
1355 2357 1418 2438 οὖν
1437 2355 1511 2459 ἄρα

307 2485 366 2562 καὶ
391 2483 449 2563 έπὶ
472 2467 546 2563 τῶν
567 2483 680 2584 ἁγίων
702 2481 796 2582 ἡμᾶς
823 2485 954 2583 νοῆσαι
981 2481 1173 2586 προσήκοι,
1190 2480 1453 2581 συναινεσομείι
1469 2514 1511 2560 τε

277 2607 367 2686 οκαὶ
394 2615 612 2710 συνερούμεν
640 2608 679 2686 εὖ
705 2606 807 2705 μάλα
835 2605 1093 2706 διεσκεμμένοι.
1132 2607 1288 2687 παιδεύει
1315 2603 1388 2707 γάρ
1417 2605 1511 2703 ήμάς

308 2727 367 2808 διά
385 2727 498 2810 πόνου
516 2733 575 2810 καὶ
595 2731 757 2835 θλίψεως
777 2731 797 2808 ὁ
816 2729 1012 2836 φιλάρετος
1031 2730 1133 2830 ἡμῶν
1151 2727 1256 2814 Θεός.
1297 2731 1355 2809 καὶ
1379 2735 1470 2832 γοῦν
1488 2729 1511 2807 ό

139 2879 258 2942 mm.
306 2851 497 2958 προφήτης
522 2853 607 2953 ἡμῖν
625 2851 786 2937 Ἡσαΐας
814 2855 930 2960 φησίν
949 2851 1071 2933 “Ὀτι
1095 2857 1264 2934 έκπλυνεΐ
1287 2852 1421 2956 Κύριος
1446 2849 1511 2932 τὸν
1526 2889 1563 2930 ιο

307 2985 329 3024 “
346 2976 462 3081 ῥύπον
489 2984 562 3058 τῶν
590 2981 674 3058 υίῶν
702 2981 760 3057 καὶ
792 2983 866 3057 τῶν
892 2975 1099 3080 θυγατέρων
1127 2977 1235 3075 Σιὼν,
1264 2976 1392 3057 καὶτὸ
1420 2973 1511 3074 αἷμα

134 1363 208 1412 Rom.
219 1361 246 1411 n.

137 1431 175 1488 28,
185 1443 223 1492 ιο.

308 3111 330 3150 “
347 3103 549 3206 έκκαθαριεΐ
563 3104 602 3182 έκ
619 3101 734 3201 μέσον
752 3102 870 3181 αὐτῶν
887 3103 925 3180 ἐν
943 3100 1118 3200 πνεύματι
1136 3101 1288 3204 κρίσεως
1312 3103 1371 3180 καὶ
1395 3099 1508 3180 πνεύ-

307 3236 330 3275 “
347 3261 434 3327 ματι
464 3229 660 3314 καύσεως·”
700 3230 759 3309 καὶ
789 3227 895 3312 αὐτὸς
925 3223 963 3306 δέ
991 3225 1084 3328 πρὸς
1112 3223 1229 3332 τούτῳ
1264 3226 1284 3303 ό
1314 3222 1510 3307 θεσπέσιος

138 3345 206 3476 ἔθ’
218 3344 262 3395 ¹¹³·
310 3355 461 3433 Παῦλος
480 3360 501 3397 “
514 3356 560 3430 Εἰ
577 3353 738 3431 παιδείαν
758 3349 959 3450 ὑπομένετε,
979 3351 1027 3434 ὡς
1053 3353 1138 3433 υἱοῖς
1163 3350 1246 3448 ὑμῖν
1263 3347 1510 3454 προσφέρεται

139 3490 258 3548 Bm.
278 3473 369 3551 ιι“ὁ
395 3472 500 3556 θεός·
543 3474 596 3557 τίς
622 3473 694 3576 γάρ
722 3476 822 3552 έστιν
847 3473 930 3572 υἱὸς,
955 3471 996 3553 δν
1020 3473 1063 3553 ού
1089 3473 1247 3553 παιδεύει
1273 3471 1424 3576 πατήρ·”
1451 3475 1509 3552 καὶ
1524 3502 1560 3563 ι5

308 3593 381 3696 μὴν
399 3599 456 3676 καὶ
476 3595 581 3681 αὐτὸς
601 3599 621 3677 ὁ
639 3595 773 3681 παντὸς
791 3596 949 3676 ἐπέκεινα
968 3597 1150 3694 θαύματος
1168 3603 1240 3676 τῶν
1259 3597 1373 3698 ἁγίων
1387 3595 1507 3701 χορὸς,

307 3715 374 3817 τήν
401 3719 461 3799 διὰ
492 3727 565 3799 τῶν
592 3717 706 3821 ἁγίων
731 3717 945 3825 πεφυκότων
975 3721 1039 3799 οὐκ
1070 3718 1277 3800 ἀποσείεται
1306 3719 1507 3819 παίδευσιν,

307 3843 560 3942 ἀσμενέστατα
584 3840 623 3922 δέ
643 3848 790 3941 μᾶλλον
807 3844 994 3945 προσίεται
1018 3843 1138 3944 λέγων
1156 3854 1177 3891 “
1192 3843 1399 3924 Παίδενσον
1417 3844 1510 3944 ἡμᾶς

308 3977 330 4016 “
351 3967 471 4068 Κύριε,
499 3965 598 4067 πλὴν
626 3970 664 4046 έν
691 3965 807 4069 κρίσει
835 3970 893 4044 καὶ
919 3965 970 4067 μὴ
999 3968 1038 4047 έν
1063 3973 1175 4075 θυμῷ,
1199 3968 1258 4048 ίνα
1284 3967 1335 4068 μὴ
1363 3967 1510 4070 ὀλίγους

309 4101 330 4138 “
348 4091 442 4190 ἡμᾶς
459 4089 649 4198 ποιήσης.”
679 4092 717 4170 έν
736 4093 837 4198 θυμῷ
855 4087 921 4188 μέν
939 4089 1011 4194 γὰρ
1037 4090 1060 4190 ή
1086 4089 1288 4195 ὁλόκληρος
1312 4089 1416 4172 ἔσται
1436 4097 1510 4171 τῶν
1523 4120 1561 4177 30

274 4213 482 4318 οάκάρπων
499 4214 695 4316 κλημάτων
714 4212 929 4315 ἀπότμησις,
948 4215 1080 4314 πέμπει
1102 4213 1174 4318 γάρ
1199 4221 1248 4301 είς
1269 4213 1435 4295 κόλασιν·
1473 4217 1510 4296 έν

345 4494 372 4544 4.
391 4474 433 4546 δὲ]
447 4474 469 4530 δ’
483 4475 516 4532 Ε.
635 4479 662 4532 8.
679 4476 803 4545 πατίμίν
816 4477 854 4532 Οὐ
883 4478 916 4549 ἀρ
929 4480 944 4532 ὁ
957 4477 1092 4533 manta
1103 4477 1168 4532 κοτέ
1179 4477 1331 4548 transponit
1342 4475 1426 4540 Aah„
1439 4475 1511 4534 uude

310 4562 364 4601 om.
378 4545 480 4616 Μίμας.
588 4562 631 4616 ι5.
649 4545 748 4620 πατήρ]
762 4547 807 4604 hic
820 4499 903 4604 ιοτδο
914 4549 956 4604 κοί
967 4547 1164 4620 αὐτὸς-τοτήρ
1177 4548 1275 4604 iterum
1288 4548 1383 4619 repetit
1395 4547 1469 4604 Aah.
