3184 5104
409 325 472 390 114
710 333 749 396 B.
774 330 985 396 CYRILLI
1015 326 1304 394 ALEXANDR.
1472 343 1492 382 v

408 491 500 594 ζωὴν
532 493 675 576 διδόντα
706 493 773 596 τὴν
806 494 950 575 αἰώνιον
986 501 1060 578 τοῖς
1090 490 1259 574 ε’θέλουσι
1290 494 1395 596 τηρεῖν
1422 487 1472 566 τὶν

409 618 528 697 αὐτοῦ.
559 615 583 718 ἢ
602 618 674 723 γιὶρ
694 620 773 725 οὐχὶ
791 618 885 700 κατὰ
903 618 1018 725 φύσιν
1033 615 1204 721 ύπάρχων
1219 613 1311 698 θεὸς
1329 613 1387 692 καὶ
1405 608 1492 690 διοὶτ

407 740 662 843 γνωσθήσεται
674 776 685 840 ;
718 744 787 822 τίνι
810 741 882 845 γάρ
905 739 950 822 ἀν
968 741 1076 849 ἑτέρερ
1098 739 1227 845 πρέποι
1252 736 1294 818 τὸ
1320 735 1492 816 δύνασθαι

407 871 521 944 ποιεῖν
539 869 650 944 εὶσαεὶ
666 865 750 950 τοὺς
767 872 840 946 τῶν
858 866 943 970 παρ’
963 867 1073 945 αὐτοῦ
1092 861 1335 967 ἀκροωμένους
1353 858 1485 960 λόγων,

380 993 462 1094 θτῷ
479 1023 522 1091 γε
541 987 617 1068 ὄντι
635 987 727 1070 κατὰ
746 989 861 1096 φύσιν
872 995 978 1097 Θεῷ;
1001 995 1158 1091 τηρεῖται
1176 985 1290 1090 γεμὴν
1305 986 1324 1064 ὁ
1342 982 1454 1085 λόγος
1471 981 1490 1059 ὁ

410 1113 452 1190 ού
469 1111 756 1216 παραβαίνοντός
773 1147 870 1196 τινος
891 1109 958 1211 τὴν
977 1111 1075 1192 θείαν
1093 1109 1255 1210 ἐντολὴν,
1274 1108 1358 1188 ἀλλ’
1378 1109 1492 1186 ἐνιστο

409 1237 468 1314 καὶ
496 1237 652 1338 δρῶντος
679 1238 857 1336 ἀμελλητὶ
884 1233 927 1316 τό
955 1233 1244 1332 κεκελευσμένον,
1270 1233 1329 1312 καὶ
1356 1227 1447 1310 κατοὶ
1475 1263 1492 1326 ρ

410 1357 545 1460 τρόπον
571 1360 624 1439 ἐπ’
652 1360 760 1467 ἀργίᾳ
787 1365 861 1440 τῶν
887 1359 991 1439 θείων
1018 1357 1327 1461 κατηγορουμένου
1355 1353 1486 1452 νόμων.

411 1481 507 1584 τήρει
535 1481 573 1562 δὲ
600 1481 713 1564 πάλιν
740 1482 833 1582 ὅσην
861 1485 881 1563 ὁ
909 1481 1022 1584 λόγος
1049 1482 1121 1589 ἔχει
1149 1479 1215 1581 τὴν
1242 1481 1436 1584 ἀκρίβειαν·
1469 1511 1492 1554 ο

410 1605 584 1711 ἠνέσχετο
605 1605 723 1708 λέγειν
740 1605 831 1686 Ἐάν
849 1641 903 1692 τις
928 1606 992 1686 τὸν
1010 1605 1097 1706 ε’μδν
1115 1604 1255 1710 ἀκούσῃ
1282 1601 1407 1705 λόγον,
1426 1603 1492 1679 ἀλλ

412 1764 461 1815 τις
486 1729 538 1810 τὶν
556 1727 632 1836 ἐμὶν
650 1731 752 1833 λόγον
769 1734 897 1844 τηρήσῃ.
937 1730 1100 1836 δέχονται
1125 1729 1191 1829 μέν
1212 1727 1283 1832 γιὶρ
1308 1733 1356 1812 εὶς
1382 1727 1443 1810 οὖς
1467 1721 1492 1802 τί

412 1859 509 1934 Θεοῦ
528 1853 652 1956 λόγον,
672 1855 736 1934 οὐκ
761 1855 943 1957 ἅνθρωποι
964 1853 1076 1953 μόνον
1094 1854 1268 1956 ἁμαρτίας
1290 1852 1416 1956 ἔνοχοι,
1437 1852 1492 1927 ἀλ.

412 1975 499 2058 αὐτό
524 1985 597 2058 τῶν
615 1977 794 2077 δαιμόνων
810 1976 853 2060 τό
878 1975 1028 2058 ἀνόσιον
1045 1984 1192 2083 στῖφος·
1224 1977 1283 2057 καὶ
1308 1983 1396 2078 γοῦν
1419 1976 1439 2053 ὃ
1465 2007 1492 2052 π

244 2117 357 2178 um
384 2100 608 2204 οὴγούμενος
635 2107 809 2200 Σατανᾶς,
833 2100 892 2183 ὅτε
920 2099 984 2181 τόν
1004 2101 1140 2204 Κύριον
1165 2101 1267 2201 ἡμῶν
1284 2100 1430 2196 Ἰησοῦν
1447 2102 1492 2198 Χρ

242 2246 314 2362 ἐς·
325 2243 369 2324 88,-
412 2224 587 2330 πειρύζειν
609 2223 746 2326 ἐτόλμα
770 2223 862 2306 κατὰ
882 2223 948 2326 τὴν
971 2225 1113 2329 ἔρημον,
1132 2224 1310 2328 λακτίζων
1327 2229 1375 2308 εὶς
1400 2222 1492 2323 κέντρ

232 2325 368 2441 τάπ’
412 2348 559 2449 πολλὴν
586 2351 685 2450 ἠθῶν
712 2347 918 2452 ἀγριότητα,
947 2352 1007 2429 καὶ
1037 2354 1132 2428 θεῖον
1159 2348 1256 2455 αὐτῷ
1286 2346 1467 2449 παρετίθει

246 2491 345 2572 §.Lam
414 2483 437 2521 “
455 2474 662 2577 Γέγραπται
680 2471 806 2580 φήσας
825 2471 880 2552 ότι
904 2480 978 2557 τοῖς
1003 2469 1173 2575 ἀγγέλοις
1196 2472 1307 2551 αὐτοῦ
1324 2473 1492 2550 ἐντελεῖτο

244 2571 342 2675 ’ύὶίὲἀ
415 2608 437 2646 “
454 2606 525 2677 σοῦ
542 2607 607 2678 τοῦ
626 2595 850 2704 διαφυλάξαι
867 2630 912 2675 σε
931 2597 969 2677 ἐν
986 2593 1124 2680 πάσαις
1141 2602 1219 2678 ταῖς
1237 2596 1331 2679 ὁδοῖς
1349 2593 1455 2674 σου.”
1485 2629 1492 2672 ι

248 2701 287 2740 ¹¹⁹
414 2722 478 2802 οὐκ
496 2723 534 2801 ἐν
552 2718 723 2824 ἀκροάσει
747 2725 846 2827 ψιλῇ
873 2723 938 2819 τῆς
963 2719 1146 2824 σωτηρίας
1172 2721 1192 2800 ὁ
1218 2718 1340 2820 λόγος,
1359 2715 1439 2797 οὐδὲ
1458 2718 1492 2796 ἐν

413 2847 465 2953 τῷ
496 2850 623 2945 μαθεῖν
652 2844 675 2944 ἡ
709 2843 790 2948 ζωὴ,
818 2841 904 2922 ἀλλ’
933 2845 970 2923 έν
998 2849 1050 2950 τῷ
1079 2847 1237 2947 τηρῆσαι
1265 2839 1308 2922 τὸ
1338 2838 1492 2921 ἀκουσθέ

414 2966 541 3072 ὥσπερ
568 2966 650 3049 τινοὶ
677 2967 808 3048 κανόνα
836 2970 895 3048 καὶ
923 2963 1073 3071 ὁριστὴν
1101 2973 1165 3046 τοῦ
1194 2967 1287 3064 βίου,
1311 2963 1375 3045 τόν
1398 2970 1492 3044 θεῖον

415 3095 595 3198 παρετίθει
616 3091 740 3192 λόγον.
780 3094 875 3199 φησὶ
894 3089 932 3171 δέ
950 3089 1005 3170 ὅτι
1024 3087 1159 3172 θιίιιιτιι
1179 3095 1213 3170 οὐ
1233 3087 1281 3192 μὶ
1300 3085 1351 3204 ίθη
1372 3095 1417 3174 εἰς
1436 3087 1489 3168 τὶν

382 3223 489 3296 δτῶν
508 3217 616 3296 αὐτοῦ
640 3213 809 3320 ῥημάτων
828 3213 1012 3310 ἀβέβαιος
1030 3213 1167 3321 φύλαξ,
1187 3213 1265 3317 ούχὶ
1290 3211 1435 3296 πάντως
1460 3213 1492 3290 ἀι

415 3339 458 3421 τὸ
486 3339 651 3419 τεθνάναι
678 3342 799 3443 σαρκὶ,
826 3338 910 3418 ἀλλ’
938 3335 961 3438 ἢ
989 3337 1053 3418 τὸν
1081 3335 1237 3419 θάνατον
1263 3333 1352 3416 εἶναι
1379 3334 1492 3416 θιίνατ

415 3461 645 3565 λογιζόμενος
678 3465 727 3547 ὡς
758 3459 865 3546 Θεός·
912 3461 1014 3542 οὐδέν
1046 3460 1119 3565 γὰρ
1152 3461 1248 3569 αὐτῷ
1282 3459 1325 3540 τὸ
1357 3457 1492 3563 νεκρόν,

414 3585 552 3692 πέφυκε
584 3588 643 3666 καὶ
676 3584 718 3666 τὸ
750 3584 801 3686 μὴ
839 3582 881 3664 ὃν
913 3585 1015 3687 ἄγειν
1046 3591 1094 3670 εὶς
1127 3583 1279 3688 γένεσιν,
1309 3585 1368 3664 καὶ
1399 3581 1442 3664 τὸ
1475 3585 1492 3662 ε’

416 3709 709 3817 κατεφθαρμένον
736 3708 893 3793 εὐκόλως
921 3707 1112 3812 ζωοποιεῖν·
1147 3707 1170 3809 ἢ
1198 3703 1334 3788 θάνατιι
1361 3707 1426 3787 οὐκ
1454 3705 1492 3814 ὅθ

416 3831 499 3918 τοὺς
517 3833 640 3938 ἁγίους
659 3835 775 3937 Φησὶν
794 3841 839 3920 εἷς
858 3832 965 3914 affin
982 3832 1046 3913 τὸν
1064 3831 1263 3933 μέλλοντα,
1282 3829 1320 3916 ὃς
1339 3829 1384 3932 δὴ
1407 3834 1466 3912 καὶ
1488 3873 1492 3911 ι

415 3991 455 4038 τε
483 3960 542 4038 καὶ
571 3955 818 4060 ἀληθέστερον
846 3954 933 4037 αὶιὶιν
961 3955 1103 4040 εἰκότως
1137 3963 1253 4036 νοοῖτο
1281 3953 1393 4059 πέρας
1420 3955 1485 4034 οὐκ

454 4159 479 4198 1.
498 4141 619 4199 ἐθέλουσι
632 4141 666 4197 Β.
678 4139 786 4196 θέλουσι
798 4139 851 4196 Ed.
955 4209 963 4228 ‚
1054 4152 1079 4211 7.
1097 4137 1224 4209 ἀμελλητὶ
1237 4139 1271 4194 B.
1284 4139 1388 4210 Migne.
1400 4138 1492 4226 ἀμελητ

417 4211 471 4268 Ed.
592 4213 618 4268 8.
636 4218 687 4268 τῶν
699 4212 775 4266 θείων
786 4233 1007 4283 κοπργορουμενου
1019 4215 1103 4280 νόμον
1116 4211 1148 4265 Β.
1161 4213 1207 4265 τοῦ
1219 4209 1290 4265 θείου
1302 4231 1492 4282 κατηγορουμεν

417 4282 471 4336 Ed.
662 4299 704 4338 ιο.
721 4287 773 4338 τῶν
784 4283 852 4350 ε’μῶν
862 4281 961 4350 ἀκούσῃ
973 4283 1056 4352 λόγον
1068 4282 1130 4352 (οἱα)
1145 4281 1177 4336 Β.
1190 4282 1236 4335 τὸν
1247 4281 1309 4349 ε’μδν
1320 4279 1418 4349 ἀκούσῃ
1431 4283 1492 4350 λδγο

377 4363 383 4376 “
417 4351 491 4406 davit
504 4352 554 4435 th
693 4369 736 4434 τι.
756 4353 830 4435 θείαν
841 4353 925 4439 αὐτῶν
935 4352 1068 4440 παρετίθει
1079 4354 1167 4422 λόγων
1179 4351 1212 4405 Β.
1225 4351 1295 4406 θεῖον
1306 4351 1374 4433 αὐτῷ
1389 4352 1492 4422 πορετίθ

416 4421 568 4477 emendant
582 4421 631 4476 Ht.
644 4431 671 4477 et
684 4441 722 4478 τις
738 4421 818 4477 ed1d1.
836 4423 905 4477 θετον
918 4423 1080 4492 ποιησοσθοι
1097 4424 1179 4493 λόγον
1192 4421 1265 4476 unde
1284 4439 1352 4476 corn
1388 4439 1420 4476 ns
1438 4439 1492 4476 nes·

417 4489 502 4544 Deest
514 4493 633 4546 clausula
645 4493 674 4546 in
685 4509 710 4546 a.
830 4493 873 4548 28.
892 4491 941 4564 εὶς]
961 4502 985 4556 ψ
1002 4494 1083 4548 rhua.
1149 4493 1212 4549 ὣςδ
1294 4497 1341 4547 ’νο
1380 4493 1492 4546 ,Ηαεο

416 4557 506 4614 ucat.
520 4559 597 4614 Harl.
611 4566 642 4616 ut
654 4560 708 4616 vid.
721 4561 795 4619 λαὶ).
845 4562 942 4618 Statim
954 4563 1058 4620 εἰκότως
1070 4565 1156 4619 νοοῖτο
1169 4562 1202 4619 Β.
1245 4570 1266 4618 t.
1278 4564 1373 4619 νοεῖται
1385 4561 1457 4618 Aub.
