3238 5114
327 310 392 375 696
630 313 671 380 Β.
694 311 903 380 CYRILLI
933 313 1224 381 ALEXANDR.
1393 315 1541 378 xviim.

329 483 351 522 “
366 477 452 580 παρ’
482 478 661 581 ἀγγέλους
686 480 939 580 ἠλαττωμένον
956 481 1102 581 Ἰησοῦν
1129 478 1257 562 διὰτὸ
1285 477 1452 579 πάθημα
1480 488 1543 558 τοῦ

328 607 351 650 “
369 599 525 682 θανάτου
544 603 634 712 δόξη
652 607 710 684 καί
729 611 814 711 τιμῇ
841 603 1165 712 ἐστεφανωμένον,”
1191 607 1308 686 καίτοι
1326 612 1406 685 τῶν
1427 603 1544 705 οἰγίων

158 743 282 800 Heb.i·⁶·
329 727 498 828 οἰγγέλων
510 737 727 831 προσκυνεῖν
740 730 849 812 αῦτὸν
859 729 1152 831 ἐπιτεταγμένων·
1169 741 1190 779 “
1202 730 1290 810 όταν
1305 728 1393 833 γὰρ,
1409 733 1542 836 φησὶν,

328 859 351 898 “
366 849 545 958 εἰσαγάγῃ
571 852 636 934 τὸν
662 855 894 958 πρωτότοκον
921 859 971 938 εἰς
999 851 1066 953 τὴν
1093 853 1311 953 οἰκουμένην,
1337 855 1448 956 λέγει
1471 859 1542 934 Καὶ

328 983 351 1024 “
367 977 733 1078 προσκυνησάτωσαν
771 979 867 1087 αὐτῷ
907 976 1039 1060 πάντες
1083 978 1232 1081 ἄγγελοι
1269 980 1401 1076 Θεοῦ,”
1439 977 1563 1060 ἀλλόᾶ

328 1102 387 1180 καί
418 1108 492 1181 τῶν
522 1103 636 1204 ἁγίων
667 1105 834 1212 Σεραφίμ
864 1101 986 1210 κόκλιρ
1018 1099 1305 1206 περιεστηκότων
1335 1105 1399 1181 καὶ
1434 1102 1539 1208 τάξιν
1592 1197 1593 1218 ¹

160 1249 274 1303 υκαι.
328 1223 636 1329 ἀποπληροῦντων
663 1225 730 1326 τὴν
757 1225 940 1332 οἰκετικὴν,
968 1225 1028 1306 ὅτε
1056 1225 1253 1328 καθήμενος
1280 1237 1302 1275 “
1315 1229 1377 1306 ε’πί
1403 1225 1538 1328 θρόνου
1592 1273 1593 1322 3

294 1357 352 1425 b“
369 1349 517 1456 ὑψηλοῦ
543 1353 602 1430 καί
627 1350 855 1454 ε’πηρμένου”
880 1356 954 1434 τοῖς
970 1349 1173 1456 προφίρταις
1190 1350 1369 1457 ἐφαίνετο.
1406 1351 1537 1432 οὐκοῦν

329 1471 420 1552 ὅσον
439 1473 522 1574 ἧκεν
540 1479 649 1554 εἰπεῖν
668 1481 715 1558 εἰς
741 1471 807 1575 τὴν
825 1475 863 1554 έκ
884 1479 980 1554 Θεοῦ
1000 1474 1147 1577 Πατρὸς
1172 1475 1328 1577 γνησίαν
1356 1507 1397 1552 τε
1426 1478 1536 1553 ὠδῖνα

245 1690 248 1698 ¹
327 1599 387 1677 καί
415 1596 596 1699 γέννησιν,
616 1598 681 1678 οῦκ
708 1598 798 1678 ἰ’διον
823 1605 887 1677 τοῦ
910 1603 1001 1678 Υἰοῦ
1029 1596 1072 1678 τὸ
1099 1597 1335 1702 ἀνθρώπινον·
1379 1597 1477 1678 ἴδιον
1501 1597 1573 1677 δέν

328 1718 443 1801 πόλιν
473 1721 593 1820 αῦτοῦ,
621 1720 710 1803 καθὸ
742 1721 903 1830 πέφηνεν
935 1721 1135 1824 ἄνθρωπος,
1168 1721 1437 1823 διαμεμενηκὼς
1469 1722 1535 1820 μέν

329 1843 417 1945 ὅπερ
436 1842 480 1944 ἦν
503 1847 556 1926 οἰεὶ
579 1849 638 1926 καὶ
663 1846 742 1926 ἔστι
766 1849 825 1926 καὶ
848 1844 951 1926 ἔσται
970 1843 1030 1925 διὰ
1046 1845 1192 1944 παντὸς,
1210 1844 1335 1926 ἑαυτὸν
1354 1843 1393 1926 δέ
1415 1851 1536 1929 καθεὶς

328 1972 377 2052 εἰς
395 1967 483 2072 ὅπερ
501 1971 566 2051 οῦκ
583 1969 627 2071 ἦν
643 1971 685 2052 δι’
706 1970 807 2070 ἡμᾶς.

387 2097 500 2204 Πάτερ
522 2094 640 2176 τοίνυν
658 2096 775 2201 φησίν
801 2091 882 2198 ι’ἰγιι
909 2095 1037 2198 τήρησιν
1057 2092 1175 2181 αὐτοῦς
1197 2095 1228 2176 ἐν
1245 2103 1292 2204 τῷ
1309 2094 1454 2199 ὀνόματί
1475 2131 1534 2176 σου

330 2211 532 2328 ᾦδίθωκός
556 2255 615 2324 μοι
636 2217 693 2299 ’ἰια
718 2213 795 2300 αἰου
824 2212 854 2299 έν
884 2215 996 2305 καθὸς
1024 2223 1130 2325 ἡμεῖς.
1174 2221 1422 2322 διατηρεῖσθαι
1450 2216 1534 2301 τοῦς
1546 2245 1575 2305 15

329 2339 493 2442 μοθητοίς
519 2345 646 2447 τῇτῆς
664 2341 819 2447 οἰῤῥήτου
837 2341 984 2451 φόσεως
1007 2340 1153 2442 δυνάμει
1172 2345 1230 2422 καί
1258 2341 1408 2448 ἐξουσίᾳ
1438 2341 1528 2436 βοῦ-

330 2477 443 2562 λεται,
469 2473 589 2550 καλῶς
616 2470 675 2546 καί
701 2465 908 2570 πρεπόντως
935 2469 1109 2550 ἀνατιθεὶς
1136 2467 1179 2546 τὸ
1206 2464 1288 2550 τοῦς
1316 2467 1458 2569 οὕσπερ
1487 2462 1532 2544 ιίν

305 2609 324 2655 0
330 2587 507 2689 βούληται
526 2588 709 2692 διασώζειν
728 2589 914 2688 δύνασθαι,
934 2592 993 2671 καί
1017 2589 1119 2689 μάλα
1137 2591 1277 2694 ῥαδίως,
1296 2594 1347 2698 τῷ
1371 2623 1416 2692 γε
1435 2593 1526 2690 ἀλη-

331 2718 403 2796 θιῦς
426 2716 484 2792 καὶ
507 2711 732 2820 κατὰφύσιν
752 2713 943 2820 ὅντιθεῷ·
984 2713 1123 2820 δοξάζει
1145 2711 1184 2793 δὲ
1211 2712 1270 2794 διὸ
1297 2711 1436 2793 τούτων
1464 2715 1528 2816 οὐχ

314 2836 452 2940 ’ἑτέραν
470 2835 550 2917 τινὰ
574 2835 701 2934 πόλιν,
722 2835 823 2917 ἀλλὰ
844 2834 911 2936 τὴν
927 2838 1054 2918 ἑαυτοῦ
1073 2835 1199 2942 φῦσιν,
1218 2840 1266 2922 ὡς
1284 2839 1322 2916 έν
1339 2837 1527 2946 προσώπῳ
1539 2875 1569 2914 ιο

330 2969 395 3040 τοῦ
416 2959 570 3066 Πατρός,
588 2961 632 3068 ἐξ
653 2962 694 3042 οῦ
718 2962 926 3064 γεγέννηται
945 2965 993 3045 ὡς
1011 2961 1117 3046 Θεός.
1149 2969 1337 3064 τοιγαροῦν
1355 2957 1385 3040 ὦ
1405 2963 1527 3063 Πότεγ,

313 3087 456 3192 τήρησον
471 3085 588 3171 αῦτιός
603 3091 719 3190 φησιν
735 3087 764 3166 ἓν
777 3095 823 3194 τῷ
837 3085 973 3190 ὀνόματί
990 3121 1048 3166 σου
1066 3083 1093 3194 ᾧ
1107 3079 1259 3172 δι’δωιιιίς
1277 3121 1346 3191 μοι,
1365 3085 1528 3165 τουτέστι

314 3214 380 3315 τῷ
407 3210 502 3317 θείιρ.
542 3207 712 3291 δεδόσθαι
737 3208 774 3290 δὲ
799 3207 912 3290 πάλιν
930 3207 972 3290 τὸ
995 3213 1059 3308 τῆς
1087 3209 1253 3310 θεότητος
1282 3206 1386 3314 όνιμό
1414 3216 1527 3314 φησιν
1592 3271 1593 3306 ,

328 3334 456 3440 ἑαυτῷ,
479 3333 545 3437 οὐχ
573 3336 622 3418 ὡς
643 3337 681 3414 ἐκ
703 3341 767 3414 τοῦ
793 3333 843 3434 μὴ
874 3330 960 3413 εἰναι
988 3331 1080 3413 κατὸ
1108 3331 1223 3439 φύσιν
1251 3331 1343 3416 Θεὸς
1373 3338 1422 3416 εἰς
1449 3332 1524 3413 έπέ-

328 3489 459 3555 κτητον
494 3457 660 3559 θεότητος
697 3456 909 3558 κεκλημένος
942 3455 1098 3564 ἀξίωμα·
1148 3454 1249 3540 θετὸς
1284 3454 1357 3558 γὰρ
1392 3455 1440 3535 ἂν
1466 3457 1564 3556 εἰηη

314 3577 490 3683 ’καθάπερ
521 3581 629 3680 ἡμεῖς,
662 3580 772 3681 νόθην
801 3581 893 3686 ἔχων
926 3581 985 3660 καὶ
1017 3578 1290 3682 κεκληρωμένων
1318 3577 1385 3679 τὴν
1419 3578 1525 3686 δόξαν

329 3705 388 3782 καί
412 3699 610 3810 τὴνφύσιν
638 3702 957 3804 κεκαπηλευμένην,
976 3701 1066 3806 όίπερ
1086 3705 1128 3781 οῦ
1154 3699 1253 3802 θέμις
1277 3703 1370 3803 ἡμᾶς
1388 3705 1523 3784 ε’ννοεῖν·

295 3835 318 3900 d
330 3823 516 3928 ζημιωθείη
544 3826 617 3931 γὰρ
650 3825 707 3908 διὸ
739 3836 846 3908 τοῦτο
874 3830 933 3906 καὶ
963 3827 1004 3907 τὸ
1042 3823 1129 3906 εἰναι
1158 3824 1251 3906 κατὰ
1283 3825 1398 3934 φύσιν
1427 3827 1520 3912 Υἱός.

330 3953 448 4054 ἐπειδὴ
477 3953 525 4052 δέ,
555 3953 716 4059 καθάπερ
747 3957 783 4033 αἱ
816 3959 905 4034 θεῖαι
936 3957 1197 4062 χρησμῳδοῦσι
1225 3957 1376 4058 γραφοί,
1404 3955 1524 4057 γέγονε

253 4095 269 4148 '·
329 4077 433 4185 σὰρξ
457 4079 477 4158 ό
502 4077 633 4181 Λόγος,
661 4078 848 4160 τουτέστιν
876 4078 1074 4181 ἅνθρωπος,
1102 4077 1266 4184 δεδέχθαι
1293 4081 1411 4185 φησὶν
1439 4077 1558 4182 ι’ίπερι0

329 4197 431 4309 εἶχεν,
454 4205 502 4287 ὡς
525 4201 627 4287 Θεός·
665 4203 707 4283 οὐ
735 4201 806 4306 γὰρ
834 4199 880 4282 οἰν
907 4203 1071 4310 φαίνοιτο
1097 4201 1241 4306 προσὸν
1268 4209 1434 4310 φυσικῶς
1462 4207 1519 4283 ἀν-

365 4433 391 4486 9.
410 4423 468 4469 Πατ
489 4415 514 4472 ’ς
526 4432 579 4470 om.
594 4415 628 4470 E.
817 4427 859 4487 17.
878 4413 922 4488 τὸ]
936 4421 972 4470 τῶ
984 4413 1036 4469 ὅταν
1048 4416 1078 4470 τὸ
1091 4414 1123 4468 Ε.
1314 4431 1356 4484 19.
1375 4415 1417 4468 καὶ
1430 4432 1481 4471 om.
1495 4417 1520 4474 Ε.

328 4486 465 4627 ἓίηευῗὲὸέ
495 4487 570 4542 ,θεοὶ
585 4485 637 4542 Ed.
819 4499 862 4558 25.
882 4485 1037 4558 κεκλημένος
1048 4483 1196 4542 emendavi.
1210 4485 1359 4576 κεκλημένοι
1373 4484 1425 4541 Ed.
1461 4487 1519 4544 Am·
