3082 5112
327 343 392 412 τοο
630 345 669 411 ο.
694 344 905 411 cmm
936 345 1223 412 Αοοκκαοιι.
1321 339 1512 430 ωιτη-ιο

158 516 280 568 Puuo.
326 508 385 586 καὶ
403 507 518 588 πάλαι
536 508 873 612 προκεκηρυγμένον
890 521 912 558 “
924 511 974 591 ‘O
993 512 1125 591 ἐσθίων
1143 511 1273 613 ι’ίρτους
1290 541 1371 606 μου,
1389 503 1512 608 ἐμεγοί·

326 640 348 677 “
367 641 475 712 λυνεν
507 633 561 713 ἐπ’
596 630 657 732 ἐμέ
692 632 950 737 πτερνισμόν.”
992 630 1133 742 βάψας
1164 631 1238 736 γὰρ
1267 633 1456 712 ἐπιδίδωσι
1486 629 1512 710 τί

325 747 476 862 ψωμίον,
495 754 631 839 δεικνὺς
658 754 717 836 διὰ
744 755 873 837 τοῦτον
896 756 961 837 τὸν
984 759 1153 838 ἐσθίοντα
1178 756 1243 837 τὸν
1265 757 1375 860 ἄρτον
1397 755 1512 834 αὐτοῦ

295 880 383 960 (ικαὶ
411 879 475 960 τὸν
501 879 566 978 μέν
592 886 665 961 τῶν
693 881 806 983 ἁγίων
833 885 1005 982 μαθητῶν
1025 881 1194 989 ἐξίστησι
1222 879 1351 988 φόβον,
1377 879 1458 981 ἄγει
1486 875 1512 956 δι

325 1037 402 1087 πως
420 1001 549 1089 αὐτοῦς
567 1009 615 1089 είς
633 1004 837 1106 ἀνάμνησιν
854 1007 1079 1112 προφητείας
1100 1006 1221 1108 ἐτέρας
1245 1003 1512 1105 διαγορευοῦσηι

156 1111 249 1242 ἷξζῆζ]
326 1128 393 1208 ὡδί
408 1138 430 1174 “
444 1124 499 1207 Σῦ
526 1125 564 1208 δέ
593 1124 622 1206 ὦ
647 1127 814 1232 ἄνθρωπε
839 1129 1010 1234 ἐσόψοχε,
1033 1128 1177 1230 ἡγεμών
1198 1162 1269 1228 μον
1295 1129 1354 1206 καὶ
1381 1160 1512 1229 γνωστι

264 1319 266 1324 ,
326 1259 348 1298 “
365 1284 445 1349 μου,
465 1248 504 1336 ῦς
528 1253 586 1332 ἐπὶ
612 1248 653 1331 τῦ
679 1248 767 1332 αὐτὸ
792 1250 993 1354 ἐγλῦκανάς
1019 1287 1081 1351 μοι
1105 1251 1295 1350 ἐδέσματα,
1312 1252 1351 1330 ἐν
1368 1255 1422 1356 τῷ
1440 1249 1512 1358 οίκη

252 1451 254 1454 .
325 1385 347 1422 “
365 1383 429 1455 τοῦ
458 1379 554 1456 θεοῦ
587 1373 827 1478 ἐπορεύθημεν
854 1379 892 1455 ἐν
920 1376 1102 1483 ῦμονοίρ.”
1146 1373 1328 1481 ίσόψνχος
1358 1372 1426 1471 μέν
1454 1372 1512 1476 γὰγ

323 1495 491 1600 γνωστός
508 1532 547 1578 τε
566 1501 625 1578 καὶ
643 1496 893 1603 ὁμοτράπεζος,
914 1502 973 1579 καὶ
990 1501 1029 1579 τί
1044 1497 1116 1603 γὰρ
1134 1500 1213 1604 οῦχὶ
1232 1505 1304 1577 τῶν
1321 1496 1512 1578 τελούντων

323 1627 372 1706 είς
398 1619 624 1724 γνησιότητα
651 1620 780 1725 γε’γονέ
803 1655 891 1704 ποτε
918 1629 970 1731 τῷ
994 1627 1136 1726 Σωτῆρι
1160 1626 1218 1703 καὶ
1243 1623 1350 1706 αὐτὸς
1379 1624 1400 1702 ὁ
1428 1655 1512 1722 προΙ

323 1735 440 1846 δότῆς,
458 1745 521 1826 ἅτε
545 1744 589 1846 δὴ
613 1753 687 1830 τοῖς
712 1745 842 1850 ἐτέροις
865 1748 1178 1850 ἐγκατειλεγμένος
1196 1746 1311 1848 ἁγίοις
1328 1750 1509 1845 μαθηταῖς

323 1869 358 1949 οἳ
379 1868 443 1950 τὸν
460 1868 570 1950 αὐτὸν
588 1869 729 1975 ἔχοντες
754 1875 807 1978 τῶ
832 1875 973 1974 Σωτῆρι
998 1869 1150 1968 σκοπὸν,
1168 1873 1228 1950 καὶ
1251 1868 1317 1970 τῆν
1334 1875 1411 1949 τῶν
1428 1871 1512 1948 'Iov¹

288 2002 309 2066 (1
324 1993 433 2074 δαίων
446 1993 747 2098 συμπεριθέοντες
763 1995 898 2099 χῶραν,
910 1995 1081 2098 ι’πτηρέται
1099 1996 1227 2098 γοργοὶ
1244 1999 1317 2074 τῶν
1330 1990 1512 2090 θαυμάτωι

322 2119 492 2220 ἐγίνοντο,
521 2121 579 2198 καὶ
606 2115 726 2199 πάντα
752 2117 923 2220 πράττειν
949 2119 1141 2221 ἠπείγοντο
1172 2117 1218 2199 τὰ
1249 2123 1298 2202 εἰς
1329 2113 1441 2215 τιμὴν
1470 2149 1512 2194 κα

321 2241 436 2348 δόξαν
454 2242 576 2320 αὐτοῦ·
607 2240 694 2320 ἀλλ’
715 2241 734 2320 ὁ
756 2239 922 2344 γνωστὸς
944 2243 1003 2320 καὶ
1030 2240 1222 2347 ίσόψοχος,
1241 2245 1405 2344 αἰσχρῶν
1425 2251 1512 2339 λημ1

314 2361 445 2464 ,μάτων
462 2363 655 2471 ἠλλάξατο
674 2364 740 2464 τὴν
758 2373 823 2445 τοῦ
842 2365 1063 2465 τιμήσαντος
1080 2363 1197 2470 χάριν.

385 2486 570 2592 Ἐπιτῆρει
608 2487 646 2566 δέ
680 2487 804 2586 πάλιν,
842 2488 940 2573 ὅπως
978 2489 1070 2588 ἡμεῖς
1106 2487 1308 2591 παραθήγει
1344 2492 1472 2570 καλῶς
1508 2525 1512 2562 ι

321 2613 539 2720 σοφώτατος
558 2609 836 2714 Εῦαγγελιστῆς
861 2619 909 2696 είς
934 2611 977 2692 τὸ
1000 2621 1104 2708 βιοῦν
1122 2613 1258 2694 ἐθέλειν
1279 2612 1336 2693 ὅτι
1358 2609 1512 2710 μάλιστι

323 2735 562 2840 λογικῶτατα,
579 2738 638 2814 καὶ
663 2739 727 2835 τῆς
749 2735 906 2822 διανοίας
923 2738 1095 2817 ἐπασκεῖν
1113 2735 1179 2837 τὴν
1197 2735 1355 2844 ὀξύτητα
1371 2733 1470 2838 πρὸς
1486 2731 1512 2814 τι

323 2859 500 2939 δύνασθαι
527 2860 586 2938 καὶ
614 2858 699 2948 λίαν,
722 2859 877 2943 εὐπετῶς
902 2867 976 2940 τῶν
998 2858 1102 2940 θείων
1120 2865 1365 2940 καθικνεῖσθαι
1390 2863 1512 2962 θεωρη

294 3018 311 3061 ο
323 2981 456 3082 μα’των,
476 2984 534 3062 καὶ
562 2986 626 3082 τῆς
654 2981 822 3067 θεοπτίας
849 2981 1064 3090 ἐξακριβοῦν
1089 2983 1179 3064 ὅσον
1202 2982 1252 3062 ἐνι
1279 2981 1361 3067 τοῦς
1390 2980 1512 3084 λόγου

322 3109 541 3208 ἐπείγεσθαι.
581 3103 628 3188 τὰ
646 3110 824 3210 διαπρεπῆ
847 3111 1061 3206 τετιμῆσθαι
1086 3110 1144 3187 καὶ
1169 3105 1387 3210 ἠγαπῆσθαί
1409 3112 1510 3213 φησι

323 3229 449 3312 ἑαυτὸν
467 3229 566 3336 παρὰ
585 3239 650 3311 τοῦ
670 3233 839 3334 Σωτῆρος
857 3225 958 3332 ἡμῶν
977 3237 1153 3333 Χριστοῦ,
1170 3235 1219 3315 ῶς
1237 3236 1296 3311 καὶ
1313 3233 1512 3311 ἀνακεῖσθα

323 3354 499 3454 πλησίον,
520 3358 578 3434 καὶ
598 3357 696 3462 αὐτῷ
716 3361 768 3462 τῷ
786 3353 913 3463 κῦλπιρ
930 3361 982 3463 τῷ
1000 3359 1214 3463 δεσποτικῷ,
1234 3361 1362 3458 δεῖγμα
1386 3359 1456 3456 τῆς
1481 3361 1512 3434 εἰ

324 3475 433 3556 αὑτὸν
452 3480 655 3584 ὑπερφυοῦς
674 3475 894 3580 ἀγαπήσεως
918 3476 961 3558 τδ
986 3485 1138 3582 πρᾶγμα
1159 3477 1380 3574 ποιούμενος.
1423 3490 1512 3580 πλη

323 3599 406 3679 σίον
429 3601 492 3679 οῦν
520 3600 591 3703 ἄρα
618 3605 714 3681 Θεοῦ
743 3603 801 3681 καὶ
829 3602 868 3682 ἐν
891 3601 1047 3704 πρώτοις
1075 3600 1200 3706 ὥσπερ
1228 3603 1373 3682 ἔσονται
1401 3601 1512 3683 τῦττοι

323 3729 397 3807 τοῖς
422 3722 505 3828 παρ’
527 3725 622 3830 αὐτῷ
646 3721 814 3824 μάλιστα
838 3722 882 3824 δὴ
909 3723 1056 3806 πάντων
1075 3731 1109 3806 οί
1132 3724 1198 3826 τῆν
1217 3726 1366 3829 καρδίαν
1382 3725 1512 3830 ἔχοντε

323 3845 495 3950 καθαρὰν,
531 3845 583 3932 οἷς
616 3850 675 3928 καὶ
690 3869 692 3872 ’
707 3847 889 3955 ἐξαίρετον
921 3848 1089 3950 ἀπονέμει
1126 3850 1233 3954 γε’ρας
1264 3850 1323 3930 καὶ
1359 3849 1474 3932 αὐτὸς
1511 3899 1512 3920 ι

153 3977 269 4104 {m}
293 3969 467 4075 8Σωτῆρ,
505 3971 700 4076 μακαρίους
743 3971 895 4052 ἔσεσθαι
935 3971 1053 4075 λέγων
1093 3969 1177 4058 τοῦς
1223 3968 1400 4076 καθαροὺς
1443 3985 1512 4076 “η

152 4091 178 4167 v]
191 4119 215 4170 8.
271 4090 277 4104 '
323 4107 345 4144 ‘⁴
363 4097 502 4204 καρδίᾳ,
519 4095 574 4176 ὅτι
599 4097 699 4176 αὐτοὶ
724 4093 788 4175 τδν
806 4092 902 4175 θεὸν
921 4093 1112 4206 ὄψονται.”
1153 4098 1212 4176 καὶ
1235 4095 1465 4200 παροίσομεν
1484 4102 1512 4176 εί

322 4217 507 4327 ἀπόδειξιν
525 4227 590 4300 τοῦ
614 4221 759 4320 ἀληθῶς
780 4222 945 4321 εἰρῆσθαι
970 4217 1175 4321 τὸνλόγον,
1195 4219 1303 4299 αὐτὸν
1321 4216 1365 4318 δὴ
1383 4253 1512 4301 τουτον

321 4340 386 4422 τδν
418 4342 639 4449 σοφώτατον
669 4340 962 4445 Εῦαγγελιστῆν.
1013 4342 1176 4423 τεθέαται
1208 4341 1281 4446 γὰρ
1313 4339 1381 4443 τὴν
1412 4343 1512 4453 δόξα

462 4569 487 4622 6.
505 4569 611 4639 γνοστθ
623 4569 686 4638 (nio)
699 4567 732 4624 E.
1123 4571 1163 4628 16.
1184 4569 1332 4641 ἠλλάξαντο
1347 4572 1380 4629 Ε,
