3184 5104
352 387 357 394 ,
402 311 464 378 162
703 315 743 382 Β.
766 315 972 380 CYRILLI
1002 316 1289 381 ALEXANDR.
1412 316 1449 380 ix.
1464 334 1494 400 13

401 481 649 584 ἀναισχύντως
673 481 793 583 λέγειν
814 482 856 561 οῦ
881 483 1169 583 παραιτούμενοι.
1211 480 1240 590 ᾧ
1264 480 1336 585 γάρ
1358 478 1398 580 ἧν
1414 477 1494 564 εἰκὸς

401 605 587 684 πλουσίαν
619 605 834 709 ὀφείλεσθαι
866 603 979 710 δόξαν
1011 603 1078 704 τὴν
1108 609 1147 686 ἐκ
1178 613 1380 708 μικρυσμοῦ
1409 606 1494 682 λοιδο

373 753 376 766 ’
401 725 672 830 προσάπτουσι·
703 728 816 808 καίτοι
842 725 1028 830 θαυμάσαι
1053 728 1133 808 δέον
1150 729 1248 831 εἴπερ
1266 727 1361 828 ἦσαν
1377 729 1494 828 ἀγαθοὶ

401 857 476 934 τοῖς
506 851 759 954 προσήκουσιν
790 854 947 937 ἐπαίνοις
979 851 1047 952 τὴν
1076 861 1141 932 τοῦ
1174 856 1271 932 Θεοῦ
1303 851 1440 949 δύναμιν
1469 885 1494 928 κι

402 975 552 1080 στέφειν
577 975 718 1073 εἰδότες,
737 977 822 1055 ἀλλ’
841 975 930 1078 ὅπερ
954 973 1002 1074 ἦν
1026 973 1124 1075 οἶμαι
1148 977 1284 1056 δίκαιον
1302 973 1421 1060 αὐτοῦς
1443 980 1492 1081 φρ

403 1131 442 1177 τε
470 1104 529 1178 καὶ
556 1102 645 1201 δρῦν
673 1099 717 1206 ἐξ
742 1097 942 1202 ἀμετρήτου
970 1101 1210 1194 κακοβουλίας
1236 1099 1491 1202 παρωθοῦμενοι

402 1221 552 1326 ἀκαιρον
569 1221 857 1326 παρατρέπονται
876 1223 1002 1326 ζῆλον,
1021 1227 1079 1302 καὶ
1102 1223 1157 1303 ὅτι
1182 1227 1365 1326 προσῆκεν
1381 1225 1494 1302 ἀδικου

403 1345 539 1446 τρόπον
566 1344 646 1427 τινά
679 1351 938 1454 συνειπεῖντῷ
965 1343 1064 1453 νόμῳ
1092 1345 1273 1444 κιβδήλοις
1301 1343 1494 1442 διενθυμοῦμ

370 1468 572 1571 δζητοῦσιν
594 1472 641 1553 ὡς
669 1466 917 1573 ἐργασάμενον
938 1473 976 1549 ἐν
994 1467 1176 1577 σαββάτῳ
1202 1467 1266 1549 τὸν
1282 1471 1422 1569 Ἰησοῦν
1444 1471 1494 1548 καί

402 1595 515 1678 οὕτως
543 1591 769 1700 ἀξιάγαστον
791 1590 941 1692 ἐντολὴν
963 1591 1187 1694 ἀδικήσαντα
1214 1591 1272 1672 διὰ
1294 1601 1358 1672 τοῦ
1380 1597 1494 1693 θεραπι

401 1715 466 1797 τὸν
483 1716 684 1818 ἄνθρωπον.
724 1714 815 1800 είκδς
833 1714 905 1820 γάρ
924 1714 1040 1816 δήπου
1059 1713 1209 1818 νομίζειν
1228 1713 1365 1812 αὐτοῦς,
1383 1718 1494 1814 ἀπηνῆ

402 1847 460 1920 καὶ
497 1843 539 1920 οῦ
576 1841 852 1946 φιλοικτίρμονα
888 1840 952 1920 τὸν
989 1838 1085 1919 θεὸν
1121 1837 1295 1944 ὑπάρχειν
1330 1841 1367 1918 έν
1402 1845 1494 1933 σαβί

402 1968 615 2067 ἀγανακτεῖν
652 1962 690 2043 δὲ
728 1961 878 2070 σφόδρα
916 1961 983 2043 κάν
1020 1962 1143 2067 βλέπη
1181 1961 1386 2066 σωζόμενον
1419 1959 1481 2040 τὸν

402 2087 519 2169 εἰκόνα
552 2090 610 2168 καὶ
647 2086 822 2186 ὁμοίωσιν
854 2085 921 2185 τὴν
953 2087 1062 2166 αὐτοῦ
1094 2085 1281 2188 γεγονότα,
1315 2088 1357 2165 δι’
1389 2083 1429 2165 δν
1461 2120 1494 2164 κι

255 2242 268 2283 '-
305 2307 312 2321 ⁸
348 2241 355 2255 ·
403 2212 609 2307 σάββατον·
652 2221 674 2258 “
690 2209 823 2313 Κύριος
851 2209 923 2312 γάρ
952 2212 1032 2288 ἐστι
1061 2217 1126 2289 τοῦ
1155 2209 1351 2306 σαββάτου
1379 2212 1399 2289 ὁ
1431 2207 1494 2292 υὶὸι

402 2347 425 2384 “
443 2335 663 2439 ἀνθρώπου,”
684 2332 776 2414 κατά
803 2333 870 2435 τὴν
892 2343 957 2414 τοῦ
985 2337 1153 2435 Σωτῆρος
1181 2334 1318 2440 φωνήν.

291 2589 326 2647 Ῑ3
353 2581 548 2657 ῐ4“Ατουσιν
574 2579 673 2646 αὑτὸν
696 2579 780 2669 πρόι
807 2579 884 2644 τοὺς
909 2577 1107 2668 Φαρισαίους
1134 2579 1191 2647 τόν
1215 2599 1296 2643 ποτε
1322 2577 1460 2666 τυφλόν.

374 2731 392 2775 e
455 2709 615 2785 σάββατον
650 2705 686 2771 ὲν
723 2703 742 2796 ᾖ
779 2705 883 2795 ἡμέρᾳ
917 2705 975 2771 τὸν
1010 2703 1116 2770 πειλόυ
1151 2702 1304 2770 ἐποίησεν
1334 2702 1353 2770 ὁ
1385 2703 1494 2768 Ἰασοῦ

454 2831 583 2899 ἤνοιξεν
611 2831 711 2896 αὐτοῦ
738 2829 815 2896 τοὺς
842 2830 1046 2916 ὀφθαλμούς.

459 2993 740 3098 Ἀποκομίζουσι
760 3000 833 3077 τοῖς
851 2991 1058 3095 ἡγουμένοις
1076 2992 1140 3073 τὸν
1158 2991 1360 3096 ἄνθρωπον,
1381 2991 1453 3096 οὐχ
1479 2990 1494 3069 ί

402 3121 456 3200 ἐπ’
477 3121 572 3228 αὐτῷ
599 3117 773 3218 μαθόντες
801 3115 1052 3216 θαυμάσωσιν·
1089 3117 1131 3196 οῦ
1158 3115 1230 3218 γάρ
1257 3113 1303 3215 ἦν
1330 3112 1425 3199 είκὸς
1454 3117 1494 3193 ἐπ

402 3250 475 3322 τῶν
512 3242 683 3322 τοιούτων
719 3241 878 3342 ἡσθῆναί
910 3275 998 3322 ποτε
1034 3237 1118 3324 τοῦς
1154 3238 1376 3341 ἀσύγκριτον
1416 3237 1494 3316 ὠδίι

237 3383 356 3440 eoeA.
373 3399 392 3438 a
404 3364 541 3472 φθόνον
559 3363 651 3445 κατά
676 3375 740 3445 τοῦ
767 3369 935 3468 Σωτῆρος
959 3364 1060 3463 ἡμῶν
1078 3369 1255 3466 Χριστοῦ,
1273 3362 1360 3442 ἀλλ’
1380 3365 1432 3444 ὡς
1459 3361 1494 3440 έν

403 3487 704 3588 καταστήσοντες,
728 3487 889 3590 καθάπερ
918 3485 1042 3595 ᾤοντο,
1061 3487 1127 3586 τὴν
1152 3487 1383 3592 παρανομίαν
1409 3486 1494 3566 αῦτι

404 3611 710 3716 κατηγορήσοντες
739 3615 787 3695 ὡς
814 3610 1006 3712 ἠδικηκότα
1034 3609 1093 3690 διὰ
1122 3610 1165 3691 τὸ
1194 3609 1388 3715 είργάσθαι
1419 3620 1494 3710 πη)

403 3735 596 3844 σαββάτῳ.
636 3733 678 3814 τῦ
697 3735 768 3837 γὰρ
787 3738 844 3815 ἐπὶ
862 3741 914 3843 τῷ
932 3733 1128 3843 παραδόξῳ
1147 3741 1269 3834 θαῦμα
1287 3737 1494 3813 λακτίσαντ

401 3859 650 3962 πλημμελείας
674 3865 738 3938 τοῦ
762 3857 976 3961 πράγματος
999 3856 1279 3964 ἐπιδράττονται,
1298 3855 1466 3962 ἔλεγχον
1490 3897 1494 3932 ι

401 3992 474 4066 τῶν
492 3983 714 4088 δεδραμένων
731 3982 1026 4087 παραδεικνύντες
1043 3980 1107 4064 τὸν
1125 3982 1327 4086 ἀνθρωπον,
1345 3983 1408 4088 ἐφ’
1432 3977 1466 4089 ᾧ
1486 4015 1494 4060 ι

441 4221 465 4260 1.
480 4203 570 4287 λέγειν
581 4211 751 4294 assumptum
763 4221 796 4258 ex
810 4202 870 4258 Bne
885 4201 968 4258 cord.
1024 4199 1183 4290 φεωιοδαι
1196 4202 1296 4274 Ηιγιε.
1310 4201 1394 4256 οὖΒ.
1411 4200 1472 4256 Εδ.

402 4275 508 4330 haeoin
522 4275 639 4330 Catenis.
697 4290 722 4328 2.
736 4273 985 4343 ε’κμυκρισμοῦΒ.ι
971 4296 998 4328 εκ
1011 4273 1323 4361 μικρυσμσῦειῐιθιιάαυὶῐ
1336 4272 1439 4326 Holst.

401 4346 553 4432 μα’ζωσινα.
716 4361 759 4415 23.
778 4345 895 4414 δηληνα.
945 4344 1042 4399 Statim
1055 4343 1299 4412 καταστήσοντεςα
1312 4343 1393 4398 etita
1408 4343 1494 4397 volui

403 4413 657 4482 καταστῆσανιεςΒ.
670 4413 722 4468 Εδ.
904 4428 947 4482 25.
966 4413 1234 4487 κατηγορησοντεςΒ.
1248 4413 1494 4486 κατηγορήσαντες

327 4543 329 4550 ‚
390 4497 447 4605 ¹13.
465 4485 678 4552 πλημμελείαςα.
690 4485 854 4555 πλημμελείᾳ
867 4485 918 4539 Ed.
1027 4487 1069 4540 28.
1087 4484 1353 4556 παραδεικνῦοντετα.
1421 4487 1494 4540 τετό

434 4561 454 4607 t.
466 4553 707 4622 τετόλμηκεοῦαῑ.
716 4554 814 4610 utvid
828 4555 899 4612 Aub.
