3248 5112
314 337 379 402 530
618 339 894 407 BJOYRILLI
921 341 1212 408 ALEXANDR.
1318 339 1382 405 xiv.
1398 355 1453 426 30,
1465 353 1518 422 31·

314 501 472 604 ἠθέλησε
499 502 563 584 τὸν
590 503 679 586 ίδιον
701 505 802 605 Υἰὸν,
827 507 942 588 καίτοι
969 505 1190 616 σύμμορφόν
1216 539 1255 587 τε
1283 505 1376 610 ἔχων
1404 499 1519 582 αὐτόν

314 627 374 705 καί
395 631 440 730 τῇ
463 625 555 707 κατά
577 635 651 709 πᾶν
669 629 810 731 ἰσότητι
835 635 1022 734 διαπρεπῆ,
1041 637 1089 716 εἰς
1114 630 1296 730 τοσαύτην
1313 629 1518 726 καταβῆναι

314 750 540 850 ταπείνωσιν,
568 755 617 836 ῶς
646 757 704 834 καί
737 755 929 860 ἄνθρωπον
955 755 1124 858 γενέσθω
1155 757 1198 836 δι’
1227 755 1329 855 ἡμᾶς,
1359 753 1419 832 καί
1452 747 1519 830 τὸν

314 869 402 977 ὑπὲρ
438 878 503 974 τῆς
537 875 706 958 ἀπάντων
737 879 828 983 ζωῆς
864 879 914 980 μὴ
950 881 1158 984 ἐρυθριᾶσαι
1195 876 1363 960 θάνατον·
1407 881 1519 954 τοῦτο

285 997 499 1102 οπείτραχεν
526 1000 546 1078 ό
574 999 672 1099 Υἰός,
700 1006 852 1105 ἀγαπῶν
881 1001 945 1084 τόν
973 1003 1181 1106 γεννήτορα,
1211 1001 1275 1083 τὸν
1305 997 1548 1080 ἐντετάλθαιὸ

313 1118 520 1223 λεγόμενον,
549 1127 597 1209 ῶς
627 1126 699 1233 ἰδίᾳ
728 1127 873 1227 δυνάμει
904 1134 1081 1231 νεκρῶσαι
1110 1126 1177 1226 μὲν
1203 1131 1255 1233 τῷ
1283 1127 1347 1223 τῆς
1376 1119 1519 1225 σαρκός

312 1244 419 1324 πάθει
447 1243 511 1327 τόν
539 1247 703 1348 θάνατον,
730 1251 772 1331 τὸ
802 1249 841 1332 δὲ
869 1256 933 1351 τῆς
963 1257 1103 1359 φθορᾶς
1132 1257 1336 1331 καταλῦσαι
1364 1245 1515 1351 κράτος,

313 1366 535 1470 ζωοποιῆσαί
556 1406 595 1452 τε
619 1373 702 1457 τοιίς
721 1376 1044 1481 κατεφθαρμένους,
1063 1377 1122 1454 καί
1139 1370 1204 1472 τὴν
1222 1370 1375 1476 ἀρχαίαν
1394 1371 1519 1454 αὐτοῖς

313 1491 414 1577 αὖθις
432 1497 633 1578 ἀνανεῶσαι
652 1497 777 1606 δόξαν.
818 1499 877 1580 διὰ
901 1495 1007 1580 τοῦτό
1032 1505 1160 1604 φησιν,
1179 1496 1234 1578 ὅτι
1259 1495 1387 1580 στενὸς
1410 1494 1519 1594 μὲνό

312 1621 385 1695 τῶν
403 1614 527 1718 λόγων
545 1620 676 1725 καιρός·
705 1623 902 1704 εἰσελαύνει
920 1621 992 1727 γὰρ
1009 1622 1078 1722 ἤδη
1096 1621 1140 1703 τό
1158 1619 1284 1718 πάθος,
1303 1621 1362 1700 καί
1379 1617 1424 1700 τό
1442 1624 1519 1698 τῶν
1535 1645 1571 1686 ¹0

311 1737 494 1821 Ἰουδαίων
522 1745 575 1823 ἔπ’
605 1747 681 1844 ε’μοί
712 1745 888 1850 λογισθέν
918 1746 1094 1847 ἀνεκαύθη
1123 1743 1306 1846 τόλμημα·
1341 1743 1520 1844 πείσομαι

312 1861 385 1966 γὰρ
404 1865 603 1967 ἐθελοντὴς,
621 1871 763 1974 ἐπείπερ
783 1865 940 1976 ἀφῖγμαι
959 1868 1019 1951 διά
1036 1877 1154 1950 τοῦτο.

371 1987 480 2089 Πλὴν
510 1989 642 2096 ἔρχεται
672 2003 687 2076 ἰ
720 1997 776 2076 τιό
807 1996 935 2099 κόσμου
963 1991 1074 2102 ἀρχαι
1104 2000 1163 2074 καί
1195 1992 1225 2074 ἓν
1252 1992 1323 2098 ἓμιί
1356 1996 1415 2072 οὐκ
1445 1989 1519 2088 ἔχει

277 2119 302 2184 ·d
315 2105 412 2192 οὐδέν·
443 2113 640 2215 τουτέστιν,
665 2119 732 2222 οὐχ
760 2116 953 2216 ἁλώσομαι
979 2111 1307 2216 πεπλημμεληκῶς,
1329 2115 1413 2194 ἀλλ’
1435 2111 1520 2193 οὐδὲ

312 2234 498 2343 πρόφασις
517 2239 618 2321 ἔσται
637 2248 710 2326 τοῖς
722 2242 906 2324 Ἰουδαίοις
925 2245 989 2340 τῆς
1007 2246 1055 2324 εἰς
1073 2235 1132 2337 ἐμὲ
1150 2238 1335 2342 παροινίας
1353 2240 1518 2340 εὔλογος·
1536 2259 1573 2320 15

312 2359 414 2440 οιίδίν
438 2364 477 2440 ἐν
500 2363 576 2460 ε’μοί
604 2371 677 2444 τῶν
702 2365 799 2444 ἰδίων
823 2366 843 2444 ὁ
871 2362 1041 2460 διάβολος
1069 2362 1152 2469 ἔχει·
1191 2362 1263 2442 ἴδια
1290 2360 1362 2466 γὰρ
1389 2358 1520 2465 ῶσπερ

312 2484 443 2564 ἐκείνου
461 2483 508 2564 τά
530 2491 666 2592 φαῦλα,
686 2491 743 2567 καί
768 2492 832 2586 τῆς
856 2487 1032 2592 ἁμαρτίας
1055 2486 1078 2586 ἡ
1103 2487 1246 2589 γε’νεσις
1271 2487 1402 2566 ἐκεῖνον
1421 2481 1520 2565 οἰδεν

313 2607 440 2712 ἀρχήν.
482 2608 537 2689 ὅτι
565 2609 602 2690 δὲ
627 2611 766 2712 ἀληθὴς
792 2619 857 2692 τοῦ
885 2615 1052 2715 Σωτῆρος
1077 2613 1098 2692 ὁ
1125 2609 1237 2712 λόγος
1260 2609 1426 2710 μάλιστα
1451 2609 1521 2706 μὲν

314 2734 373 2811 καί
391 2731 437 2838 ἐξ
452 2734 561 2832 αὐτῆς
578 2737 714 2814 κατίδοι
737 2770 791 2820 τις
818 2732 944 2834 ἀυτῆς
963 2736 1188 2820 ἀκολουθίας.
1228 2741 1307 2818 πῶς
1328 2731 1401 2836 γάρ
1426 2731 1518 2840 ἐξή-

313 2891 448 2958 μαρτεν
472 2857 492 2936 ό
519 2857 571 2958 μὴ
599 2857 698 2942 εἰδὼς
726 2860 954 2962 ἀμαρτίαν,ό
980 2858 1090 2966 φύσει
1115 2861 1174 2939 καί
1198 2859 1349 2965 ἀληθείᾳ
1371 2855 1478 2954 Θεὸς,
1500 2861 1573 2937 620

313 2986 449 3084 τροπῆς
467 2985 531 3082 τῆς
548 2982 609 3062 ε’πί
623 3017 658 3063 τι
675 2990 749 3063 τῶν
766 2984 831 3063 οὐκ
856 2980 1011 3088 ἐχόντων
1029 2983 1145 3087 ὀρθῶς
1169 2983 1394 3065 ἀνεπίδεκτος
1417 3015 1518 3061 παν-

285 3111 450 3202 οτελῶς;
488 3107 554 3210 οὐχ
583 3107 716 3206 ἥκιστα
744 3103 782 3185 δὲ
811 3109 870 3186 καί
898 3107 941 3185 δι’
968 3107 1086 3186 αὐτῶν
1113 3103 1282 3211 ὀψόμεθα
1309 3112 1416 3185 τοῦτο
1442 3111 1521 3184 τῶν

314 3229 640 3331 ἀναγεγραμμένων
666 3232 704 3309 ἐν
728 3236 803 3314 τοῖς
831 3229 946 3330 ἁγίοις
973 3229 1260 3330 εὖαγγελισταῖς.
1305 3229 1326 3308 ό
1353 3225 1420 3326 μὲν
1444 3228 1519 3333 γὰρ

257 3449 264 3466 .
314 3350 705 3459 σοφῶτατοςἸωάνιης
724 3351 787 3433 τόν
800 3351 964 3433 Πιλάτου
981 3352 1200 3451 εἰσκεκόμικε
1219 3350 1519 3455 λε’γοντα“Ἐγῶ

315 3485 337 3522 “
356 3474 522 3574 οὐδεμίαν
552 3477 667 3556 αἰτίαν
699 3479 853 3580 εὑρίσκω
885 3479 923 3557 ἐν
953 3477 1084 3582 αύτῷ,”
1115 3479 1173 3556 καί
1206 3475 1319 3557 πόλιν
1350 3473 1442 3574 μετά
1474 3475 1518 3556 τὸ
1535 3498 1574 3558 25

315 3601 483 3680 ἐπιθεῖναι
520 3601 704 3707 στέφανον
739 3599 804 3681 τὸν
839 3601 884 3708 ἐξ
918 3602 1093 3698 ἀκανθῶν,
1130 3605 1421 3708 προσφωνοῦντα
1458 3603 1520 3679 καί

216 3725 249 3776 ’·
315 3723 470 3826 λε’γοντα
488 3733 511 3771 “
521 3721 597 3804 Ἴδε
615 3725 694 3827 ἀγω
721 3723 829 3806 αὐτὸν
848 3727 930 3822 ὑμῖν
946 3725 1029 3832 ἔξω,
1047 3725 1105 3804 ἵνα
1129 3729 1244 3827 γνῶτε
1270 3721 1325 3803 ὅτι
1349 3723 1521 3823 οὐδεμίαν

316 3860 338 3898 “
355 3851 471 3930 αἰτίαν
490 3849 643 3953 εὑρίσκω
668 3851 705 3928 ἐν
724 3847 853 3957 αάτῲ·”
885 3848 965 3928 όδέ
984 3883 1027 3950 γε
1048 3853 1236 3934 Ματθαῖος
1261 3853 1309 3932 εἰς
1333 3845 1521 3947 τοσαύτην

315 3973 424 4057 αὐτόν
453 3973 716 4078 μισοπονηρίαν
749 3975 905 4078 ἀφῖχθαί
935 3979 1063 4078 φησιν,
1091 3975 1138 4057 ῶς
1171 3975 1230 4052 καί
1261 3973 1521 4078 ἀπονίψασθαι

150 4130 263 4186 εὸσα
286 4099 424 4186 ιαύτὸν
451 4108 524 4186 τοῖς
550 4097 733 4181 Ἰουδαίοις
763 4095 827 4180 τάς
860 4104 980 4200 χεῖρας
1012 4099 1071 4176 καί
1102 4101 1211 4177 εἰπεῖν
1239 4107 1260 4144 “
1273 4094 1413 4204 Ἀθῷός
1446 4101 1521 4190 εἰμι
1537 4125 1577 4182 30

147 4209 272 4260 S'Mmh'
316 4236 338 4274 “
357 4223 430 4306 ἀπὸ
455 4232 519 4304 τοῦ
543 4224 692 4322 αἵματος
717 4229 780 4301 τοῦ
806 4222 942 4300 δικαίου
967 4219 1132 4302 τούτου·”
1167 4221 1220 4302 ἐπ’
1242 4221 1360 4301 αιίτῶν
1381 4217 1421 4298 δὲ
1446 4225 1522 4300 τῶν

147 4275 271 4339 xxvii.'24.

352 4525 413 4582 4-7.
433 4513 457 4566 Α
470 4512 578 4565 θάνατον
589 4511 622 4564 ad
636 4512 744 4566 θάνατον
757 4509 870 4565 ἰηηεὶἰίἰ
883 4509 915 4565 Ε.
1026 4525 1068 4565 12.
1086 4509 1216 4565 ε’θελοντίς
1229 4507 1261 4562 Ε.
1368 4505 1412 4562 16.
1431 4507 1520 4580 οὖδάτ]

322 4593 346 4646 ÷
364 4583 414 4654 γὰρ
428 4583 516 4636 minus
528 4581 595 4635 bene
609 4583 678 4636 (λιιι.
789 4595 829 4652 17.
848 4580 967 4652 γέννησις
980 4578 1051 4635 Catt.
1159 4593 1202 4650 τη.
1220 4576 1258 4632 ὅτ’
1272 4575 1304 4632 Ε.
