3248 5112
156 374 222 441 xiv.
239 395 288 463 19.
342 376 400 441 IN
431 377 465 442 S.
489 377 749 444 JOANNEM.
794 377 890 444 LIB.
915 379 976 444 IX.
1021 379 1174 445 CARI.
1291 381 1354 444 475

158 547 180 586 “
198 541 299 620 λείαν
316 539 389 622 ἀπό
407 547 615 644 καταβολῆς
638 540 809 642 κόσμου.”
839 542 1055 623 συνίσονται
1081 541 1152 645 γάρ
1178 545 1236 623 καὶ
1261 577 1355 638 συμ-

158 665 426 758 βασιλεύσουσι
449 673 501 776 τῷ
520 673 682 775 Χριστῷ,
702 671 761 748 καὶ
778 674 851 752 τοῖς
870 668 1043 771 οὐρανίοις
1066 667 1356 771 ἐντρυφήσουσιν

158 790 317 889 ἀγαθοῖς,
343 791 554 898 σύμμορφοι
582 791 770 894 γεγονότες
798 796 861 891 τῆς
888 790 1124 876 ἀναστάσεως
1151 793 1270 887 αὐτοῦ,
1298 793 1356 870 καὶ

159 915 223 1010 τῆς
239 911 305 1012 μὲν
320 916 470 1019 ἀρχαίας
489 922 628 1022 φθορᾶς
651 915 856 1018 διαδράντες
880 914 964 1001 τοὺς
988 913 1155 1021 βρόχους,
1175 919 1297 1021 μακρᾷ
1319 913 1358 994 δὲ

127 1037 218 1114 ὁκαὶ
246 1037 414 1145 ἀμυθήτιρ
441 1038 714 1142 περιβληθίντες
745 1039 826 1144 ζωῇ,
855 1043 914 1119 καὶ
946 1037 1186 1139 ἀτελευιήτως
1219 1045 1271 1146 τῷ
1303 1040 1389 1116 ἀεὶο

160 1156 263 1261 ζῶντι
282 1161 457 1266 συζῶντες
475 1163 664 1270 Δεσπότῃ.
704 1163 760 1245 ’ότι
778 1163 851 1269 γάρ
869 1169 902 1244 οί
921 1168 1074 1270 θεοφιλῆ
1095 1166 1152 1244 καὶ
1176 1162 1358 1270 ἐξαίρετον

159 1282 387 1384 ἀσκήσαντες
403 1288 496 1384 βίόν,
515 1288 752 1373 ἀδιαλείπτως
774 1288 990 1368 συνέσονται
1014 1293 1066 1395 τῷ
1084 1292 1246 1394 Χριστῷ,
1264 1292 1353 1366 θεω-

159 1416 302 1510 ροῦντες
320 1409 487 1510 δηλονότι
506 1409 549 1491 τὸ
567 1417 662 1492 θεῖον
681 1413 790 1492 αὐτοῦ
809 1415 868 1492 καὶ
889 1411 1043 1516 ἀῤῥητον
1062 1408 1210 1508 κάλλος,
1227 1420 1353 1516 σαφη-

160 1538 227 1611 νιεῖ
246 1531 363 1636 λε’γων
381 1535 401 1614 ὁ
421 1541 571 1620 Παῦλος
590 1547 612 1584 “
623 1533 711 1616 Ὅτι
737 1535 843 1620 αὐτὸς
868 1538 888 1615 ὁ
909 1537 1041 1640 Κύριος
1065 1539 1103 1616 ἐν
1121 1534 1354 1632 κελεύσματι,

109 1682 146 1724 10
160 1664 182 1702 ‘⁴
200 1656 238 1734 ἐν
257 1664 362 1763 φωνῇ
386 1661 619 1765 ἀρχαγγέλου
644 1663 702 1741 καὶ
725 1662 763 1741 ἐν
788 1660 969 1764 σάλπιγγι
994 1665 1088 1740 Θεοῦ
1112 1658 1358 1768 καταβήσεται

160 1789 183 1828 “
201 1781 260 1861 ἀπ’
300 1782 462 1886 ούρανοῦ,
500 1787 559 1864 καὶ
596 1789 630 1865 οἱ
667 1787 783 1888 νεκροὶ
820 1787 858 1864 ἐν
895 1789 1048 1892 Χριστῷ
1087 1781 1358 1884 ἀναστήσονται

161 1912 183 1952 “
200 1910 355 2008 πρῶτον,
385 1906 504 1989 ἔπειτα
539 1908 637 2008 ἡμεῖς
674 1914 707 1988 οἱ
745 1906 870 2012 ζῶντες
902 1914 935 1989 οἱ
967 1906 1252 2011 περιλειπόμενοι
1286 1905 1358 1987 σῦν

161 2037 183 2078 “
200 2029 318 2114 αὐτοῖς
355 2032 643 2136 ἁρπαγησόμεθα
680 2036 717 2113 ἐν
756 2029 923 2138 νεφέλαις
964 2037 1012 2116 είς
1053 2031 1257 2131 ἀπάντησιν
1293 2039 1388 2111 τοῦυ

160 2161 184 2199 “
204 2155 340 2306 Κυρίου
362 2161 409 2240 είς
427 2158 524 2260 ἀέρα,
543 2159 602 2238 καὶ
627 2159 738 2241 οὕτως
762 2156 916 2238 πάντοτε
935 2155 1006 2236 σῦν
1026 2156 1148 2265 Κυρίῳ
1164 2152 1356 2254 ἐσόμεθα·”

111 2297 147 2359 15
162 2309 219 2354 και
245 2277 359 2358 πάλιν
375 2278 467 2384 πρὸς
492 2279 575 2366 τοῦς
599 2290 745 2384 νεκροῦν
763 2283 951 2382 ἑλομένους
975 2279 1021 2361 τά
1046 2281 1084 2360 ἐν
1106 2277 1234 2389 κόσμιρ
1258 2277 1357 2425 πάθη

161 2410 183 2446 “
201 2403 416 2484 Ἀπεθάνετε
455 2403 538 2509 γάρ,
569 2410 628 2485 καὶ
666 2405 688 2505 ἡ
728 2404 852 2508 ζωή“
835 2413 934 2506 υμῶν
971 2438 1162 2508 κεκρυιτται
1199 2437 1271 2483 συν
1306 2407 1426 2535 τῷδ’
1403 2405 1477 2456 0⁰¹·
1470 2404 1505 2456 ¹¹¹·

162 2535 182 2572 “
162 2531 400 2696 Χριστῷ’
382 2563 419 2608 εν
447 2534 498 2684 τήν
525 2527 669 2679 Θειρ,
649 2563 736 2609 οταν
763 2529 784 2610 ό
812 2528 973 2634 Χριστὸς
1006 2527 1252 2681 φανερωθῇ
1231 2562 1253 2627 η
1286 2484 1454 2630 ζωι“γ3’4

162 2653 313 2751 “ύμῶν,
330 2651 412 2733 τότε
436 2656 496 2734 καὶ
522 2656 618 2754 ὑμεῖς
644 2653 950 2760 φανερωθήσεσθε
975 2652 1047 2734 σῦν
1064 2655 1160 2760 αὐτῷ
1178 2655 1216 2734 εὐ
1234 2651 1359 2760 δόξηά

161 2775 299 2857 οῦκοῦν·
328 2778 697 2884 ἀνακεφαλαιάσομαι
722 2776 795 2882 γάρ
822 2787 887 2859 τοῦ
912 2776 1026 2881 λόγου
1050 2775 1116 2877 τήν
1135 2775 1296 2876 δύναμιν·
1327 2780 1361 2856 οἱ

110 2927 149 2968 20
161 2897 227 2999 μὲν
242 2905 316 2981 τῶν
337 2902 375 2980 ἐν
398 2899 526 3010 κόσμιρ
553 2907 673 2982 κακῶν
697 2903 847 3005 ἐρασταὶ
875 2901 1151 3008 κατοιχήσονται
1178 2901 1269 3005 πρὸς
1296 2899 1360 2981 τὸν

161 3019 262 3130 ᾅδην,
292 3027 350 3104 καὶ
381 3028 418 3104 ἐκ
449 3024 649 3129 προσώπου
681 3025 897 3126 γενήσονται
929 3031 1106 3127 Χριστοῦ·
1145 3024 1360 3105 συυέσουται

162 3145 276 3248 γεμὴν
296 3149 393 3255 αύτῷ
417 3151 475 3228 καὶ
502 3147 818 3248 συνδιαιτήσονται
844 3148 902 3229 διά
929 3149 1064 3232 παντὸς
1088 3153 1120 3228 οἱ
1145 3152 1210 3248 τῆς
1234 3150 1394 3252 ἀρετῆςδ

161 3273 321 3375 ἐρασταὶ,
351 3274 410 3351 καὶ
442 3269 506 3351 τόν
535 3273 730 3376 ἀρῤαβιῦνα
764 3279 829 3352 τοῦ
863 3271 1070 3371 Πνεύματος
1107 3275 1214 3370 ἀσινῆ
1252 3271 1359 3372 τηρή-

162 3428 303 3494 σαντες,
321 3394 491 3480 συνόντες
510 3393 547 3474 δὲ
567 3394 744 3495 δηλονότι,
764 3399 822 3476 καὶ
840 3396 883 3476 τὸ
900 3393 1094 3499 θεοπρεπὲς
1113 3398 1224 3476 αύτοῦ
1249 3395 1358 3475 κατό-

112 3547 149 3610 ι5
163 3523 296 3625 ψονται
333 3517 470 3603 κάλλος
507 3518 771 3604 άδιακωλύτως·
823 3530 845 3567 “
860 3516 998 3600 Ἔσται
1033 3519 1105 3623 γάρ
1140 3554 1212 3616 σοι,
1251 3523 1359 3628 φησὶ,
1406 3539 1528 3606 mm.

162 3653 186 3692 “
206 3641 337 3748 Κύριος
357 3649 434 3752 φῶς
455 3641 608 3741 ιάοίνιον,
627 3646 684 3724 καὶ
710 3645 730 3723 ὁ
751 3641 846 3730 Θεὸς
871 3644 962 3754 δόξα
986 3646 1091 3726 σοο·”
1123 3647 1182 3725 καὶ
1205 3642 1297 3730 εἰκός
1323 3643 1361 3724 δὲ

161 3777 269 3850 τοῦτο
301 3769 504 3862 βούλεσθαι
536 3770 672 3872 δηλοῦν
705 3767 768 3849 τὸν
798 3769 944 3874 Κύριον,
973 3767 1061 3850 όταν
1089 3767 1273 3868 ἀκούωμεν
1302 3769 1363 3848 λε’-

162 3925 291 3994 γοντος
308 3893 388 3973 Ἔτι
415 3891 530 4000 μικρόν
561 3903 621 3974 καὶ
651 3901 666 3975 ί
697 3896 826 4000 κόσμος
853 3930 899 4000 με
928 3891 1037 3976 ιόιιίτι
1066 3891 1180 4002 θεωρεῖ,
1204 3897 1298 3999 ὑμεῖς
1327 3889 1363 3972 δι’

163 4013 304 4124 θεωρεῖτέ
318 4051 374 4122 με,
394 4016 443 4097 ’ότι
463 4013 531 4120 ἐγῶ
550 4015 596 4126 ζῶ
616 4025 675 4097 καὶ
696 4020 789 4122 ὑμεῖς
810 4015 955 4126 ζήσεσθε.
995 4017 1229 4122 διαψεύσεται
1249 4013 1363 4116 γεμήν

109 4169 150 4226 30
163 4141 337 4240 οὐδαμῶς,
360 4139 474 4250 μικρδι
496 4136 584 4222 εἶναι
612 4138 730 4242 λε’γωυ
757 4137 821 4220 τόν
848 4138 985 4247 μεταξὺ
1011 4137 1142 4246 χρόνον
1165 4142 1230 4238 τῆς
1256 4141 1361 4218 οἱονεὶ

162 4263 429 4371 ἀποκαλύψεως
456 4265 574 4345 αὐτοῦ.
618 4269 703 4370 Θεῷ
730 4262 801 4368 γὰρ
829 4269 881 4371 τῷ
908 4266 960 4344 ἀεὶ
988 4261 1064 4343 ὅντι
1092 4264 1150 4342 καὶ
1179 4263 1199 4340 ὁ
1226 4261 1390 4366 μακρὸςο

1405 1544 1415 1580 1
1426 1530 1513 1579 Thess.

1402 1596 1436 1646 iv.
1443 1597 1480 1654 16,
1489 1606 1526 1660 17.

199 4464 421 4536 ΚάξσίρετοςΕ.
530 4478 555 4536 7.
573 4463 823 4522 ἀδιαλείπτωςΕΗῈ
837 4463 889 4519 Ed.
902 4482 958 4536 mg.
971 4463 1062 4520 ἀδιαλ’
1049 4486 1134 4534 ηπτιις
1147 4465 1199 4521 Ed.
1289 4467 1361 4608 φά

163 4537 210 4593 alt.
222 4536 482 4620 ιιιιιαιρῑυιιιικΕ.
608 4551 650 4590 ιι.
667 4535 703 4590 ἀπ
703 4535 756 4590 ’.Ε
770 4545 894 4605 utsupra
908 4535 1123 4606 765d.'anoEd.
1178 4537 1298 4606 οίνειροι

163 4605 824 4676 ommium.12.np.·›m1³.es.10
836 4627 933 4676 πρστοι
947 4607 998 4662 Ed.

719 4707 808 4774 31³2

1329 4543 1357 4602 ,φ
