3248 5112
173 362 301 449 xiv.19.
358 363 414 428 IN
446 363 479 429 S.
504 364 758 430 JOANNEM.
806 365 900 428 LIB.
925 365 985 429 IX.
1032 363 1133 428 CAP.
1159 362 1186 427 1.
1307 363 1370 425 473

172 525 351 628 παρέστω
371 531 429 609 καὶ
448 529 625 630 βοηθήσει
643 528 701 610 διὰ
719 537 784 610 τοῦ
804 528 1015 628 Πνεύματος
1038 535 1112 613 τοῖς
1137 525 1372 608 πιστεύουσιν

173 655 221 735 εὶς
249 650 369 751 αὐτόν,
396 652 498 732 οὐδὲν
521 653 629 754 ἧττον
653 650 930 756 ἐπαγγέλλεται,
956 650 1023 734 κάν
1048 658 1097 736 είς
1125 647 1252 734 αύτούς
1278 651 1369 730 ἀνα·

172 776 281 881 βαίνῃ
308 773 391 861 τοῦς
419 776 599 880 οὐρανούς,
618 777 708 876 μετά
735 778 801 877 τὴν
824 781 863 857 ἐκ
891 783 1023 882 νεκρῶν
1046 777 1257 872 ἀναβίωσιν,
1276 780 1372 852 “νῦν
1417 775 1484 904 ffb·
1498 776 1532 826 ¹¹·

173 907 195 944 “
212 899 553 1006 ἐμφανισθήσεσθαι
584 907 636 1009 τῷ
670 901 859 1010 προσώπῳ
892 910 957 982 τοῦ
988 907 1084 982 Θεοῦ
1117 899 1205 1003 ύπέρ
1238 897 1368 997 ἡμῶν,”

141 1021 266 1102 ῠκατά
283 1023 349 1124 τὴν
367 1034 431 1106 τοῦ
452 1026 604 1106 Παύλου
624 1023 761 1133 φωνήν.

170 1305 243 1374 Ἐτι
269 1309 385 1399 μικρὸν
413 1309 467 1377 καί
493 1313 512 1380 ὀ
540 1315 660 1389 κόσμοι
688 1335 727 1389 με
754 1312 862 1378 οὐκέτι
889 1307 1017 1401 θεωρεῖ,
1035 1306 1126 1387 ὑμεῖς
1154 1308 1189 1374 δὲ
1217 1305 1371 1396 θεωρεῖτέ
1389 1329 1424 1385 ¹9

387 1493 393 1508 .
435 1461 485 1519 με,
512 1441 562 1506 ὅτι
587 1437 653 1514 ὲτὼ
679 1439 731 1529 ζῶ,
759 1439 812 1504 καὶ
838 1435 929 1517 ὑμεῖς
955 1439 1099 1530 ζύοεσθε.
1386 1457 1403 1499 ε

231 1625 316 1706 Ἐπὶ
343 1625 467 1730 θύραις
494 1627 597 1714 ὄντος
623 1637 687 1709 τοῦ
713 1627 861 1727 πάθους,
889 1633 947 1708 καὶ
975 1625 1039 1708 τδν
1063 1632 1126 1728 τῆς
1156 1623 1374 1731 ἀναλήψεως

177 1749 301 1853 καιρδν
328 1751 620 1856 συνεισάγοντος,
648 1753 810 1837 ἀποπτος
842 1753 995 1834 ἔσεσθαι
1023 1759 1075 1861 τῷ
1108 1751 1229 1858 κύσμιρ
1261 1751 1376 1856 φησὶ,

125 1899 163 1942 ¹0
177 1874 352 1972 τουτέστι,
381 1884 456 1962 τοῖς
487 1884 561 1959 τῶν
589 1879 696 1960 θείων
727 1877 998 1980 προτιμήσασιν
1026 1879 1173 1980 ἀγαθῶν
1204 1873 1271 1974 τήν
1302 1880 1375 1952 τῶν

177 2000 411 2104 προσκαίρων
428 1999 646 2100 ἀπόλαυσιν,
665 2008 723 2082 καὶ
741 2008 814 2082 τῶν
832 2002 1006 2104 ούρανίων
1024 1999 1070 2081 τά
1091 2001 1226 2102 ἐπίγεια
1246 2032 1370 2080 ποιου·

177 2123 295 2220 με’νοις
313 2125 351 2203 ἐν
369 2126 542 2222 ἀμείνοσι.
580 2128 731 2208 καὶτοῖς
748 2124 814 2224 μέν
832 2125 900 2226 ἤδη
922 2123 1187 2227 προειρημένοις
1211 2119 1375 2228 ἀδελφήν

178 2277 216 2326 τε
244 2249 303 2326 καὶ
330 2247 535 2350 σύνδρομον
562 2248 628 2350 τήν
657 2249 815 2330 διάνοιαν
845 2249 1106 2356 ἐξυφαίνοντες,
1135 2250 1281 2350 ἐροῦμεν
1313 2248 1373 2324 εύ-

180 2369 311 2473 λόγως,
339 2371 394 2452 ὅτι
424 2370 580 2470 τὸνμὲν
607 2371 852 2476 παράκλητον,
880 2371 1055 2470 τουτέστι,
1072 2369 1126 2452 τὸ
1156 2375 1306 2468 Πνεῦμα
1333 2368 1375 2449 τὸ

128 2490 305 2597 ιΒἍγιον,
323 2497 472 2576 δέδωκεν
490 2497 510 2574 ὁ
531 2494 623 2582 Θεὸς
641 2500 699 2576 καὶ
720 2495 860 2600 Πατήρ,
880 2498 922 2576 δι’
941 2501 1031 2576 Υίοῦ
1050 2493 1229 2596 δηλονότι·
1256 2491 1376 2574 πάντα

177 2618 250 2724 γάρ
268 2621 312 2700 δι’
333 2621 442 2700 αὐτοῦ
459 2619 559 2724 παρά
578 2619 735 2724 Πατρός.
764 2620 919 2721 ἐλήλυθε
938 2617 1062 2723 γεμήν,
1081 2620 1144 2699 οῦκ
1163 2621 1221 2698 ἐπὶ
1237 2618 1404 2703 πάνταςα
1434 2643 1544 2700 814Δ.

179 2746 399 2846 ἀδιακρίτως,
420 2744 597 2848 πονηρούς
621 2779 660 2825 τε
686 2749 744 2825 καὶ
769 2743 936 2847 ἀγαθούς,
955 2745 1040 2824 ἀλλ’
1060 2744 1115 2850 ἐφ’
1136 2742 1196 2826 οῦς
1217 2741 1262 2842 ἦν
1280 2743 1376 2850 αύτῷ

179 2873 384 2964 βαδιεῖσθαι
400 2869 549 2974 πρέπον.
578 2869 668 2949 ὅσον
687 2869 844 2972 μὲνγὰρ
868 2869 952 2970 ήκεν
971 2873 1019 2954 εἰς
1043 2866 1109 2968 τὴν
1127 2875 1191 2948 τοῦ
1218 2863 1377 2952 διδόντος

180 2991 461 3093 πλουσιωτάτην
478 3028 516 3073 τε
535 2996 592 3074 καὶ
612 2995 774 3098 ἄφθονον
792 2993 910 3098 χάριν,
924 2995 1035 3076 οὐδεὶς
1054 2992 1186 3092 ἔμεινεν
1204 2992 1377 3093 ἀμέτοχος

129 3151 168 3190 20
180 3123 253 3196 τῶν
275 3119 332 3198 ἐπὶ
361 3121 424 3216 τῆς
452 3121 532 3219 γῆς·
562 3129 584 3166 “
601 3119 741 3222 Ἐκχεῶ
765 3116 849 3220 γάρ,
868 3119 984 3223 φησὶν
1006 3117 1043 3194 ἐν
1065 3111 1283 3221 προφήταις,
1304 3109 1377 3194 ἀπό
1420 3111 1486 3228 {gd
1500 3109 1527 3161 ἢ·

182 3251 203 3289 “
222 3249 287 3321 τοῦ
318 3239 520 3340 πνεύματός
551 3275 621 3340 μου
649 3243 705 3322 ἐπὶ
738 3247 864 3322 πᾶσαν
891 3238 1042 3343 σάρκα·”
1076 3237 1228 3320 ἕκαστος
1264 3236 1378 3338 γεμήν

181 3365 295 3472 ἐαυτῷ
319 3366 505 3468 παραίτιος
530 3365 664 3467 γίνεται
687 3371 751 3444 τοῦ
780 3367 975 3463 κεκτήσθω
1002 3361 1044 3444 τῦ
1072 3361 1267 3443 θεόσδοτον
1288 3363 1377 3462 ἀγα-

183 3487 258 3586 θὸν,
278 3486 301 3590 ή
321 3489 378 3568 καὶ
397 3486 563 3587 μηδύλως
585 3488 690 3568 ἑλεῖν.
731 3492 765 3568 οἱ
789 3486 855 3588 μέν
872 3486 944 3590 γάρ
969 3485 1027 3568 διά
1050 3485 1173 3584 πάσης
1197 3485 1380 3572 ἐπιεικείας

182 3613 246 3696 τὸν
265 3619 391 3693 οἰκεῖον
414 3613 714 3715 ἀποκαθαίροντες
743 3619 827 3692 νοῦν
848 3613 1025 3711 οὐδαμῶς,
1045 3613 1413 3715 ἐμφιλοχωροῦντεςδ

131 3757 168 3818 ²5
182 3737 219 3818 δέ
239 3740 323 3818 λίαν
340 3743 415 3821 τοῖς
432 3737 471 3816 ἐν
489 3734 616 3844 κόσμῳ
635 3742 766 3834 κακοῖς,
778 3735 945 3842 ἀμέτοχοι
963 3740 1027 3836 τῆς
1046 3737 1141 3820 θείας
1159 3736 1381 3834 ἀπομενοῦσι

183 3861 339 3968 χάριτος,
358 3863 423 3942 ούκ
447 3859 602 3968 ὄψονται
620 3857 786 3964 Χριστὸν
804 3863 841 3939 ἐν
859 3863 1005 3958 ἑαυτοῖς,
1025 3858 1158 3963 ἐρήμην
1176 3866 1240 3938 τοῦ
1260 3859 1378 3940 Πνεύ·

183 4022 298 4088 ματος
317 3986 457 4093 ἔχοντες
475 3985 541 4086 τὴν
553 3986 711 4088 καρδίαν.
745 3985 804 4066 διά
823 4019 877 4066 τοι
897 3993 1003 4066 τοῦτο
1022 3987 1081 4064 καὶ
1098 3986 1136 4062 ἐν
1150 3979 1250 4090 τάξει
1268 4017 1375 4085 γεγο-

183 4109 281 4196 νότες
315 4118 367 4218 τῷ
397 4109 587 4216 προστάτῃ
620 4116 693 4188 τῶν
722 4111 903 4215 ὀρφανῶν,
937 4107 1006 4188 ῦπὸ
1037 4105 1183 4203 παντὸς,
1216 4109 1264 4189 ῶς
1295 4106 1380 4194 ἐπος

182 4241 301 4332 εἰπεῖν,
320 4231 571 4336 διαρπάζονται
595 4241 660 4313 τοῦ
682 4239 907 4314 πλεονεκτεῖν
926 4229 1125 4336 ἰσχύοντος,
1143 4228 1167 4332 ή
1185 4229 1334 4328 πάθους,
1356 4230 1379 4332 ἢ

130 4395 169 4454 30
184 4362 362 4462 δαίμονος,
382 4359 493 4462 ἤγουν
511 4357 631 4461 ε’τέρας
648 4355 744 4442 τινὸς
762 4355 946 4457 ἐπιθυμίας
965 4359 1150 4455 κοσμικῆς,
1170 4357 1227 4434 καὶ
1245 4354 1380 4440 παντὸς

249 4598 344 4654 16-18.
362 4599 495 4670 ούκ-γάρ
509 4615 562 4652 om.
577 4595 609 4654 E.
720 4613 760 4670 19.
781 4618 809 4650 τε
822 4613 876 4652 om.
890 4593 924 4654 Ε.
1029 4609 1072 4666 27.
1091 4593 1118 4648 ἐν
1130 4593 1201 4662 τάξει
1213 4611 1268 4650 om.
1282 4593 1316 4654 Ε.

226 4701 296 4748 νος.
315 4702 352 4748 11.
766 4701 784 4764 3
802 4700 818 4742 P
