3274 5118
109 361 228 410 καις.
289 343 347 408 ΙΝ
377 343 409 410 S.
434 340 688 409 JOANNEM.
734 339 828 408 LIB.
853 343 894 408 X.
940 343 1115 408 CARII.
1245 345 1309 408 599

109 507 156 613 ἐξ
180 506 290 611 οὗπέρ
317 513 398 607 είμι,
421 507 500 590 οὐδὲ
528 507 641 610 μόνην
662 507 729 608 τήν
753 509 807 590 ἐπ’
827 508 993 608 ἀθεότητι
1019 512 1151 616 ψῆφον
1172 509 1307 588 ἀποκο·

110 638 275 731 μυοῦνται
302 633 459 730 δικαίως,
489 631 589 713 ἀλλά
622 629 694 736 γάρ
722 633 780 712 καὶ
808 633 898 739 αὐτῇ
925 629 1055 713 λοιπόν
1082 633 1309 730 ἐπιτιμῶντες

112 755 367 858 εὑρεθήσονται
404 763 450 862 τῇ
481 759 605 864 σοφίᾳ·
635 764 698 836 τοῦ
731 761 826 836 Θεοῦ
863 758 922 836 καὶ
960 752 1119 859 Πατρός.
1169 759 1199 834 εἰ
1236 751 1310 856 γάρ

112 878 254 985 ἔπεμψε
275 878 344 980 μέν
361 879 425 961 τὸν
442 880 532 961 ’ίδιον
549 878 640 961 Υίδν
660 882 849 985 ε’γεροῦντα
866 878 909 961 τό
928 876 1145 979 ὧλιοθηκίις,
1166 880 1310 958 ἀνακω-

81 1011 244 1096 5νοῦντα
266 1002 308 1085 τό
327 1004 637 1108 συντετριμμένον,
657 1004 937 1109 κατορθώσοπά
959 1037 996 1086 τε
1021 1012 1094 1088 τοῖς
1119 1005 1156 1084 ἐν
1181 999 1310 1109 κόσμῳ

113 1128 180 1228 τήν
197 1125 301 1232 ζωὴν,
318 1127 558 1238 ἀντεξάγουσι
586 1128 652 1230 μὲν
677 1134 800 1212 ἐκεῖνοι
827 1133 885 1211 καί
912 1129 1193 1234 ἀντιπράττουσι
1221 1133 1311 1208 δυσ-

113 1259 234 1346 σεβῶς
262 1261 336 1337 τοῖς
361 1255 604 1358 διακηριίττειν
623 1254 790 1336 ἐθέλουσι
818 1253 883 1335 τὸν
904 1253 1032 1344 τούτου
1059 1249 1306 1355 κατορθωτὴν,

113 1382 190 1460 πῶς
208 1377 249 1456 οὐ
268 1379 352 1457 λίαν
368 1380 526 1481 ἐναργῶς
545 1375 758 1481 ἠγνοηκότες
776 1377 985 1458 ἁλώσονται
1003 1379 1062 1458 καὶ
1080 1378 1177 1484 αὐτῷ
1195 1372 1346 1480 μαχό-ί)

113 1534 213 1597 μενοι
242 1505 294 1609 τῷ
325 1502 516 1607 πέμψαντί
543 1535 614 1602 με;
655 1501 714 1584 διά
745 1502 817 1606 γὰρ
848 1509 913 1583 τοῦ
941 1502 1149 1601 πέμπεσθαι
1179 1501 1310 1602 λέγειν,

61 1659 100 1701 10
115 1621 206 1724 όλην
242 1625 328 1724 ἡμῖν
363 1630 427 1725 τῆς
465 1624 556 1724 μετὰ
592 1624 729 1729 σαρκὸς
770 1625 971 1726 οἰκονομίας
1017 1622 1209 1728 εἰσκομίζει
1244 1621 1312 1723 τήν

115 1745 290 1847 δήλωσιν·
330 1751 350 1828 ό
374 1748 412 1829 δὲ
435 1747 621 1850 ήγνοηκόις
646 1749 697 1830 τόν
716 1742 928 1856 πέμψαντα,
947 1751 1005 1828 καί
1025 1745 1121 1828 Θεὸν
1138 1745 1313 1850 ἠγνόηκεν

115 1873 152 1950 ἐν
170 1873 288 1982 ταύτῷ
306 1875 363 1953 καί
381 1871 423 1953 τὸ
441 1877 505 1973 τῆς
523 1876 734 1973 ἀποστολῆς
753 1872 910 1976 ἀτιμάζει
928 1870 1141 1977 μυστήρων.

119 2127 153 2195 Εί
181 2130 225 2208 μιί
253 2125 354 2198 ἦλθον
381 2132 435 2198 καί
461 2134 607 2200 ὲλάλιισα
632 2130 753 2214 αὐτοῖς,
785 2130 947 2221 ἁμαρτίαν
976 2133 1035 2198 οὐκ
1066 2126 1209 2219 εἴχοσαν·
1255 2136 1311 2197 νῦν
1327 2157 1364 2199 αα

229 2255 266 2323 δὲ
293 2258 459 2348 πρόφασιν
486 2261 545 2326 οὐκ
571 2259 680 2347 ἔχουσι
706 2257 782 2348 περί
810 2266 865 2325 τῆι
892 2255 1053 2348 ἁμαρτίαι
1080 2257 1199 2324 αὐτῶν.

64 2462 103 2523 ¹5
173 2431 270 2534 Διχή
296 2429 440 2530 νοητέον
459 2427 501 2511 τό
527 2433 566 2512 ἐκ
591 2437 664 2512 τῶν
685 2431 925 2534 προκειμένων
943 2429 1246 2531 ι’πτοδηλοόμενον.
1285 2433 1345 2518 είο

117 2551 186 2656 γάρ
205 2553 314 2635 α’ίοιτό
340 2589 395 2640 τις
423 2553 533 2662 τυχόν
561 2555 651 2660 πρὸς
669 2552 859 2655 Ἕλληνάς
886 2589 926 2635 τε
954 2557 1012 2634 καί
1029 2556 1222 2640 Ἰουδαίους
1249 2553 1314 2666 τὸν

115 2677 172 2756 ἐπὶ
199 2678 314 2786 τούτῳ
336 2679 504 2782 γενέσθαι
531 2679 660 2782 λόγον,
682 2679 791 2784 έκεΐνό
819 2685 949 2785 φαμεν,
969 2682 1017 2764 ὡς
1041 2686 1068 2760 εί
1087 2675 1135 2784 μή
1155 2677 1313 2782 ἐγεγόνει

115 2797 206 2904 πρὸς
238 2799 401 2888 ἅπαντας
432 2802 515 2888 τοὺς
551 2803 658 2889 ὄντας
690 2807 748 2884 ἐπὶ
782 2807 847 2904 πής
876 2809 943 2908 γῆς
978 2803 1022 2884 τὸ
1055 2803 1151 2884 θεῖόν
1183 2837 1222 2884 τε
1254 2805 1315 2883 καὶ

117 2923 280 3027 οὐράνιον
307 2925 484 3029 κήρυγμα,
514 2931 607 3033 φημί
637 2925 682 3028 δή
711 2926 754 3006 τὸ
785 2926 1029 3029 εόαγγελικὸν,
1053 2925 1315 3030 παραδεικνόον

65 3090 104 3130 ιο
117 3047 258 3158 ἑκάστῳ
287 3053 351 3150 τῆς
379 3049 560 3154 σωτηρίας
592 3049 658 3150 τήν
691 3047 785 3146 ὁδὸν,
817 3053 874 3130 καί
911 3047 958 3129 τδι
986 3053 1050 3150 τῆς
1086 3049 1314 3151 δικαιοσύνης

116 3171 204 3276 ἔργα
226 3181 512 3272 καταλευκαΐνον,
530 3171 576 3274 ήν
592 3171 637 3254 ἀν
654 3173 744 3259 ἴσως
769 3172 911 3282 ἑκάστῳ
928 3171 1040 3276 λόγος
1067 3175 1131 3254 οὐκ
1157 3171 1313 3274 ἀσθενὴς

117 3304 163 3382 είς
190 3299 410 3401 παραίτησιν
430 3303 502 3377 τῶν
520 3299 561 3378 οὐ
590 3295 739 3405 σφόδρα
767 3298 1037 3404 φιλεργοόντων
1060 3303 1109 3384 εἰς
1130 3295 1270 3402 ἀρετήν,
1288 3297 1312 3397 ἡ

116 3426 188 3501 τῶν
218 3420 446 3526 ἀρεσκόντων
475 3427 558 3529 Θεῷ
587 3417 768 3521 παντελὴς
800 3420 946 3522 ἀμαθία·
986 3421 1098 3524 ταότη
1129 3456 1184 3503 τοι
1213 3431 1347 3524 συγ-δ

115 3543 260 3648 γνώμης
285 3545 476 3653 ἀξιοῦσθαι
499 3553 734 3650 παρακαλεῖν.
775 3543 894 3647 ἐπειδή
922 3543 960 3626 δέ
987 3543 1079 3649 πρὸς
1107 3543 1313 3632 ἀπανταςό

31 3703 35 3710 ·
65 3701 104 3763 ι5
117 3672 180 3769 τῆς
207 3668 430 3772 εἰσηγήσεως
457 3668 567 3772 λόγος
594 3671 792 3771 πεποίηται,
820 3670 872 3756 τίς
895 3666 1014 3770 ἀνείη
1042 3667 1173 3750 λοιπὸν
1198 3672 1218 3750 ὁ
1248 3673 1314 3770 τῆς

116 3792 365 3896 παραιτήσεως
397 3793 517 3898 λόγος,
546 3793 570 3897 ή
601 3797 715 3879 ποίοις
747 3791 792 3875 ἀν
823 3791 1002 3902 χρήσαιτό
1035 3829 1089 3880 τις
1118 3793 1210 3900 πρὸς
1247 3792 1313 3874 τὸν

119 3917 299 4022 Κρίνοντα
316 3916 452 4020 λόγοις,
464 3920 522 3998 έπί
539 3925 614 4004 τοῖς
630 3920 835 4025 αἰσχίστοις
853 3919 943 4020 μετὰ
962 3917 1028 4019 τήν
1049 3917 1188 4019 γνῶσιν
1205 3952 1311 4018 κατη-

115 4041 356 4145 γορούμενος;
388 4047 417 4122 εί
441 4041 479 4122 δὲ
504 4045 585 4146 περί
607 4040 727 4139 μόνων
747 4041 847 4144 λέγοι
871 4046 969 4124 τουτὶ
997 4047 1070 4122 τῶν
1088 4039 1271 4121 Ἰουδαίων
1291 4042 1311 4120 ὁ

120 4165 260 4268 Κύριος,
287 4164 349 4246 ἀτε
379 4165 424 4266 δή
453 4171 512 4246 καί
542 4163 723 4251 πολλάκις
752 4165 1033 4270 ἀκροασαμένων
1064 4161 1310 4259 διδάσκοντος,

119 4361 500 4506 οιίίι.””ῗίήί“ιίίοίίόιιι.
585 4380 626 4419 '⁰'
645 4361 913 4506 ἐ“’“”“ί,ῗί.ίίήῖἀίὲ]
926 4429 953 4489 ιι
969 4361 1311 4507 ιιιι.,1ιίἱιῖίῗά]τίίᾞά

118 4507 170 4561 8ις
183 4505 216 4561 b:
237 4504 284 4562 ιιδ
296 4505 330 4560 εί,
344 4522 426 4577 nupta
437 4521 490 4577 309
502 4521 527 4570 c,
540 4519 591 4576 35²
604 4521 628 4569 ι,
641 4505 735 4578 3731).
816 4522 856 4578 ¹9·
876 4457 1065 4577 παροδιιωὺιιν
1077 4505 1110 4562 Ε.
1195 4519 1239 4580 ιη.
1257 4507 1313 4580 κρί-

119 4597 194 4632 νοντα
208 4575 240 4632 Ε.
