3200 5092
445 333 489 395 42
750 333 788 398 Β.
811 335 1020 400 OYRILLI
1049 335 1337 400 ALEXANDR.

447 504 553 577 τοῦτο
581 499 638 576 καῖ
668 500 688 578 ό
716 499 910 582 θεσπέσιος
928 498 1073 600 Δανιήλ
1101 509 1217 606 φησιν
1235 510 1256 548 “
1271 499 1338 599 Et,
1368 496 1411 576 τὸ
1440 495 1474 576 ὅι

447 631 469 668 “
490 621 625 723 Κυρίου
653 623 894 724 εύλογημένον
918 631 966 708 εἷς
989 622 1071 708 τοὺς
1097 630 1237 719 αίῶνας,
1264 622 1319 702 ότι
1344 622 1367 722 ἡ
1393 627 1474 725 σοφ

446 755 467 792 “
484 745 633 831 σύνεσις·
650 749 709 826 καὶ
731 747 753 846 ἡ
777 745 882 853 ἰσχύς
906 749 1014 827 αὐτοῦ
1040 745 1174 828 ε’στιν.”
1213 753 1242 826 εί
1267 745 1305 826 δὲ
1330 747 1474 838 αύτοῦ,.

443 877 508 948 τοῦ
525 868 714 976 προφήτου
732 870 855 973 λόγον,
875 875 933 950 καὶ
958 871 980 970 ἡ
1007 869 1114 976 ἰσχύς
1141 874 1199 950 καὶ
1223 872 1245 970 ἡ
1271 873 1388 977 σοφία
1407 872 1474 948 ε’στ

443 991 573 1073 λοιπόν
605 999 668 1093 τῆς
705 1002 778 1074 τῶν
809 994 1025 1102 ἑτεροδόξων
1055 995 1216 1102 ἀνέξεται
1249 994 1474 1095 γλώσσαργί

444 1115 563 1218 ἑτέρον
593 1121 651 1197 καὶ
681 1117 830 1218 δύναμιν
857 1122 915 1199 καὶ
943 1118 1080 1225 σοφίαν
1103 1125 1339 1224 χορηγεῖσθαι
1368 1116 1474 1218 λεγόν

443 1241 582 1345 σοφίαν
600 1245 658 1320 καὶ
677 1242 827 1340 δύναμιν
844 1237 931 1322 εἶναι
947 1251 1012 1321 τοῦ
1031 1240 1200 1345 Πατρός;

499 1424 522 1460 ,,
538 1363 649 1443 Ἀλλ’
669 1370 698 1444 εί
721 1365 787 1462 μέν
810 1363 901 1462 τινά,
920 1369 1047 1469 φησὶν,
1065 1365 1236 1466 ἐλέγομεν
1258 1365 1378 1466 ἕτερον
1404 1361 1426 1469 ᾖ
1451 1398 1472 1442 τ

414 1514 466 1584 0„
484 1493 532 1570 είς
560 1487 709 1586 δύναμιν
732 1489 957 1593 ἐπιχορηγεῖν
982 1494 1034 1596 τῷ
1060 1494 1149 1596 Υῖῲ,
1172 1489 1285 1591 ἤγουν
1309 1485 1474 1569 διδάσκει,

442 1671 465 1708 ,,
483 1609 642 1711 εὐλόγως
667 1608 711 1690 ἀν
729 1619 803 1696 τοῖς
826 1611 910 1716 παρ’
931 1614 1032 1712 ἡμῶν
1051 1610 1283 1712 ε’πέσκήψατε
1311 1610 1447 1713 λόγοις,
1468 1649 1474 1688 ι

440 1795 465 1832 ,,
484 1735 616 1842 ζομένιρ
643 1743 856 1838 συνηγορεῖν
881 1733 1072 1838 ἐγνωκότες
1100 1737 1208 1842 αύτῷ·
1250 1735 1368 1834 ἐπειδὴ
1397 1733 1436 1814 δὲ
1464 1769 1474 1812 ι

440 1919 463 1956 ,,
481 1862 540 1939 καὶ
568 1859 715 1962 Πατέρα
741 1869 854 1940 ταῦτα
882 1857 1016 1940 διδόναι
1044 1858 1173 1966 φαμέν,
1201 1860 1288 1940 ποία
1321 1855 1452 1939 λοιπόν

441 2041 464 2080 ,,
482 1983 564 2079 ύμῖν
583 1983 605 2081 ἡ
623 1986 687 2080 τῆς
706 1982 823 2084 λύπης
840 1987 1068 2087 ἀναφανεῖσα
1085 1981 1272 2087 πρόφασις
1285 1983 1315 2076 ;”

498 2107 642 2208 Ούκαῦν
665 2111 694 2186 εί
721 2106 831 2207 μηδὲν
855 2107 1038 2207 ἀδικήσειν
1061 2106 1180 2187 οἴεσθε
1207 2106 1271 2186 τὸν
1289 2103 1380 2185 Υίδν
1406 2110 1454 2189 είς

440 2229 532 2309 κατὰ
562 2229 676 2336 φύσιν
703 2229 872 2329 ἀνόμοιον
901 2234 954 2338 τῷ
986 2229 1212 2333 γεννήσαντι,
1240 2227 1307 2309 κάν
1339 2263 1472 2334 χορηγε

441 2351 583 2454 λέγεται
617 2355 701 2455 παρ’
735 2356 857 2452 αὑτοῦ,
892 2361 965 2434 τῶν
1001 2354 1102 2452 νέων,
1137 2351 1167 2433 ὦ
1203 2353 1380 2457 ἀνθρωπε,
1416 2357 1474 2431 δια

214 2467 217 2472 ’
273 2493 341 2549 524
349 2493 389 2550 Δ.
411 2473 575 2578 ιλόγων,
597 2479 655 2556 καὶ
674 2479 866 2582 ἀναπείθον
884 2476 942 2558 διά
964 2477 1092 2558 τούτου
1117 2476 1167 2577 μὴ
1193 2475 1474 2578 σκανδαλίζεσθι

440 2599 478 2680 δὲ
496 2602 593 2707 αύτῷ
611 2600 653 2680 τὸ
673 2604 711 2680 έν
730 2601 823 2686 ’ίσοις
843 2601 1015 2706 ὑπάρχειν
1033 2599 1125 2681 κατά
1140 2599 1260 2681 πάντα
1278 2605 1329 2707 τῷ
1348 2602 1423 2706 ῖδίιρ
1442 2633 1473 2699 γι

440 2726 498 2803 καὶ
515 2722 606 2804 κατά
631 2724 766 2824 μηδένα
787 2731 975 2810 παντελῶς
994 2725 1171 2824 ἡττᾶσθαι
1188 2725 1324 2828 τρόπον
1342 2721 1364 2823 ἢ
1385 2723 1472 2824 λόγα

438 2881 484 2926 σε
501 2855 608 2928 τοῦτο
632 2854 705 2927 τῶν
723 2851 787 2946 τῆς
811 2849 1003 2948 ὀρθότητος
1030 2846 1170 2954 ἐξέλκει
1195 2853 1396 2947 λογισμῶν,
1416 2851 1472 2924 καὶ

438 2967 463 3050 ἀ
488 2971 538 3070 μὴ
565 2971 665 3070 θέμις
690 2973 868 3052 ἀναπείθει
893 2975 974 3074 περὶ
999 2973 1119 3068 αὐτοῦ,
1138 2972 1177 3051 τί
1198 2969 1315 3070 μάτην
1334 2971 1425 3068 ἡμᾶς
1442 3003 1471 3047 τι

437 3103 589 3200 σαθροῖς
606 3094 913 3200 κατασοφίζεσθαι
932 3093 1056 3198 λόγοις
1074 3098 1279 3199 ἐπιχειρεῖς,
1310 3093 1434 3172 διοίσει
1453 3127 1470 3193 γ

439 3219 541 3299 οὐδὲν
569 3219 636 3300 κάν
663 3217 770 3303 αὐτὸς
798 3221 818 3298 ό
848 3217 940 3302 Θεὸς
969 3221 1028 3298 καὶ
1057 3217 1196 3319 Πατὴρ,
1226 3216 1294 3297 κάν
1321 3217 1437 3320 ἕτερός
1468 3253 1470 3268 ⁴

406 3347 571 3423 δέκεῖνον
594 3341 728 3422 διδόναι
753 3376 788 3420 τι
816 3341 959 3445 λέγεται
985 3347 1037 3450 τῷ
1053 3347 1141 3450 Υίῷ.
1183 3344 1240 3422 ἐπὶ
1268 3339 1340 3443 γὰρ
1367 3345 1417 3446 τῷ
1445 3374 1469 3418 τ.

439 3465 543 3572 ἅπαξ
568 3465 883 3567 κατηγορούμενος,
908 3467 1016 3546 ποίαν
1044 3463 1089 3546 ἀν
1116 3465 1180 3572 ἔχη
1208 3464 1274 3564 τὴν
1302 3464 1437 3564 ὄνησιν,
1460 3499 1468 3542 ι

439 3589 593 3693 ὑπάρχοι
619 3588 810 3694 περιφανὲς
829 3593 893 3669 τοῦ
911 3589 1069 3673 διδόντος
1087 3587 1129 3670 τό
1148 3587 1371 3691 πρόσωπον;
1401 3588 1439 3667 τί
1461 3621 1468 3688 3

437 3747 499 3812 μοι
536 3713 660 3792 διοίσει
696 3717 748 3818 τῷ
785 3712 827 3792 τδ
864 3711 1092 3814 πλήττεσθαι
1129 3711 1398 3819 παραιτουμένῳ
1429 3711 1467 3791 τό

475 4027 498 4066 1.
517 4007 614 4078 Δανιὴλ
628 4007 661 4064 Β.
675 4008 765 4064 Holet.
777 4008 902 4080 Ἱερεμίας
913 4011 1030 4102 conexit
1037 4019 1069 4066 ut
1080 4009 1190 4065 adnotat
1201 4011 1259 4082 ipse
1270 4009 1344 4102 tub.
1381 4078 1420 4132 Ed

436 4079 794 4242 φυλακαί...
824 4097 851 4150 ⁵·
869 4079 1465 4233 γόηςλακκαῖα...

437 4225 575 4290 ιγτυλεῖπον
588 4221 619 4276 Β.
632 4207 773 4276 ἀπολεῖπον
788 4221 835 4276 Ht.
849 4221 900 4275 Ed.
949 4221 1045 4278 Statim
1058 4221 1145 4291 ἕτερον
1157 4223 1252 4276 iterum
1265 4220 1371 4275 exhlbet
1385 4219 1415 4273 B.

438 4291 471 4346 B.
486 4291 534 4347 Ht.
547 4293 632 4360 ὑμῖνθ
646 4293 704 4346 Cat.
717 4291 866 4346 emendavit
878 4291 950 4348 Aub.
998 4293 1160 4363 ἀναφανεῖσα
1174 4293 1205 4346 Β.
1221 4292 1269 4347 Ht.
1282 4292 1442 4361 ἀναφανεῖται
1455 4307 1464 4342 e

439 4378 481 4429 14.
499 4363 631 4430 ἀδικήσειν
643 4361 730 4416 αῖεσθε
743 4361 775 4416 Β.
789 4362 933 4416 ἀδικεῖσθαι
948 4361 996 4417 Ht.
1010 4363 1062 4418 Ed.
1197 4376 1238 4432 17.
1256 4361 1347 4416 τούτου
1361 4361 1391 4414 Β.
1404 4359 1464 4414 τυύυ

438 4448 480 4485 21.
500 4432 629 4486 ἀναπείθει
643 4433 675 4487 Β.
688 4432 811 4499 ἀναπείθῃ
828 4432 875 4486 Ht.
889 4431 940 4486 Ed.
1082 4449 1124 4502 23.
1143 4433 1220 4489 αιἰτδς
1231 4451 1255 4486 a.
1270 4433 1330 4487 Cat.
1345 4431 1416 4486 Harl.
1430 4441 1454 4484 et

439 4501 538 4570 Heyee.
550 4504 647 4557 παντὸς
660 4501 737 4555 Β.τα
776 4505 788 4518 ”
805 4502 853 4555 Ht.
866 4502 918 4557 Ed.
961 4525 997 4557 πα
1014 4502 1137 4557 ’ἐκείνων
1147 4501 1180 4556 Β.
1191 4503 1341 4557 emendavit
1355 4501 1400 4555 Ht.

436 4571 541 4640 λέγοιτο
554 4588 577 4623 α.
650 4586 692 4642 25.
712 4573 766 4642 ἔχει
806 4572 976 4626 ,emendavit
990 4524 1106 4644 fittxa
1120 4573 1257 4628 sineere.
1330 4575 1371 4627 οὐ.
1390 4571 1463 4642 ύπόργ
