3142 5118
180 2347 259 2426 Ειεῖι.

179 2429 266 2463 xmv.

183 2493 221 2528 10.

182 3091 223 3141 Ib.
236 3105 283 3156 ²3-

185 3172 197 3208 ι
217 3194 224 3208 .

342 321 407 383 228
644 323 684 388 B.
708 322 916 388 CYRILLI
946 319 1234 387 ALEXANDR.
1360 381 1366 392 ,
1440 333 1518 394 x.14

343 492 364 528 “
382 482 551 586 πρόβατά
573 520 644 586 μου
669 489 711 568 οὐ
736 484 903 583 βάσκετε.
942 483 985 566 τὸ
1004 483 1203 586 ἡσθενηκὸς
1221 484 1284 563 οὐκ
1304 479 1513 585 ε’νισχιῖσοτε

274 711 276 716 Ι
344 615 366 653 “
383 610 442 686 καὶ
469 607 512 688 τὸ
540 617 656 695 κακῶς
683 611 767 715 ἕχον
793 613 858 692 οὐκ
886 607 1229 710 ἐσωματοποιήσατε
1257 609 1316 686 καὶ
1342 603 1385 685 τὸ
1412 637 1518 682 συντε4

311 725 366 790 (Ῑ“
384 733 575 834 τριμμίνον
617 735 660 814 οὐ
704 732 934 835 κατεδήσατε,
970 739 1029 814 καὶ
1073 731 1116 813 τὸ
1161 729 1434 830 πεπλανημένον
1474 727 1518 806 οὐι

345 863 366 900 “
383 856 645 964 ἐπεστρέψατε,
678 860 737 938 καὶ
769 857 811 938 τὸ
848 857 1043 941 ἀπολωλὸς
1075 845 1140 936 οὖκ
1169 853 1373 958 ἐζητήσατε,
1406 854 1463 930 καὶ
1494 849 1518 929 τι

344 987 366 1024 “
383 978 534 1085 ἰσχυρὸν
561 980 851 1084 κατειργάσασθε
882 981 1021 1090 μόχθῳ·
1063 983 1122 1060 καὶ
1155 977 1333 1082 διεσπάρη
1368 973 1415 1054 τά
1443 970 1513 1076 πρά

344 1109 366 1148 “
383 1101 481 1198 βατά
512 1138 582 1204 μου
619 1105 677 1184 διὰ
709 1105 751 1186 τὸ
784 1106 834 1206 μὴ
872 1101 960 1186 εἶναι
997 1104 1179 1203 ποιμένας,
1212 1102 1271 1181 καὶ
1306 1098 1454 1202 ἐγενήθη
1491 1102 1518 1176 εἰ

344 1238 366 1274 “
385 1226 606 1332 κατάβρωμα
625 1237 718 1310 πᾶσι
735 1237 809 1314 τοῖς
828 1230 962 1334 θηρίοις
980 1237 1045 1310 τοῦ
1067 1229 1191 1331 ἀγροῦ,
1211 1230 1268 1305 καῖ
1294 1224 1471 1325 διεσπάρη
1494 1254 1518 1299 τι

345 1361 368 1398 “
386 1351 555 1455 πρόβατά
573 1387 643 1454 μου
661 1355 699 1432 ἐν
717 1358 824 1434 παντὶ
843 1354 916 1456 ὄρει
936 1356 993 1433 καὶ
1011 1355 1069 1433 ε’πῖ
1086 1351 1206 1432 πάντα
1227 1347 1360 1446 βουνὸν
1379 1343 1518 1453 ὑψηλὸν

345 1485 367 1523 “
386 1478 444 1555 καὶ
471 1479 528 1557 ἐπὶ
553 1477 756 1579 προσώπου
780 1477 903 1572 πάσης
928 1481 992 1577 τῆς
1018 1480 1095 1580 γῆς,
1114 1478 1173 1556 καὶ
1195 1475 1259 1554 οὐκ
1281 1472 1365 1574 ἦνὸ
1390 1469 1518 1572 ἐκζητῶ

345 1610 367 1647 “
387 1598 467 1680 οὐδὲ
494 1601 759 1706 ἐπιστρέφων.”
795 1599 844 1684 εἶς
871 1598 943 1705 γὰρ
972 1608 1045 1684 τοῖς
1069 1599 1252 1679 Ἰουδαίων
1276 1601 1495 1697 καθηγηταῖς

346 1721 485 1810 σκοπὸς
502 1723 593 1828 πρὸς
610 1723 725 1826 μάνην
743 1727 831 1827 ὁρᾶν
849 1723 915 1818 τὴν
934 1725 1173 1831 φιλοκερδίαν,
1187 1725 1245 1802 καὶ
1263 1717 1518 1826 χρηματίζεσθι

318 1883 335 1926 e
346 1846 412 1947 μὲν
443 1855 521 1933 ταῖς
557 1847 658 1950 παρά
693 1856 766 1929 τοῖν
800 1847 967 1949 ὑπηκόων
1003 1853 1273 1951 προσαγωγαῖς,
1307 1845 1470 1945 δασμούς
1504 1875 1518 1920 ι

346 1971 552 2074 συλλέγειν,
571 1976 630 2054 καὶ
652 1971 699 2053 τά
724 1970 813 2077 ὑπὲρ
840 1970 950 2073 νόμον
969 1970 1190 2069 διατάσσειν,
1208 1979 1273 2052 τοῦ
1298 1969 1340 2049 δέ
1360 2004 1404 2071 γε
1425 1973 1518 2048 ’λυσι

346 2096 514 2197 τελήσειν
531 2094 745 2194 μέλλοντος,
763 2094 786 2197 ἢ
804 2099 863 2178 καὶ
880 2104 944 2177 τοῦ
963 2093 1149 2197 διασώζειν
1168 2094 1357 2200 ἰσχύοντος
1374 2090 1458 2176 τοὺς
1476 2093 1518 2171 ὑπ

345 2228 449 2326 χεῖρα
470 2220 592 2320 λαοὺς,
608 2220 742 2322 μηδένα
764 2226 947 2302 ποιεῖσθαι
972 2217 1099 2321 λόγον.
1139 2217 1198 2299 διά
1222 2227 1328 2298 τοῦτο
1352 2217 1468 2297 πάλιν
1491 2218 1518 2294 ἐι

347 2346 466 2429 αὐτοῖς
502 2345 594 2424 οὕτω
631 2348 747 2452 φησὶν
775 2346 795 2423 ὁ
828 2341 940 2429 καλὸς
972 2342 1084 2427 ὄντος
1115 2341 1249 2444 ποιμήν
1283 2352 1305 2389 “
1317 2339 1417 2421 Τάδε
1450 2340 1518 2440 λεἠι

757 2465 1035 2498 λ’λνὶλ

348 2477 369 2516 “
389 2469 521 2570 Κύριος
540 2467 658 2571 κύριος
676 2471 772 2549 Ἰδου
797 2503 868 2571 εγω
893 2503 950 2548 επι
975 2502 1057 2552 τους
1080 2465 1262 2564 ποιμένας,
1281 2468 1339 2546 καὶ
1362 2462 1517 2567 ἐκζητήσ

347 2600 370 2638 “
389 2589 434 2670 τά
460 2591 629 2694 πρόβατά
655 2627 725 2691 μου
752 2594 791 2672 ἐκ
820 2599 893 2672 τῶν
920 2597 1047 2696 χειρῶν
1076 2593 1204 2681 αὐτῶν,
1234 2593 1293 2670 καὶ
1321 2587 1518 2692 οῖποοτρέψ

349 2726 371 2763 “
388 2715 515 2799 αὐτοῖς
533 2725 597 2796 τοῦ
615 2713 665 2815 μὴ
683 2717 881 2814 ποιμαίνειν
898 2714 944 2794 τά
967 2711 1136 2817 πρόβατά
1161 2748 1240 2813 μου,
1260 2701 1319 2793 καὶ
1343 2714 1384 2792 οὐ
1407 2721 1518 2808 βοσκι

183 2865 245 2921 651
253 2864 295 2924 A.
320 2849 371 2919 a“
388 2873 521 2920 σουσιν
542 2840 594 2920 ἔτι
619 2845 651 2920 οἱ
674 2839 838 2940 ποιμένες
863 2837 964 2919 αὑτά·
1001 2841 1060 2918 καὶ
1087 2838 1279 2945 ἐξελοῦμαι
1307 2834 1353 2916 τὰ
1379 2837 1518 2940 πρόβαι

350 2975 371 3013 “
389 2998 459 3064 μου
486 2965 525 3044 ἐκ
553 2972 617 3044 τοῖν
645 2960 826 3061 στόματος
855 2962 985 3052 αὐτῶν,
1012 2963 1070 3041 καὶ
1095 2962 1159 3040 οὐκ
1182 2961 1234 3042 ἔτι
1260 2960 1404 3040 ἔσονται
1430 2961 1518 3039 αὐτο

351 3097 371 3135 “
389 3093 437 3171 εἷς
465 3085 720 3191 κατάβρωμα.”
757 3089 817 3166 καὶ
843 3084 957 3167 πάλιν
980 3085 1063 3185 μεθ’
1087 3084 1190 3189 ἕτερα
1212 3095 1234 3132 “
1249 3086 1323 3164 Καὶ
1350 3082 1518 3183 άναστήυ

351 3221 372 3260 “
390 3212 443 3291 ἐπ’
464 3209 591 3296 αὐτοὺς
617 3210 769 3311 ποιμένα
796 3209 859 3290 ἕνα
886 3212 945 3290 καὶ
972 3215 1141 3308 ποιμανεῖ
1165 3207 1303 3306 αὐτοὺς,
1328 3205 1393 3288 τὸν
1417 3213 1518 3288 δοῦλι

350 3344 373 3382 “
390 3367 460 3434 μου
489 3336 634 3430 Δαυείδ,
667 3337 726 3414 καὶ
757 3331 861 3414 ἕσται
894 3334 1012 3412 αὐτῶν
1041 3330 1187 3431 ποιμὴν,
1218 3335 1278 3411 καὶ
1309 3331 1383 3433 ἐγὼ
1417 3331 1518 3434 Κύρυ

351 3468 372 3505 “
391 3456 520 3556 ε”σομαι
539 3460 658 3543 αι’ντοῖς
676 3462 726 3542 εῖς
746 3455 852 3555 θεὸν,
871 3458 930 3536 καὶ
949 3460 1084 3536 Δαυεὶδ
1101 3455 1223 3560 ἅρχων
1240 3457 1278 3536 ἐν
1296 3455 1399 3564 με’σερ
1418 3457 1518 3536 αὐτῶ

352 3591 373 3630 “
392 3579 463 3684 ε’γῖι
483 3580 616 3685 Κύριος
634 3582 814 3682 ε’λάλησα.
844 3584 902 3662 καὶ
920 3577 1138 3680 διαθήσομαι
1157 3585 1208 3688 τῷ
1228 3585 1362 3661 Δαυεὶδ
1380 3579 1518 3680 διαθήκι

391 3877 415 3914 1.
434 3859 480 3913 οιίκ
492 3858 616 3925 ε’βόσκετε
629 3876 653 3914 a.
666 3860 713 3931 (23
726 3859 773 3930 al.)
789 3856 848 3930 [οὐκ
861 3857 998 3924 ε’βόσκετοι
1012 3855 1177 3982 (Μειλέἰυῖ.
1190 3857 1221 3911 οὗ
1231 3859 1344 3923 βόσκετε
1360 3857 1389 3912 in
1401 3856 1439 3911 xii
1451 3855 1518 3927 Pro]

354 3931 405 4000 758
416 3948 439 3996 e,
451 3931 520 3984 inter
532 3947 601 3984 νοτε.
614 3931 686 3984 lectt.
823 3949 849 3996 ⁴·
868 3929 1051 4000 ἐπεστρέψατε
1064 3929 1098 3982 B.
1141 3929 1204 3982 olet.
1217 3929 1284 3982 etin
1297 3927 1334 3982 xii
1346 3927 1398 3981 Pro
1418 3927 1446 3980 h.
1461 3927 1518 3981 620

353 4003 445 4068 (Alex.
456 4001 534 4069 XII.)
547 4000 733 4072 α’πεοτρίψοτε
746 3999 818 4055 Aub.
833 3999 920 4071 (Vat.)
1096 4015 1137 4053 10.
1156 3997 1323 4068 ἐπιστρέφον
1337 3998 1369 4053 Β.
1413 4007 1433 4053 t.
1447 3998 1518 4068 (Ale

352 4071 530 4142 ἀποστρέφων
542 4070 614 4126 Aub.
628 4070 714 4140 (vat.)
849 4087 890 4140 13.
908 4069 950 4124 καὶ
962 4067 1022 4126 τοὺς
1033 4068 1098 4139 ὑπέρ
1111 4071 1190 4138 νόμου
1203 4069 1319 4136 διάταξιν
1332 4067 1365 4122 Β.
1379 4077 1405 4122 et
1420 4069 1457 4122 ita
1470 4070 1518 4122 vol

355 4141 456 4213 Heyse.
469 4143 510 4196 καὶ
527 4143 586 4198 τοὺς
602 4142 666 4210 ὑπὲρ
682 4144 761 4210 νόμου
773 4141 902 4208 διατάξειν
917 4139 965 4194 Bt,
979 4140 1020 4193 καὶ
1036 4141 1069 4194 τὰ
1082 4140 1147 4209 ὑπὲρ
1162 4141 1240 4206 νόμον
1250 4139 1404 4194 διοτθσσειν
1416 4138 1518 4192 Auben

354 4212 434 4280 (sorte
446 4231 460 4267 e
473 4211 556 4304 catq.
604 4209 802 4282 λυσιτελήσειν]
816 4212 1023 4286 λυσιτελεῖσεινεζ
1036 4209 1069 4265 Β.
1082 4209 1155 4282 quod
1169 4209 1355 4278 λυσιτελήσειν
1370 4209 1436 4279 legit
1454 4209 1518 4279 Hey

353 4284 503 4340 λυσιτελεῖς
514 4305 577 4337 εινοι
590 4282 640 4337 Ht.
653 4285 809 4339 λυσιτελοῦς
821 4278 885 4336 εῖναι
897 4280 970 4335 Aub.
1118 4345 1123 4355 Ι
1165 4294 1207 4352 17.
1226 4279 1312 4348 κύριος
1324 4281 1370 4336 alt.
1383 4290 1518 4350 assumptl

354 4369 387 4406 ex
401 4353 434 4408 B.
537 4370 579 4424 19.
597 4353 628 4406 οὗ
640 4355 674 4421 μὴ
685 4351 860 4422 βοσκὴσωσιν
871 4369 895 4408 ο.
910 4350 953 4422 [οὐ
965 4351 999 4421 μὴ
1011 4349 1195 4420 βοσκήσουσιν
1204 4347 1300 4422 'Alex.]
1405 4366 1448 4404 21.
1468 4349 1518 4403 εἰει

355 4425 485 4490 στόματος
497 4422 581 4477 αὐτῶν
593 4423 664 4477 edidi
675 4423 840 4494 approbante
851 4421 950 4493 Heyse.
960 4421 989 4476 εἰι
1001 4427 1052 4477 τῶν
1063 4427 1159 4492 χειρῶν
1168 4421 1302 4477 αὐτῶνκαὶ
1313 4421 1459 4490 εἰετοστόμο
1473 4421 1518 4474 οὔτ

356 4491 389 4546 Β.
401 4492 430 4545 εἰε
441 4498 492 4546 τῶν
503 4498 598 4562 χειρῶν
609 4494 692 4547 αὐτῶν
703 4494 745 4547 καὶ
757 4493 786 4548 εἰι
797 4496 844 4547 τοῦ
856 4495 987 4564 στόματος
998 4493 1082 4547 αὐτῶν
1091 4491 1163 4548 Aub.
1196 4491 1270 4548 Haec
1282 4491 1364 4548 verba
1376 4491 1478 4548 denunt
1492 4493 1518 4546 in

357 4575 399 4628 23.
419 4560 457 4614 ἐπ’
471 4562 562 4618 αὐτοὺς
576 4561 634 4616 Ba.
647 4563 732 4619 αὐτοῖς
747 4562 796 4618 Ht.
810 4563 862 4620 Ed.
970 4578 1013 4632 25.
1033 4564 1116 4620 αὐτῶν
1128 4581 1183 4618 om.
1197 4562 1269 4618 Aub.
