3238 5114
114 336 236 418 xvii.4‚
249 351 279 420 5.
312 337 369 401 IN
399 337 431 401 S.
456 336 710 402 JOANNEM.
756 331 851 400 LIB.
876 337 935 401 XI.
982 335 1084 402 CAP.
1102 336 1163 400 VI.
1254 335 1318 400 677

7 525 12 564 2
116 533 225 580 νεται.
264 497 365 599 πλὴν
387 504 435 584 ὡς
461 500 511 581 ἔτι
535 499 601 601 τήν
623 501 814 604 ἀνθρώπου
841 501 987 607 μορφὴν
1005 502 1256 605 περικείμενος,
1275 497 1317 578 τὸ

115 627 182 722 τῆς
214 623 389 724 αἰτήσεως
424 625 622 706 πλάττεται
654 629 793 729 σχῆμα,
825 629 884 706 καὶ
916 629 964 710 ὡς
996 627 1060 706 οὑκ
1092 624 1184 729 ἔχων
1216 628 1317 702 αἰτεῖ·

116 745 237 829 πάντα
261 747 333 851 γὰρ
359 747 538 856 ἀνθρώπῳ
560 748 659 849 παρὰ
678 754 785 830 Θεοῦ.
826 756 855 830 εἰ
882 748 953 854 γάρ
979 753 1037 830 καὶ
1063 749 1118 830 ὅτι
1143 746 1318 846 μάλιστα,

10 869 13 876 ’
118 868 209 950 καθὸ
234 872 326 955 Θεὸς
354 874 393 951 ἐκ
416 877 513 952 Θεοῦ
540 871 747 974 γεγέννηται
773 872 929 976 Πατρός,
949 873 1056 980 δόξης
1081 877 1145 972 τῆς
1170 879 1317 975 θεοπρε-

8 997 13 1038 ”
81 1003 209 1084 5ποῦς
238 995 301 1074 οὑκ
328 995 457 1097 ἕρημος
485 993 541 1094 ἦν,
560 998 645 1076 ἀλλ’
665 997 808 1098 ἐπείπερ
835 999 873 1076 ἐν
898 1003 1008 1104 καιρῷ
1035 1002 1098 1096 τῆς
1127 998 1208 1076 καθ’
1229 997 1322 1096 ἡμᾶς

119 1119 319 1216 οἰκονομίας
359 1119 576 1199 συνέστειλέ
612 1154 689 1203 πως
728 1118 848 1219 αὑτὴν,
884 1117 926 1201 τὸ
968 1121 1187 1228 ἀδοξότατον
1222 1123 1321 1200 τουτὶ

119 1247 230 1340 σῶμα
262 1242 400 1340 λαβὼν,
429 1247 477 1328 ὡς
510 1246 678 1324 ἀποῦσαν
706 1247 851 1342 άληθῶς
884 1245 1041 1345 εὐλόγως
1074 1244 1233 1348 ἐπιζητεῖ,
1262 1245 1351 1323 nata
1370 1259 1490 1317 959A.

120 1374 226 1446 τοῦτο
245 1367 363 1469 λέγων
382 1369 429 1451 ὡς
448 1367 648 1470 ἅνθρωπος.
687 1375 846 1448 τοιοῦτον
865 1367 906 1446 δέ
927 1402 961 1446 τι
986 1371 1105 1452 συνεὶς
1130 1371 1188 1447 καὶ
1214 1366 1321 1450 αὑτὸς

121 1490 205 1590 ἡμῖν
227 1492 247 1569 ὁ
274 1489 393 1596 σοφὸς
420 1491 627 1571 ἐπιστέλλει
652 1497 800 1575 Παῦλος
826 1494 907 1594 περὶ
933 1493 1040 1572 αὑτοῦ
1069 1501 1090 1538 “
1105 1497 1223 1570 Τοῦτο
1248 1490 1320 1593 γὰρ
1367 1490 1469 1619 ξδιῦγῑῑ·

7 1663 9 1694 τ
64 1649 107 1690 10
122 1623 144 1660 “
163 1616 349 1717 φρονείτω,
368 1618 494 1719 φησὶν,
512 1615 665 1698 ἕκαστος
693 1619 791 1714 ὑμῶν
814 1611 834 1694 ὸ
863 1617 920 1694 καὶ
947 1617 985 1694 ἐν
1003 1603 1156 1720 Χριστῷ
1177 1615 1317 1712 Ἰησοῦ,

122 1748 144 1784 “
163 1735 202 1821 ῦς
230 1742 268 1816 ἐν
295 1745 420 1844 μορφῇ
449 1743 545 1818 Θεοῦ
574 1739 745 1842 ὑπάρχων
772 1739 839 1843 οὑχ
867 1735 1059 1842 ἁρπαγμὸν
1086 1737 1252 1840 ἡγήσατο
1278 1733 1321 1817 τὸ

123 1871 146 1908 “
164 1858 250 1940 εἶναι
277 1862 342 1941 ’ίσα
370 1868 464 1970 Θεῷ,
477 1865 570 1942 ’ἀλλ’
592 1861 717 1942 ἑαυτὸν
742 1860 891 1941 ἐκένωσε
920 1861 1066 1967 μορφήν
1092 1863 1223 1942 δοὺλου
1252 1873 1320 1942 λα-

123 1995 145 2032 “
162 1983 252 2081 βιὸν,
289 1988 327 2065 ἐν
363 1985 558 2085 ὁμοιώματι
597 1985 795 2088 ἀνθρώπων
831 1985 1029 2087 γενόμενος,
1067 1991 1125 2065 καὶ
1161 1987 1323 2090 σχήματι

123 2117 145 2155 “
163 2111 312 2212 εὑρεθεὶς
334 2112 382 2193 ὡς
405 2111 594 2213 ἅνθρωπος
615 2108 850 2188 ἐταπείνωσεν
868 2107 1004 2206 ἑαυτὸν,
1021 2107 1209 2210 γενόμενος
1227 2108 1317 2208 ὑπή·

69 2248 109 2308 15
124 2241 146 2277 “
165 2265 246 2317 κοος
263 2235 369 2337 μέχρι
392 2233 559 2330 θανάτου,
578 2231 733 2314 θανάτου
759 2231 796 2311 δέ
822 2240 992 2336 σταυροῦ·
1025 2231 1079 2312 διὸ
1105 2234 1163 2312 καὶ
1190 2233 1355 2316 ὁΘεὸςδ

123 2366 145 2402 “
165 2357 273 2436 αὑτὸν
294 2359 513 2464 ὑπερὺψωσε
539 2360 597 2436 καὶ
620 2357 815 2460 ἐχαρίσατο
839 2357 935 2462 αὑτῷ
960 2355 1002 2436 τὸ
1030 2355 1142 2454 ὄνομα
1167 2353 1209 2435 τὸ
1235 2354 1325 2458 ὑπέρ

124 2490 146 2526 “
163 2486 237 2559 πᾶν
265 2479 387 2578 ὄνομα,
409 2481 467 2559 ἵνα
495 2485 605 2588 ἐντῷ
633 2478 782 2576 ὀνόματι
803 2481 928 2578 Ἰησοῦ
950 2485 1116 2582 Χριστοῦ
1140 2486 1214 2560 πᾶν
1237 2477 1325 2582 γόνυ

124 2613 145 2649 “
165 2603 295 2709 κάμψῃ
332 2604 550 2707 ἐπουρανίων
585 2607 643 2684 καὶ
682 2604 846 2704 ἐπιγείων
884 2606 942 2682 καὶ
980 2603 1234 2708 καταχθονίων,
1267 2607 1324 2683 καὶ

125 2740 146 2776 “
165 2734 269 2808 πᾶσα
297 2734 459 2829 γλῶσσα
487 2726 800 2835 ἐξομολογήσηται
828 2727 883 2807 ὅτι
910 2726 1042 2830 Κὺριος
1063 2729 1208 2827 Ἰησοῦς
1233 2732 1325 2829 Χρι-

72 2874 112 2913 ²0
126 2864 146 2899 “
165 2851 254 2934 στὸς
286 2857 335 2935 είς
368 2850 480 2958 δόξαν
508 2856 603 2932 Θεοῦ
637 2850 812 2953 Πατρός.”
856 2850 1002 2956 ὑψηλὸν
1034 2851 1105 2955 γὰρ
1138 2851 1225 2931 ὅντα
1262 2849 1325 2932 τὸν

125 2973 225 3073 Υίὸν,
252 2973 342 3055 καθὸ
370 2976 528 3080 πέφηνεν
555 2976 600 3082 ἐξ
628 2977 736 3054 αὑτοῦ
765 2975 858 3058 Θεὸς
892 2975 1059 3072 δηλονότι
1089 2979 1147 3055 καὶ
1177 2975 1322 3077 Κύριος,

125 3097 227 3178 οὐδέν
254 3100 361 3199 ἦττον
389 3103 437 3182 ὡς
470 3099 660 3200 ἄνθρωπον
688 3101 794 3203 ὑψῶν
824 3096 1101 3199 ἀναγεήιραπται,
1132 3093 1161 3205 ᾧ
1191 3097 1233 3176 τὸ
1260 3101 1324 3196 τῆς

125 3225 213 3306 ἰδίας
242 3223 388 3330 φύσεως
417 3223 582 3304 ταπεινὸν
604 3221 645 3302 τὸ
674 3226 813 3302 δεῖσθαι
841 3219 985 3304 πάντως
1013 3223 1197 3326 ὑψοῦσθαι
1225 3255 1324 3324 περι-

124 3355 284 3428 ποιεῖται.
323 3345 417 3455 δόξης
441 3347 503 3426 οὑν
522 3347 591 3447 ἄρα
618 3349 681 3444 τῆς
707 3346 795 3429 ἰδίας
818 3343 884 3445 τὴν
901 3343 1132 3451 ἐπανάληψιν
1151 3350 1208 3425 καὶ
1234 3345 1355 3445 μετὸο

74 3493 112 3553 25
126 3467 261 3572 σαρκὸς
286 3477 437 3551 ἀπαιτεῖ·
471 3473 529 3549 καὶ
558 3471 636 3574 οὑχὶ
659 3467 801 3552 πάντως
828 3474 890 3568 τῆς
915 3471 1040 3548 ἑαυτοῦ
1064 3469 1171 3576 δόξης
1196 3470 1324 3572 ἕρημος

125 3592 185 3688 ὧν,
204 3598 233 3672 εί
263 3597 320 3672 καὶ
348 3594 399 3692 μὴ
425 3593 535 3689 λάβοι
560 3592 669 3698 τυχὸν
687 3592 733 3672 τὰ
756 3591 902 3673 τοιαῦτά
927 3600 1055 3700 φησιν·
1086 3595 1127 3672 οὑ
1155 3593 1226 3697 γὰρ
1254 3595 1324 3700 ἐξω

125 3724 198 3796 τῶν
226 3719 323 3796 ἰδίων
350 3715 564 3824 ἀξιωμάτων
593 3719 612 3796 ό
641 3717 759 3819 Λόγος
788 3715 833 3818 ἦν
860 3717 1005 3798 πιὺποτε
1034 3717 1127 3802 Θεὸς
1156 3717 1325 3823 ὑπάρχων

126 3841 308 3940 ἀληθινός·
341 3844 426 3921 ἀλλ’
446 3845 494 3924 ὡς
522 3847 570 3924 είς
599 3841 709 3948 δόξαν
734 3841 800 3940 τὴν
825 3843 920 3950 αὑτῷ
947 3850 1161 3943 προσοῦσαν
1186 3846 1239 3921 ἀεὶ
1267 3845 1324 3921 καὶ

126 3965 235 4044 αὑτὸν
258 3965 322 4044 τὸν
347 3967 435 4044 ’ίδιον
461 3965 649 4070 ἀναφέρων
675 3963 773 4061 ναὸν,
795 3973 940 4062 μᾶλλον
964 3964 1001 4044 δέ
1028 3964 1117 4063 μετὰ
1144 3969 1208 4064 τῆς
1236 3967 1325 4048 ἰδίας

76 4120 114 4178 30
127 4089 252 4168 ἐαυτὸν
271 4087 491 4190 άνακομίζων
509 4089 655 4189 σαρκὸς,
675 4090 716 4167 δι’
735 4085 780 4187 ἣν
799 4089 820 4186 ή
846 4086 981 4192 μεταξὺ
1003 4087 1325 4190 παρηκολούθησεν

127 4213 264 4319 ἀδοξία.
306 4213 363 4292 ἵνα
391 4211 462 4314 γὰρ
490 4211 540 4310 μὴ
569 4211 688 4308 δοκοίη
713 4213 788 4290 τισὶ
814 4211 880 4309 τήν
905 4213 1034 4310 ἀτριβῆ
1065 4244 1103 4288 τε
1134 4213 1191 4289 καὶ
1218 4211 1324 4317 ξένην

127 4339 184 4416 καὶ
211 4339 252 4416 οὑ
276 4335 390 4417 πάλαι
418 4335 687 4433 κατειθισμένην
710 4335 805 4440 αὑτῷ
830 4332 940 4440 δόξαν
964 4341 1081 4432 αἰτεῖν,
1100 4335 1323 4437 προκόσμιον

485 4579 525 4618 12.
544 4563 648 4634 μορφήν
661 4561 755 4616 δοὺλου
767 4561 818 4616 hoc
832 4561 923 4616 ordine
938 4563 969 4616 E.
