3238 5114
313 281 380 348 ων
618 281 659 348 Β.
682 239 891 346 cmm
921 279 1214 346 κόκκινος.
1333 278 1511 364 nm

314 443 538 548 δικαιοτάτην
565 443 691 548 ὥσπερ
718 445 903 528 ἀντίδοσιν
927 443 971 525 τὸ
999 442 1086 548 ι’πεέρ
1113 446 1232 526 αύτῶν
1256 445 1403 548 ἐρωτᾶν
1432 445 1511 520 ἀπο-

314 570 464 674 φαίνων.

370 693 437 778 Τίς
464 693 528 775 οὖν
555 693 577 793 ἡ
606 692 757 793 α’ίτησις,
781 693 839 772 καὶ
867 689 926 771 διὰ
953 692 1060 772 ποίαν
1088 693 1203 772 αἰτίαν
1230 689 1298 792 τὴν
1326 688 1439 794 παρὰ
1466 697 1519 768 τοῦ

315 815 460 918 Πατρός
478 815 655 916 εὐμένειαν
672 823 747 901 τοῖς
765 819 890 896 ἑαυτοῦ
914 816 1107 919 γνωρίμοις
1131 814 1288 922 ὑπάρξαι
1307 814 1418 918 ζητεῖ
1425 847 1437 910 ;
1471 819 1521 894 ιύιι

313 948 381 1044 εἰμί
401 941 430 1020 ἐν
450 949 496 1049 τῷ
517 941 637 1050 κόσμῳ
656 942 761 1046 φησί,
778 945 837 1020 καί
860 937 942 1020 οὗτοι
966 947 1059 1048 ἓντῷ
1078 941 1198 1050 κόσμῳ
1217 945 1291 1034 ἀτί,
1311 934 1427 1040 uby&
1447 939 1552 1043 πρίιὸ

311 1097 352 1144 τι
390 1063 544 1170 έρχιμιιι.
598 1061 895 1160 συνδιαιτώμενος
927 1061 1000 1165 γὰρ
1033 1066 1091 1144 καὶ
1124 1059 1330 1166 συμπαρὼν
1362 1061 1421 1142 ἔτι
1456 1067 1524 1143 τοῖς

313 1187 427 1289 ἁγίοις
463 1185 686 1270 ἀποστόλοις
717 1183 807 1286 μετὰ
839 1184 975 1288 σαρκὸς
1010 1187 1068 1266 ἐπὶ
1101 1189 1179 1288 γῆς,
1207 1183 1453 1288 παράκλησις
1484 1179 1526 1282 ἦν

145 1328 213 1383 969
226 1327 266 1384 Δ.
286 1308 475 1416 νέμφανής
508 1343 548 1389 τε
579 1312 638 1388 καὶ
672 1307 846 1414 ὁρωμένη,
879 1311 937 1388 καὶ
970 1312 1074 1391 οἱονεὶ
1111 1309 1430 1410 συνδιατρίβουσα
1467 1311 1526 1386 καὶ

313 1433 550 1538 παρακειμένη
577 1439 652 1516 τοῖς
679 1430 944 1512 κινδυνεύουσιν
971 1432 1015 1539 ἐξ
1039 1433 1179 1532 ἑτοίμου
1207 1438 1349 1528 λαβεῖν·
1387 1432 1522 1532 εύθαρ-

312 1559 481 1660 σε’στερω
500 1555 538 1635 δὲ
557 1555 650 1635 κατὰ
668 1563 773 1636 τοῦτο
793 1553 969 1661 ἦρχον.
1007 1564 1110 1662 φιλεῖ
1125 1555 1197 1660 γάρ
1220 1591 1298 1640 πως
1322 1557 1345 1634 ό
1372 1554 1522 1658 ἀνθρύ-
1539 1596 1572 1636 ιο

311 1713 413 1764 πινος
444 1688 536 1776 νοῦς,
568 1680 610 1758 ού
640 1686 714 1762 τοῖς
744 1679 902 1784 ἀφανέσι
932 1685 1088 1778 μᾶλλον,
1120 1678 1220 1762 ἀλλά
1253 1686 1326 1762 τοῖς
1357 1681 1523 1784 ἐμφανε-

313 1805 454 1908 στέροις
482 1805 688 1906 ε’πιθαρσεῖν
716 1805 773 1883 καί
802 1803 1013 1908 ἐφήδεσθαι.
1063 1807 1122 1885 καὶ
1152 1801 1257 1885 τοῦτό
1290 1809 1427 1910 φαμεν,
1458 1805 1526 1882 ούκ

312 1930 449 2027 ἀσθενῆ
487 1927 654 2030 λέγοντες
690 1924 754 2008 τὸν
786 1925 921 2030 Κύριον
955 1933 1004 2012 είς
1037 1925 1080 2008 τό
1118 1926 1304 2030 διασώζειν
1337 1925 1528 2006 δύνασθαί

313 2086 422 2148 τινας,
451 2055 508 2132 καὶ
538 2057 567 2132 εί
596 2049 647 2150 μὴ
678 2051 793 2158 όρῷτο
823 2049 962 2152 παρόν·
1002 2052 1131 2154 ληροίη
1164 2050 1236 2152 γὰρ
1266 2051 1311 2130 ἄν
1338 2085 1394 2134 τις
1427 2054 1524 2131 οὕτω

315 2181 471 2282 φρονῶν,
490 2179 548 2256 καὶ
566 2175 649 2254 λίαν
669 2172 825 2258 εἰκότως·
867 2185 888 2221 “
906 2171 1049 2274 Ἰησοῦς
1067 2173 1139 2278 γὰρ
1159 2171 1320 2278 Χριστός
1336 2173 1445 2278 ε’χθές
1462 2177 1522 2254 καί
1538 2203 1567 2259 15

315 2310 336 2348 “
355 2297 514 2402 σήμερον
538 2299 557 2378 ό
582 2298 699 2396 αὐτὸς,
719 2300 776 2378 καὶ
803 2302 852 2381 είς
877 2295 960 2381 τοὺς
984 2299 1148 2382 αίῶνας·”
1178 2297 1263 2378 ἀλλ’
1281 2296 1358 2404 ᾔδει
1386 2333 1518 2402 μικρο-

312 2421 552 2530 φυχήσοντας
578 2423 619 2503 ού
641 2421 790 2526 μετρίως
815 2417 897 2505 τοὺς
922 2421 1095 2522 μαθητὰς,
1113 2421 1242 2521 μόνους
1268 2422 1394 2524 ὥσπερ
1421 2425 1519 2504 ἀπο-

312 2546 524 2654 λειφθέντας
549 2549 605 2627 ε’πὶ
631 2549 695 2644 τῆς
722 2549 800 2648 γῆς,
820 2543 987 2644 κυμάτων
1005 2547 1106 2646 δίκην
1128 2547 1262 2650 ἀγρίων
1283 2553 1347 2626 τοῦ
1374 2544 1521 2645 κόσμου

278 2666 657 2774 υπεριπαφλάζοντος,
677 2671 736 2750 καὶ
754 2668 950 2777 ἀφορήτοις
978 2669 1122 2770 δείμασι
1147 2676 1205 2750 καὶ
1230 2677 1303 2754 τοῖς
1329 2675 1379 2754 είς
1406 2671 1520 2774 ἀκρον

312 2793 484 2876 κινδύνοις
502 2793 746 2896 ἐκπολιορκεῖν
765 2791 930 2877 εἰωθότος
948 2789 1031 2878 τούς
1054 2791 1118 2876 τόν
1137 2799 1230 2876 θεῖον
1248 2799 1322 2878 τοῖς
1344 2793 1518 2894 ἀμυήτοις
1531 2827 1561 2866 ιο

312 2917 363 2996 ἔτι
382 2919 710 3020 διαπρεσβεύοντοις
729 2914 853 3018 λόγον.

366 3039 513 3140 Ἐπειδὴ
541 3042 659 3122 τοίνυν
687 3038 756 3142 ἑγάι
783 3039 849 3140 μὲν
877 3041 1023 3150 ἔρχομαί
1045 3048 1140 3149 φησι
1168 3043 1250 3150 πρός
1278 3073 1331 3123 σε·
1372 3043 1513 3142 ἀναβή-

310 3199 425 3264 σομαι
449 3162 521 3266 γάρ
545 3163 637 3244 ὅσον
659 3164 797 3244 ούδέπω
820 3163 1148 3266 συγκαθεδούμενός
1174 3199 1213 3246 τε
1238 3169 1296 3246 καὶ
1320 3175 1515 3266 συμβασι-

311 3287 427 3368 λεύων
456 3291 503 3372 ὡς
530 3287 622 3371 Θεὸς
652 3293 735 3395 Θεῷ
764 3293 821 3368 καὶ
851 3292 979 3392 Πατρὶ,
1003 3290 1156 3387 μενοῦσί
1179 3323 1217 3370 τε
1246 3291 1342 3370 οὗτοι
1369 3291 1458 3376 τέως
1486 3294 1517 3372 ἐι

313 3413 443 3520 κόσμῳ·
474 3417 547 3514 περί
575 3411 682 3492 αὐτῶν
701 3411 816 3521 ἑρωτῶ·
851 3411 1026 3515 γεγόνασι
1054 3411 1126 3514 γὰρ
1151 3415 1213 3492 σοὶ
1237 3414 1397 3500 δοθείιτες
1421 3419 1513 3515 έμοί,
1529 3443 1556 3501 ²5

312 3535 371 3612 καὶ
396 3535 444 3618 ὡς
469 3539 549 3612 σῶν
568 3569 605 3612 τε
632 3533 700 3634 ήδη
727 3538 784 3614 καὶ
808 3538 902 3632 ε’μῶν
921 3535 1079 3638 εὐλόγως
1104 3535 1265 3638 κήδομαι,
1287 3546 1347 3619 καί
1373 3533 1514 3648 δεδίξα-

313 3691 404 3761 σμαι
424 3659 453 3737 ἑν
472 3662 596 3751 αὐτοῖς,
615 3665 662 3737 ’ίτι
688 3657 806 3740 πόντοι
830 3657 854 3739 ἃ
879 3654 1113 3772 θιθυκόιμοι
1139 3665 1189 3739 τό
1214 3661 1284 3742 ε’ττι
1311 3671 1371 3743 καί
1395 3663 1444 3744 τιὶ
1466 3663 1516 3745 σίν

313 3779 394 3884 ἐμοί.
434 3782 493 3860 καὶ
521 3779 662 3880 ἀληθής
691 3782 711 3860 ὁ
739 3779 862 3884 λόγος.
908 3784 950 3862 ού
975 3783 1046 3887 γὰρ
1072 3785 1214 3888 ἐπείπερ
1239 3785 1402 3865 δέδονταί
1423 3821 1515 3873 τινες

283 3911 385 3984 οτῶν
403 3906 440 3984 έν
464 3905 590 4013 κόσμιρ
618 3910 669 4013 τῷ
692 3910 855 4013 Χριστῷ,
875 3905 1053 4008 γεγόνασί
1076 3941 1115 3988 τε
1145 3911 1203 3988 καὶ
1232 3906 1290 3988 διά
1316 3919 1422 3990 τοῦτο
1451 3921 1513 3992 τοῦ

314 4026 470 4127 Πατρός,
495 4029 708 4132 ἀπειρήκασι
737 4027 779 4109 τὸ
808 4031 1017 4136 δοξολογεῖν
1043 4029 1106 4110 τὸν
1131 4033 1174 4110 δι’
1199 4031 1241 4114 οὗ
1269 4033 1552 4140 συνήφθησαν30

313 4155 364 4256 τῷ
388 4154 470 4258 Θεῷ
496 4155 554 4230 καί
580 4156 710 4256 Πατρί,
729 4153 996 4258 προσαχθέντες
1023 4152 1059 4234 δέ
1084 4157 1127 4235 δι’
1148 4157 1267 4254 αὑτοῦ,
1286 4161 1512 4256 διαμενοῦσιν

350 4446 375 4503 7.
394 4435 450 4508 ε’πί]
468 4442 495 4499 ÷
511 4439 556 4504 τής
570 4437 602 4492 Ε.
834 4439 875 4494 16.
893 4441 1142 4513 μικροψυχήσοντας
1154 4443 1186 4498 Ε.
1199 4443 1450 4516 μικραήκνχήσαντας
1462 4447 1510 4503 Εδ.

317 4519 357 4574 19.
376 4509 618 4577 περιπαφλιίζοντος
632 4508 664 4562 Ε.
678 4512 940 4608 περιπαμφλάζονεος
954 4511 1005 4568 Ed.
1111 4531 1157 4586 31.
1174 4514 1345 4580 διαμενοῦσαν
1357 4515 1390 4571 Ε.
