3248 5112
268 331 333 393 468
571 329 610 392 Β.
634 327 846 394 CYRILLI
876 327 1165 393 ALEXANDR.
1267 326 1332 392 xiv.
1350 323 1400 404 16,
1415 335 1467 405 17.

325 493 435 572 Ἀλλ’
455 495 528 598 ἐρεῖ
542 527 596 578 τις
613 492 755 578 εῖκότως
773 500 848 578 τοῖς
870 491 1067 597 ἀλλότριον
1085 489 1173 574 εἶναι
1198 487 1380 592 νομίζουσι
1404 485 1468 568 τὸν

167 692 168 696 ,
269 618 359 698 Υίῦν
375 622 440 718 τῆς
457 627 521 700 τοῦ
541 624 638 699 Θεοῦ
656 621 715 698 καὶ
736 618 882 722 Πατρὸς
901 619 1028 703 οὐσίας
1048 621 1121 698 Καὶ
1138 623 1227 716 πῶς,
1245 615 1325 696 εῖπέ
1341 648 1414 714 μοι,
1431 609 1469 693 rb

269 741 326 834 τῆς
365 740 525 838 ἀληθείαις
563 745 715 848 Πνεῦμα,
749 744 915 823 τουτεῖντι
951 741 994 823 rb
1030 750 1095 823 τοῦ
1126 748 1227 840 Υἱοῦ,
1265 741 1412 821 δίδωσιν
1449 739 1470 817 ὁ

272 865 411 970 Πατὴρ,
435 868 503 973 οὐχ
531 870 579 952 ὡς
642 865 711 948 ’νον
735 865 758 970 ἣ
787 867 996 968 ἀλλότριον,
1020 868 1104 946 ἀλλ’
1125 869 1175 950 ὡς
1201 865 1290 946 ἴδιον
1310 869 1470 962 Πνεῦμα,

270 992 385 1069 καίτοι
412 992 493 1071 καθ’
519 993 610 1090 ὑμᾶς
638 991 873 1095 διωρισμένον
901 991 993 1096 ἔχων
1020 995 1085 1091 τῆς
1113 991 1239 1075 οὐσίας
1265 987 1329 1069 τὸν
1356 986 1501 1090 λόγον5

271 1111 362 1217 πρὸς
379 1112 443 1193 τὸν
461 1113 562 1212 Υίδν,
582 1118 641 1195 καὶ
660 1120 752 1206 Υῖοῦ
770 1115 813 1196 rb
832 1113 981 1214 Πνεῦμά
998 1118 1110 1214 ἐστιν,
1128 1116 1170 1195 οὐ
1188 1112 1259 1218 γὰρ
1282 1113 1337 1194 ότι
1359 1111 1471 1218 ἀμφί-

271 1250 396 1339 λογον·
435 1245 512 1322 πῶς
531 1238 569 1320 δέ
588 1240 633 1319 αὖ
651 1237 773 1337 πόλιν,
793 1239 891 1344 ε’ίπερ
909 1242 1009 1321 ἐστὶν
1028 1237 1249 1342 ἐτεροοιίσιος
1269 1239 1288 1317 ὁ
1305 1234 1407 1334 Υἱὸς,
1428 1234 1470 1315 τὸ

236 1370 335 1442 υτοῦ
364 1361 510 1462 Πατρός
539 1369 689 1464 Πνεῦμα
719 1365 878 1462 δίδωσιν,
907 1367 955 1448 ὡς
982 1367 1107 1446 ἐαυτοῦ
1119 1397 1131 1463 3
1165 1358 1367 1466 γέγραπται
1398 1357 1471 1462 γὰρ

103 1489 196 1606 Ἠ·
272 1485 325 1566 ότι
364 1496 385 1534 “
403 1486 608 1593 ἐνεφύσησε
650 1495 724 1572 τοῖς
766 1495 945 1588 μαθηταῖς
985 1488 1104 1593 λε’γων
1137 1487 1278 1582 Λάβετε
1322 1490 1471 1581 Πνεῦμα

272 1622 293 1660 “
306 1608 473 1714 Ἀγιον.”
517 1609 572 1713 ἀρ’
608 1612 671 1692 οὖν
703 1613 769 1691 οὐκ
806 1610 969 1712 οῖήσεταί
996 1647 1060 1710 τις,
1091 1615 1149 1693 καὶ
1181 1609 1284 1711 μάλα
1319 1609 1470 1705 δικαίως,
1486 1645 1525 1687 10

270 1741 416 1833 μᾶλλον
434 1733 472 1815 δέ
500 1738 559 1815 καὶ
582 1733 767 1840 ἀραρότως
791 1737 1015 1834 διακείσεται,
1034 1735 1089 1817 ότι
1113 1742 1186 1816 τῶν
1204 1743 1268 1815 τοῦ
1290 1739 1387 1814 Θεοῦ
1413 1737 1471 1813 καὶ

273 1854 419 1960 Πατρός
450 1865 618 1966 φυσικῶν
649 1861 798 1961 ἀγαθῶν
831 1861 1015 1944 οὐσιωδῶς
1048 1859 1220 1966 ῦπάρχων
1252 1856 1418 1941 κοινωνὸς
1451 1858 1471 1936 ὁ

270 1981 368 2079 Υἱὸς,
387 1981 459 2090 ἕχει
483 1981 525 2063 rb
551 1989 701 2079 Πνεῦμα
725 1983 817 2064 κατὰ
839 1993 967 2065 τοῦτον
992 1983 1057 2064 τὸν
1081 1985 1216 2088 τρόπον
1237 1979 1319 2063 καθ’
1340 1979 1382 2061 όν
1403 2014 1472 2082 περ

271 2104 317 2186 ἂν
344 2115 461 2187 νοοῖτο
489 2107 547 2187 καῖ
576 2109 595 2186 ὁ
625 2106 765 2212 Πατὴρ,
791 2110 854 2188 οὐκ
881 2105 1036 2189 ἐπακτὸν
1064 2107 1145 2188 οὐδέ
1175 2107 1319 2216 ἔξωθεν·
1350 2107 1472 2206 εὔηθες

272 2229 353 2333 γὰρ,
373 2237 518 2330 μᾶλλον
538 2231 575 2311 δέ
593 2230 742 2329 μανικὸν
761 2230 803 2311 rb
823 2233 916 2312 οὕτω
935 2239 1093 2338 φρονεῖν·
1123 2233 1209 2312 ἀλλ’
1228 2229 1353 2332 ῶσπερ
1371 2229 1472 2330 ἡμῶν
1487 2262 1525 2324 15

242 2354 424 2439 οὲκαστος
441 2353 484 2435 rb
503 2355 591 2434 ἴδιον
609 2357 647 2434 ἐν
665 2355 779 2463 ἐαυτῷ
797 2363 939 2455 πνεῦμα
964 2357 1117 2461 συνέχει,
1135 2357 1193 2435 καὶ
1217 2357 1256 2435 ἐκ
1280 2359 1354 2435 τῶν
1371 2356 1470 2434 ἐνδο-

270 2475 390 2557 τοίτων
411 2477 642 2584 σπλάγχνων
664 2485 713 2564 είς
739 2477 781 2559 rb
807 2479 878 2586 ἔξω
905 2479 1058 2585 προχέει.
1099 2479 1158 2559 διὰ
1185 2479 1258 2582 γάρ
1284 2512 1339 2559 τοι
1367 2486 1473 2558 τοῦτο

271 2603 331 2681 καὶ
358 2608 573 2700 σωματικῶς
596 2601 824 2709 ἐνεφύσησεν
842 2605 861 2682 b
880 2601 1055 2706 Χριστός,
1073 2601 1207 2687 δεικνὺς
1232 2603 1287 2683 ὅτι
1311 2601 1472 2704 καθάπερ

271 2727 310 2803 ἐκ
328 2723 514 2824 στόματος
532 2733 595 2806 τοῦ
614 2726 840 2829 ἀνθρωπίνου
858 2725 1000 2830 πρόεισι
1019 2727 1061 2807 rb
1079 2735 1219 2827 πνεῦμα
1241 2733 1469 2826 σωματικῶς,

272 2851 365 2930 οὕτω
394 2853 452 2929 καὶ
480 2853 519 2930 ἐκ
546 2854 610 2948 τῆς
638 2851 734 2936 θείας
761 2851 888 2936 οὐσίας
917 2857 1123 2955 θεοπρεπῶς
1149 2859 1334 2957 προχεῖται
1360 2849 1403 2931 rb
1432 2850 1476 2958 ἐξ
1488 2881 1528 2922 ²0

272 2975 393 3054 αὐτοῦ.
434 2973 491 3054 ὅτε
511 2973 630 3054 τοίνυν
649 2973 736 3056 αὐτὸ
755 2973 797 3055 rb
818 2973 1055 3074 Πνεῦματοῦ
1079 3011 1117 3057 τε
1136 2981 1232 3056 Θεοῦ
1251 2978 1309 3055 καὶ
1328 2974 1473 3077 Πατρός

273 3100 351 3178 ἐστι
371 3099 430 3177 καὶ
452 3106 517 3178 τοῦ
535 3103 637 3196 Υῖοῦ,
656 3106 735 3184 πῶς
760 3101 840 3205 οὐχὶ
865 3099 1009 3185 πάντως
1034 3101 1119 3199 μίαν
1138 3099 1263 3207 ἕξουσι
1286 3097 1352 3199 τὴν
1369 3098 1471 3206 ἐξου-

272 3221 361 3300 σίαν
389 3222 605 3327 διῃρημένως
635 3257 673 3304 τε
706 3220 781 3323 ἅμα
809 3228 867 3304 καὶ
895 3224 1154 3325 συνημμένως,
1197 3219 1326 3326 Πατὴρ
1353 3221 1425 3325 γὰρ
1453 3223 1473 3302 ὁ

275 3343 406 3446 Πατὴρ
426 3349 484 3425 καὶ
502 3347 569 3450 οὐχ
587 3345 686 3444 Υἱὸς,
705 3352 764 3428 καὶ
782 3347 870 3432 Υἱὸς
890 3350 909 3428 ὁ
928 3347 1016 3433 Υἱὸς
1035 3351 1093 3428 καὶ
1112 3351 1190 3453 οὐχὶ
1210 3346 1349 3450 Πατήρ·
1374 3345 1474 3446 πλὴν

241 3468 295 3546 db
326 3467 453 3570 Πατὴρ
481 3471 519 3547 ἐν
537 3475 615 3576 Υίῷ
643 3473 701 3550 καὶ
730 3473 750 3551 ὁ
779 3470 866 3555 Υἱὸς
893 3475 931 3552 ἐν
950 3473 1082 3575 Πατρί·
1116 3473 1242 3552 δίδωσι
1269 3468 1383 3570 γεμὴν
1410 3470 1473 3552 τὸν
1489 3503 1528 3565 ²5

274 3588 518 3690 παράκλητον,
546 3592 624 3691 ἤτοι
660 3592 703 3673 rb
733 3599 882 3693 Πνεῦμα
914 3593 957 3675 rb
982 3593 1124 3698 Ἅγιον,
1156 3598 1219 3676 οὐκ
1253 3596 1324 3702 ῖδίᾳ
1354 3594 1421 3694 μέν
1453 3597 1473 3675 ὃ

277 3711 418 3815 Πατὴρ,
448 3714 520 3820 ἰδίᾳ
548 3713 585 3793 δέ
614 3717 634 3794 ὁ
662 3717 761 3815 Υἱὸς,
789 3726 993 3822 χορηγεῖται
1020 3719 1057 3799 δέ
1086 3726 1232 3816 μᾶλλον
1258 3727 1333 3804 τοῖς
1361 3719 1475 3823 ἁγίοις

274 3834 374 3940 παρὰ
395 3835 539 3942 Πατρὸς
558 3839 600 3916 δι’
621 3843 721 3920 Υίοῦ.
760 3839 819 3919 διὰ
837 3841 909 3944 γάρ
927 3875 982 3921 τοι
1001 3849 1107 3922 τοῦτο
1125 3842 1259 3922 διδόναι
1280 3845 1475 3946 λεγομένου

298 3989 400 4080 ικρῆς
412 4005 466 4043 om.
479 4007 515 4080 p'«
579 4003 606 4114 ξ.
624 3989 689 4082 ἡμας
700 4009 727 4061 p
741 3989 844 4084 Πιςῐιυ.
865 4065 872 4084 ν
892 3993 959 4082 Ιἴχον
990 4035 1014 4078 ,κ
1070 3994 1095 4049 6.
1114 3994 1474 4086 καὶγίοῦ-ἀμφίλαγονμύ

274 4059 962 4204 Zssssrffiw3⁷1¹.“502‘33133⁰3.333“ptssffl{fh
975 4081 1072 4190 ῦῖἶῖῖ.
1115 4066 1474 4192 θ’ῖῖ-ῖίέἷῖίῦάἶῖῖῖῖ

277 4199 369 4270 Epigr.
382 4201 400 4254 i.
524 4216 565 4272 17.
583 4206 678 4273 προχεῐ
691 4202 762 4258 Catt.
890 4206 931 4260 18.
950 4207 992 4260 καὶ
1004 4215 1172 4277 assumptum
1185 4225 1199 4261 e
1212 4207 1300 4262 Vecco
1313 4207 1354 4262 bia
1367 4209 1474 4263 citante.

275 4270 464 4340 ἐμπεφοίπηκεν
475 4270 502 4326 b.
516 4272 699 4344 ἐμπεφύσηκεν
711 4273 792 4330 cord.
806 4274 984 4346 ἐνπεφύσηκεν
996 4295 1019 4332 ς.
1177 4295 1217 4346 19.
1235 4278 1395 4350 ἀνθρωπείου
1408 4279 1473 4348 (bis)

275 4340 391 4395 Veccus.
464 4359 506 4396 ον.
524 4344 679 4414 αθτῆςφνίο)
694 4343 808 4401 Veccur.
855 4346 974 4419 αι’ντότὸ]
989 4347 1270 4404 θνκαὶεδαῦεόῦειί.
1352 4365 1395 4404 22.
1413 4349 1474 4418 μίαν

274 4411 365 4480 ἕξουσι
376 4411 422 4480 τὴν
434 4411 567 4485 ἐξουσίαν]
580 4412 641 4484 μίαν
652 4414 774 4483 ἐξουσίαν
785 4418 832 4486 τὴν
842 4419 934 4472 οὐσίαν
946 4437 969 4473 c.
984 4417 1066 4473 Cord.
1162 4435 1206 4490 23.
1288 4429 1350 4490 post
1361 4423 1376 4473 ὀ
1388 4420 1472 4488 πατὴρ

274 4490 308 4534 tr.
323 4483 356 4538 E.
368 4483 452 4572 invitq
462 4483 558 4572 Veofo.
592 4555 597 4566 1
638 4487 841 4612 27-p.46p,1.
860 4489 903 4544 Ab
916 4491 969 4545 υἱὸς
981 4489 1015 4543 αδ
1027 4491 1082 4546 οἶός
1094 4491 1208 4546 transilit
1218 4441 1370 4561 Πῗρροτιίιο
1383 4500 1472 4546 autem

273 4552 406 4624 usquead
419 4554 444 4608 δι
463 4556 526 4610 Υίου
538 4553 664 4611 exhlbent
677 4574 700 4612 c.
715 4557 769 4613 Cor
790 4599 806 4624 .‚
819 4564 907 4616 totum
923 4560 1033 4615 Vaccus.
1132 4575 1175 4632 ογ.
1193 4560 1275 4631 ἀξίοις
1287 4561 1401 4617 Veocus.

1248 4421 1255 4442 λ

1244 4529 1250 4545 ε
