3274 5118
80 303 163 370 xvi.
183 323 238 394 25.
285 313 342 378 IN
372 316 405 382 S.
430 317 686 386 JOANNEM.
733 321 827 386 LIB.
852 323 914 388 XI.
959 323 1132 390 CARII.
1242 323 1305 388 647

83 471 316 558 πέπλασται
353 479 426 585 γάρ
461 485 555 566 οὕτω
594 491 667 566 τῶν
703 487 742 566 ἐν
777 487 984 590 παροιμίαις
1023 485 1230 591 λεγομένων
1264 483 1308 564 τὸ

86 601 247 703 σχῆμα.
293 601 383 708 ἅπερ
411 607 474 687 οῦν
501 605 611 706 εἶπον,
639 611 767 717 φησὶν,
796 614 844 696 ὡς
873 613 903 693 ἐν
931 615 1131 720 παροιμίαις
1165 610 1216 690 ε”τι
1249 611 1308 689 καὶ

88 721 296 826 αἰνίγμασι
324 727 514 832 λελάληκα
540 731 632 837 πρὸς
662 735 754 834 ὑμᾶς
782 741 895 842 καιρῷ
924 735 1087 839 τηρήσας
1114 739 1166 842 τῷ
1193 733 1308 814 δέοντι

91 850 161 926 καὶ
183 847 276 930 ὅσον
294 854 432 936 ούδέπω
450 857 686 966 παρεσομένφ
704 856 771 960 τὴν
789 861 1043 966 ἀναμφίλογον
1061 855 1337 964 ἀποκάλυψιν.ο

51 971 182 1078 ὅῆξει
213 973 285 1078 γὰρ
312 977 401 1085 ἥξει,
429 983 556 1084 φησὶν,
585 981 662 1089 ἀρα,
691 981 858 1062 τουτέστι
886 981 1017 1088 καιρός,
1044 985 1127 1064 καθ’
1158 980 1199 1062 δν
1227 983 1310 1080 ὑμῖν

95 1099 301 1202 διαῤῥήδην
328 1101 375 1181 τὰ
401 1111 475 1214 περὶ
505 1109 570 1205 τῆς
599 1108 654 1186 τοῦ
682 1105 815 1212 Πατρὶς
845 1105 1072 1214 ἐξηγήσομαι
1103 1103 1222 1214 δόξης,
1251 1107 1310 1185 καὶ

96 1219 172 1322 τὴν
196 1222 285 1327 ῦπέρ
313 1233 397 1306 νοῦν
419 1225 484 1308 τῦν
501 1229 727 1332 ἀνθρώπινον
749 1230 893 1331 ἐνθήσω
921 1230 1082 1312 σύνεσιν.
1123 1234 1181 1311 καὶ
1208 1231 1261 1314 τίς
1288 1230 1309 1309 ὁ

98 1345 237 1428 τούτου
264 1347 396 1452 καιρὸς,
426 1352 467 1430 ού
495 1350 644 1460 σφόδρα
672 1352 738 1452 μὲν
765 1353 835 1460 ἐφη
862 1361 1006 1463 σαφῶς·
1047 1353 1244 1455 οἰησόμεθα
1271 1349 1310 1432 δέ

102 1473 247 1570 δηλοῦν
275 1473 407 1553 ἐκεῖνον
435 1472 555 1568 αὐτὸν,
586 1474 610 1576 ἢ
641 1479 724 1558 καθ’
754 1475 796 1558 δν
823 1475 889 1578 τὴν
917 1478 976 1560 διὰ
1006 1487 1072 1560 τοῦ
1099 1475 1311 1578 Πνεύματος

42 1635 87 1674 10
101 1597 409 1696 πεπλουτήκαμεν
446 1605 586 1701 γνῶσιν
622 1598 713 1700 μετά
749 1599 816 1702 τὴν
851 1605 891 1682 ἐκ
928 1609 1062 1708 νεκρῶν
1093 1601 1309 1698 ἀναβίωσιν,

104 1717 385 1823 χορηγήσαντος
416 1724 501 1824 ήμῖν
528 1723 616 1805 αὐτὸ
644 1733 709 1806 τοῦ
737 1731 915 1829 Χριστοῦ·
950 1724 973 1828 ἦ
1001 1725 1097 1834 τάχα
1123 1727 1188 1807 τὸν
1214 1721 1309 1826 με’λ·

106 1855 227 1924 λοντα
253 1847 312 1924 καὶ
339 1847 512 1947 ἐσόμενον
539 1847 630 1948 μετά
657 1847 724 1949 τήν
744 1859 809 1931 τοῦ
836 1848 978 1951 κόσμον
1005 1849 1208 1950 συστολὴν,
1227 1849 1310 1930 καθ’

108 1965 152 2046 δν
186 1970 495 2056 ἀκατακαλύπτως
525 2007 565 2052 τε
596 1975 655 2054 καὶ
687 1977 846 2078 ἐναργῶς
878 1970 945 2074 τήν
976 1984 1041 2056 τοῦ
1071 1981 1168 2056 Θεοῦ
1199 1971 1341 2081 δόξανα
1362 1987 1479 2046 ΒΒΘΑ·

109 2090 291 2194 ὀψόμεθα,
323 2093 531 2199 φανοτάτην
566 2097 650 2196 ἡμῖν
684 2098 935 2198 ἐμβάλλοντος
970 2097 1037 2199 τὴν
1070 2101 1150 2202 περὶ
1186 2099 1313 2178 ἐαυτοῦ

56 2245 95 2306 15
110 2223 265 2319 γνῶσιν.
302 2217 357 2298 διὸ
384 2222 443 2299 καὶ
470 2221 491 2299 ὁ
518 2226 669 2307 Παῦλος
696 2223 917 2328 προφητείας
942 2220 1010 2323 μέν
1034 2219 1308 2326 καταργηθήσε-
1357 2219 1446 2344 {52⁰2
1456 2300 1480 2353 9·

111 2347 203 2421 σθαι
231 2341 340 2444 λέγει,
357 2343 565 2424 παύσεσθαι
593 2343 630 2425 δέ
657 2353 807 2449 γνῶσιν,
831 2349 898 2452 οῦχ
925 2345 1048 2447 ἐτέραν
1070 2347 1189 2448 λέγων
1213 2341 1313 2448 παρά
1360 2366 1398 2402 ¹²·

112 2465 257 2566 ταύτην,
292 2464 338 2566 ἢν
369 2473 418 2552 είς
453 2467 496 2549 τῦ
532 2469 650 2574 παρὸν
682 2469 891 2571 κεκτήμεθα.
943 2470 1129 2570 βλέπομεν
1158 2467 1232 2574 γὰρ
1267 2468 1311 2550 δι’

113 2589 304 2694 ἐσόιττρου,
341 2595 400 2672 καὶ
433 2593 660 2694 γινώσκομεν
696 2598 734 2676 ἐκ
775 2596 913 2698 μέρονς,
949 2593 1044 2674 καθὰ
1084 2597 1143 2676 καὶ
1184 2593 1314 2699 ἀρτίως

114 2715 299 2817 ε’λέγομευ·
332 2727 355 2764 “
366 2713 488 2798 Ὅταν
506 2718 545 2798 δέ
561 2715 653 2825 ἔλθη
677 2715 720 2800 τῦ
741 2715 889 2818 τέλειον,
908 2715 950 2799 τὸ
972 2721 1011 2798 ἐκ
1033 2719 1161 2823 με’ρονς
1182 2753 1314 2824 καταρ-
1358 2745 1398 2796 1b.
1410 2758 1448 2797 ιο.

65 2867 104 2910 20
117 2851 138 2888 ‘⁶
157 2840 390 2942 γηθήσεται·”
431 2848 507 2928 πῶς
541 2839 563 2943 ἢ
597 2841 676 2924 τίνα
707 2843 843 2947 τρόπον
872 2848 902 2923 εί
934 2842 1060 2938 βούλει
1090 2849 1217 2944 μαθεῖν
1245 2846 1314 2948 ἐρῶ

117 2962 240 3046 πάλιν.

167 3089 316 3193 Ὥσπερ
334 3089 407 3192 γὰρ
429 3091 614 3196 ἀφεγγοῦς
634 3088 700 3188 μέν
718 3091 831 3190 οὔσης
856 3087 982 3176 νυκτὸς
1006 3087 1048 3170 τὸ
1072 3088 1225 3195 φαιδρὸν
1242 3096 1316 3170 τῶν

120 3211 280 3315 ἀστέρων
302 3214 526 3322 διαφαίνεται
553 3214 700 3310 κάλλος,
720 3211 876 3294 ἑκάστου
902 3211 945 3292 τὸ
973 3219 1099 3294 οἰκεῖον
1121 3211 1348 3318 ἀπαστρά·1)

121 3371 269 3423 πτοντος
302 3344 394 3444 φῶς·
434 3336 657 3442 ἀνισχούσης
686 3335 801 3439 γεμὴν
829 3341 893 3436 τῆς
926 3337 1031 3437 ἡλίου
1063 3340 1315 3440 μαρμαρυγῆς,

75 3491 111 3552 ι5
124 3465 349 3566 καταργεῖταί
362 3495 439 3546 πως
458 3465 527 3564 ήδη
546 3459 589 3542 τῦ
607 3465 646 3542 ἐκ
663 3461 791 3565 με’ρους
809 3459 993 3563 λαμπρὸν,
1015 3463 1073 3543 καὶ
1099 3465 1162 3562 τῆς
1187 3461 1319 3541 ἐκείνου

124 3591 235 3687 βολῆς
267 3585 471 3688 ἡττώμενον
502 3589 638 3689 ἀδρανῆ
677 3589 736 3666 καὶ
768 3585 954 3686 ἀπρακτου
985 3585 1058 3692 ἔχει
1091 3584 1158 3685 τὴν
1190 3585 1320 3666 οἰκείαν

126 3711 246 3814 αὑγήν·
278 3710 370 3790 κατὰ
395 3709 461 3790 τὸν
479 3707 588 3791 αῦτδν
607 3705 703 3809 οἶμαι
727 3709 938 3814 τρόπονκαὶ
965 3709 987 3810 ἡ
1013 3717 1077 3790 νῦν
1095 3709 1180 3810 ἡμῖν
1201 3707 1317 3812 ῦποίρ·

126 3869 240 3942 χουσα
283 3841 417 3936 γνῶσις
457 3836 532 3916 κατ’
567 3836 677 3916 ἐκεῖνο
720 3832 945 3915 πεπαύσεται
982 3839 1047 3914 τοῦ
1084 3841 1222 3936 καιροῦ,
1262 3833 1321 3911 καὶ

128 3958 316 4067 καταλήξει
346 3958 389 4040 τῦ
421 3961 460 4040 ἐκ
489 3959 628 4064 με’ρους,
655 3967 719 4038 τοῦ
746 3959 883 4039 τελείου
911 3955 1032 4064 φωτὸς
1060 3955 1320 4039 εἰσελάσαντος
1410 4037 1415 4042 ,

83 4089 181 4182 gotta}
210 4083 469 4188 πληρεστάτην
501 4081 682 4184 ήμῖυ,τήν
715 4085 779 4181 τῆς
816 4081 1037 4183 θεογνωσιάς
1073 4079 1320 4184 ἐπεισχέοντος

130 4209 247 4312 αύγήν.
297 4208 378 4290 τότε
408 4205 499 4308 μετά
531 4209 720 4318 παρ’ῥησίας
753 4204 959 4304 δυναμένοις
996 4202 1065 4305 ἤδη
1102 4208 1241 4309 χωρεῖν,
1274 4201 1349 4292 τάο

155 4437 185 4508 13.
202 4419 419 4491 τηρήσαςαεεοω
439 4427 497 4474 tum
510 4437 542 4473 ex
555 4417 588 4474 E.
712 4435 738 4484 4.
756 4414 795 4471 ἶσ.
808 4414 990 4488 παρωσαμένη
1004 4413 1056 4469 Ed.
1069 4433 1134 4487 mg„
1148 4413 1195 4470 sed
1273 4434 1320 4468 σο-

133 4489 391 4564 ρινφκοςιοοτδίδει
427 4531 433 4546 .
570 4506 611 4556 14.
630 4489 724 4544 ἐαυτοῦ
738 4487 769 4542 E.
782 4485 861 4542 αὐτοῦ
875 4485 927 4540 Ed.
1053 4501 1095 4612 ιέ.
1113 4487 1274 4557 προφητεος
1288 4483 1321 4540 Ε.

133 4563 284 4634 προφητείαν
297 4560 347 4617 Ed.
459 4561 499 4616 16.
517 4559 670 4616 παύσασθαι
684 4559 716 4614 Ε.
826 4571 866 4630 17.
886 4554 928 4628 ήν]
943 4553 1047 4625 ἀκουήν
1085 4597 1092 4610 .
