3238 5114
108 351 231 434 xvii.4,
244 371 275 438 5.
303 353 361 420 IN
392 355 426 420 S.
450 355 706 422 JOANNEM.
753 357 933 423 LIB.XI.
980 357 1163 424 CARVI.
1251 361 1314 424 675

108 517 168 594 καὶ
196 516 288 621 πρὸς
316 517 401 620 ἰννή
428 519 567 620 ἐντολὴ,
592 525 816 625 παραχρῆμα
842 519 933 626 πρὸς
961 522 1111 623 ἑνότητα
1138 521 1314 604 συνάπτει

108 637 175 740 τὴν
194 641 364 749 φυσικὴν,
384 644 594 746 ὁλοκλήρως
620 652 666 748 τῇ
693 645 770 751 θείᾳ
795 680 834 726 τε
860 650 917 726 καὶ
943 644 1086 754 ἀῤῥήτῳ
1114 645 1224 753 φύσει
1247 645 1314 746 τὴν

107 771 173 844 τοῦ
191 763 406 869 πράγματος
426 767 578 862 ἔκβασιν
596 771 784 866 ἀνατιθεὶς,
806 768 864 850 διά
889 778 954 849 τοῦ
978 767 1181 878 πανσόφως
1205 776 1343 850 εἰπεΐνο

108 887 384 989 Δυνάμωσονό
413 888 507 976 Θεῦς
534 899 639 972 τοῦτο
668 890 688 972 ἰν
716 895 922 994 κατηρτίσω
950 894 1045 992 ἡμῖν.
1086 891 1313 998 ἐγχειρίζεται
1358 895 1484 947 Ρ“·Ῑ”ῑῑ·

66 1012 227 1092 5τοίνυν
254 1015 333 1114 ἤτοι
359 1009 497 1120 δέχεται
524 1015 624 1118 παρὰ
655 1025 719 1096 τοῦ
747 1017 836 1095 ἰδίου
867 1015 1014 1119 Πατρός
1042 1023 1077 1096 τί
1107 1019 1190 1096 καθ’
1220 1017 1313 1116 ἡμᾶς

110 1135 201 1243 ἐργον
228 1138 249 1216 ό
277 1135 376 1222 Υἰός.
417 1139 509 1219 κατὰ
536 1140 617 1219 τίνα
645 1139 683 1219 δέ
711 1137 848 1244 τρόπον
877 1138 899 1241 ἢ
927 1147 1005 1225 πῶς
1032 1127 1238 1220 ἐντέλλεται
1266 1138 1312 1246 τῇ

1360 976 1399 1028 τ9.

107 1261 179 1366 ἰδίᾳ
201 1261 347 1361 δυνάμει
367 1260 471 1354 Θεὸς,
491 1265 735 1366 περιαθρῆσαί
757 1298 795 1344 τε
822 1266 879 1343 καί
904 1271 1011 1344 εἰπεῖν
1030 1267 1240 1365 ἀναγκαῖον,
1263 1268 1311 1348 ὡς

106 1380 153 1462 ἀν
170 1385 352 1490 ἐνδέχηται
377 1386 470 1466 κατά
497 1421 540 1489 γε
565 1385 607 1467 τὸ
632 1390 864 1490 ἀνθρωπίνως
889 1391 1138 1491 διερμηνεῦσαι
1158 1385 1204 1466 τά
1223 1386 1312 1490 ῦπέρ

107 1517 203 1588 νοῦν.
252 1511 455 1591 ὑποκείσθω
484 1519 675 1613 τοιγαροῦν
703 1511 794 1615 ἀνήρ
824 1546 878 1596 τις
906 1517 979 1591 τῶν
1007 1513 1089 1591 καθ’
1119 1511 1222 1610 ἡμᾶς,
1252 1514 1310 1590 καί

45 1657 91 1698 10
106 1639 234 1712 τοῦτον
264 1629 352 1714 εἰναι
384 1633 609 1734 πιστεύωμεν
638 1634 764 1740 τέχνης
796 1635 1021 1736 ἐπιστήμονα
1055 1639 1119 1734 τῆς
1148 1645 1306 1739 χαλκευ-

105 1760 218 1856 τικῆς·
249 1753 324 1838 εἶτα
342 1755 433 1861 πρὸς
451 1755 659 1860 ἀνδριάντος
678 1757 889 1856 ἐκτάπωσιν,
909 1759 1023 1859 ἤγουν
1042 1759 1110 1859 ἤδη
1133 1756 1312 1843 παθόντος

105 1883 164 1959 καὶ
192 1879 459 1981 λελωβημένου,
487 1879 686 1986 τετράφθαι
715 1881 807 1986 πρὸς
836 1880 1096 1984 ἐπανόρθωσιν.
1140 1888 1217 1966 πῶς
1247 1882 1344 1962 οῦνδ

104 2003 310 2106 ἐργάσεται,
330 2005 553 2108 κατορθώσει
578 2003 617 2084 δέ
643 2005 740 2089 ὅπως
764 2006 806 2085 τὸ
831 2010 983 2104 δοκοῦν;
1019 2007 1215 2112 ἐπιτρέφας
1243 2010 1307 2104 δη·

104 2125 229 2207 λονότι
251 2135 298 2234 τῇ
318 2127 464 2226 δυνάμει
483 2136 556 2209 τῶν
575 2127 672 2208 ἰδίων
698 2136 826 2234 χειρῶν
844 2133 902 2208 καὶ
925 2130 1042 2237 σοφίᾳ
1065 2136 1110 2234 τῇ
1134 2129 1225 2210 κατά
1243 2128 1310 2231 τὴν

48 2282 90 2342 15
105 2249 242 2355 τέχνην,
267 2250 334 2352 τὴν
363 2253 418 2359 ἐφ’
443 2251 495 2336 οἰς
522 2251 567 2332 ἀν
596 2251 714 2332 ἐλοιτο
742 2257 831 2355 δρῦν
857 2253 1133 2356 ἀποπλήρωσιν.
1171 2254 1257 2334 ἀλλ’
1278 2260 1309 2333 εἰ

105 2377 164 2453 καὶ
189 2383 266 2461 ταῖς
288 2378 456 2460 ἐπινοιάις
481 2373 606 2478 ὥσπερ
625 2374 742 2478 ἕτερόν
764 2410 800 2455 τι
821 2379 905 2480 παρ’
926 2377 1035 2456 αὐτὸν
1054 2380 1308 2485 διαφαίνεσθαι

105 2503 203 2579 δοκεῖ
222 2534 299 2584 πως
317 2501 343 2601 ἦ
364 2535 402 2580 τε
425 2501 542 2606 σοφία
568 2503 627 2578 καὶ
653 2501 675 2599 ἡ
699 2501 846 2600 δυ’ναμις
865 2501 984 2598 αὐτοῦ,
1003 2503 1087 2580 ἀλλ’
1107 2503 1174 2608 οῦχ
1192 2501 1306 2607 ἕτεραι

104 2620 190 2724 παρ’
208 2623 316 2704 αὐτὸν
335 2621 381 2704 ἀν
399 2621 479 2705 εἰεν.
523 2629 560 2704 ἐν
579 2621 652 2727 γάρ
671 2629 723 2732 τῷ
748 2629 811 2725 τῆς
837 2625 962 2708 οὐσίας
987 2623 1088 2733 λόγῳ
1113 2629 1171 2705 καί
1193 2633 1306 2706 ταῦτα

105 2744 325 2846 κεκτήσεται.
378 2751 436 2828 καί
468 2747 609 2846 νοήσεις
639 2749 706 2848 μεἰν
738 2782 773 2827 τι
804 2756 965 2828 τοιοῦτον
995 2752 1051 2828 ἐπί
1083 2753 1188 2847 Θεοῦ,
1218 2749 1336 2857 δέξηο

48 2907 91 2946 οο
106 2867 220 2970 γεμὴν
236 2873 302 2952 ὀὐκ
321 2869 476 2954 εἰσάπαν
494 2875 630 2977 ἐμφερῆ
653 2871 720 2970 τὴν
736 2881 802 2952 τοῦ
827 2873 1115 2974 παραδείγματος
1141 2873 1301 2972 δύναμιν.

105 2993 199 3078 Θεὸς
231 2995 304 3099 γάρ
334 2998 355 3076 ὁ
384 2994 471 3098 ῦπέρ
501 2993 630 3090 πάντα,
660 2999 718 3074 καί
748 2994 836 3096 ι’πκέρ
869 3003 974 3074 τοῦτο
1003 2995 1229 3096 νοηθήσεται.
1284 2999 1304 3076 ὁ

105 3118 211 3202 αὐτὸς
229 3121 262 3199 δ’
283 3117 328 3200 ἀν
345 3121 484 3223 γένοιτο
502 3117 622 3222 λόγος,
642 3119 680 3198 ἐν
699 3117 781 3198 εἴδει
800 3121 858 3198 καί
876 3117 999 3226 τρόπῳ
1018 3122 1170 3224 ληφθεὶς
1188 3153 1302 3222 παρα-

105 3242 290 3344 δείγματος
308 3246 369 3324 ἐπί
383 3276 422 3322 τε
441 3243 546 3342 ἡλίου
563 3246 620 3323 καὶ
638 3239 761 3344 πυρός.
799 3240 1007 3322 ἐντέλλεται
1024 3241 1091 3340 μὲν
1108 3241 1180 3346 γάρ
1199 3245 1303 3321 οἱονεὶ

105 3368 162 3444 καί
189 3369 208 3445 ό
232 3367 333 3467 ἥλιος
357 3373 409 3474 τῷ
433 3367 477 3474 ἐξ
500 3367 608 3445 αῦτοῦ
632 3366 861 3473 προχεομένιρ
886 3369 980 3470 φωτὶ
1005 3373 1303 3469 καταλαμπρῦναι

51 3513 90 3574 ²5
104 3487 151 3568 τά
179 3489 386 3585 σόμπαντα·
427 3491 533 3593 ἐργον
562 3489 600 3570 δέ
632 3488 758 3592 ὥσπερ
791 3496 835 3594 τῇ
865 3495 939 3569 τῶν
968 3491 1119 3571 ἀκτίνων
1148 3491 1303 3596 ἐνεργείᾳ

106 3613 230 3691 δίδωσι
258 3611 325 3713 τήν
352 3618 415 3715 τῆς
444 3610 658 3716 θερμότητος
687 3612 837 3711 δύναμιν
864 3621 937 3698 τοῖς
966 3613 1077 3714 αὐτὴν
1103 3613 1302 3720 δεχομένοις

104 3737 288 3833 ἐμβαλεῖν·
321 3738 449 3835 ὁμοίως
467 3737 504 3818 δέ
524 3741 582 3817 καί
601 3736 643 3816 τὸ
661 3745 734 3840 πῦρ
754 3736 961 3818 ἐντέλλεταί
981 3771 1019 3817 τε
1045 3741 1103 3817 καὶ
1124 3739 1332 3841 ἐπιτρέπειν
1350 3757 1470 3818 om.

105 3860 239 3960 τρόπον
261 3860 341 3941 τινά
363 3867 408 3966 τῇ
434 3861 653 3960 τῆςψοίκείας
678 3861 824 3966 φάσεως
850 3861 994 3961 ἰδιότητι
1023 3861 1068 3941 τά
1097 3864 1186 3965 αὐτῇ
1210 3861 1296 3964 πρέ-

103 4019 220 4065 ποντα
247 3993 422 4088 πληροῦν·
461 3987 545 4064 ἀλλ’
566 3987 608 4064 οὐ
634 3983 735 4088 παρὰ
762 3983 867 4065 τοῦτό
896 3993 1014 4090 φαμεν
1041 3988 1078 4064 ἐν
1105 3984 1301 4086 ὑπουργίας

52 4147 90 4204 30
104 4108 203 4216 τάξει
222 4111 285 4207 τῆς
304 4113 569 4212 δουλοπρεποῦς
585 4106 651 4207 τὴν
669 4111 795 4188 ἀκτῖνα
812 4106 877 4206 μέν
895 4112 953 4186 καί
972 4107 1014 4188 τὸ
1032 4112 1111 4214 φῶς
1129 4109 1180 4214 τῷ
1197 4107 1299 4215 ἡλίῳ,

142 4387 167 4428 1.
185 4373 308 4428 συνάπτει
321 4373 353 4427 Ε.
368 4371 470 4442 Migne.
483 4373 614 4426 συνάπτον
626 4371 688 4440 (sic)
702 4371 774 4426 Aub.
927 4389 952 4436 4.
973 4371 1117 4440 κατηρτίσω
1131 4369 1221 4424 E.F.n.
1234 4375 1253 4399 “
1262 4370 1296 4424 al.

104 4443 267 4512 κατηρτίσω”
282 4442 332 4497 Ed.
347 4461 402 4514 mg.
416 4445 576 4513 κατειργάσω
590 4443 640 4496 Ed.
692 4443 785 4496 Statim
799 4440 825 4494 ἐν
838 4439 948 4494 addita.
1133 4455 1157 4509 7.
1176 4440 1260 4495 όθεδς
1273 4458 1297 4494 a.

107 4530 148 4568 12.
166 4513 310 4584 τετράφθαι
325 4513 356 4568 Ε.
370 4515 507 4584 τετράφθω
522 4513 572 4568 Ed.
748 4529 788 4578 14.
806 4515 837 4580 τῇ
850 4511 901 4580 ἰδίᾳ
914 4511 1017 4579 δυνάμει
1030 4517 1080 4566 τῶν
1093 4511 1163 4565 ἰδίων
1175 4528 1198 4564 υ.
1252 4511 1299 4579 τήν

104 4595 272 4656 assumptum
285 4601 317 4638 ex
332 4583 387 4640 Εα.
602 4599 645 4649 τ4.
664 4582 845 4654 προερχομένην
859 4581 969 4650 (οττοτε)
983 4601 1006 4636 a.
1269 4601 1272 4610 ⁴

654 4683 747 4747 4122
