<?xml version="1.0" encoding="UTF-8"?>
<!DOCTYPE html PUBLIC "-//W3C//DTD XHTML 1.0 Transitional//EN"
    "http://www.w3.org/TR/xhtml1/DTD/xhtml1-transitional.dtd">
<html xmlns="http://www.w3.org/1999/xhtml" xml:lang="en" lang="en">
 <head>
  <title>
</title>
<meta http-equiv="Content-Type" content="text/html;charset=utf-8" />
  <meta name='ocr-system' content='tesseract 3.04.00' />
  <meta name='ocr-capabilities' content='ocr_page ocr_carea ocr_par ocr_line ocrx_word'/>
</head>
<body>
  <div class='ocr_page' id='page_1' title='image "./sanctipatrisnos02pusegoog_0772.png"; bbox 0 0 3238 5114; ppageno 0'>
   <div class='ocr_carea' id='block_1_1' title="bbox 162 331 1601 4452">
    <p class='ocr_par' dir='ltr' id='par_1_1' title="bbox 162 331 1601 3335">
     <span class='ocr_line' id='line_1_1' title="bbox 331 331 1546 412; baseline -0.004 -15"><span class='ocrx_word' id='word_1_1' title='bbox 331 331 397 398; x_wconf 81' lang='lat'>⁷84</span> <span class='ocrx_word' id='word_1_2' title='bbox 634 333 675 402; x_wconf 85' lang='grc' dir='ltr'>Β.</span> <span class='ocrx_word' id='word_1_3' title='bbox 698 333 908 402; x_wconf 75' lang='lat' dir='ltr'><strong>CYRILLI</strong></span> <span class='ocrx_word' id='word_1_4' title='bbox 937 333 1245 403; x_wconf 76' lang='lat' dir='ltr'><strong>ALEXANDR.·</strong></span> <span class='ocrx_word' id='word_1_5' title='bbox 1317 335 1400 401; x_wconf 84' lang='lat' dir='ltr'><strong>xvii.</strong></span> <span class='ocrx_word' id='word_1_6' title='bbox 1417 351 1477 412; x_wconf 80' lang='lat'>20,</span> <span class='ocrx_word' id='word_1_7' title='bbox 1495 349 1546 397; x_wconf 79' lang='lat'>21.</span> 
     </span>
     <span class='ocr_line' id='line_1_2' title="bbox 329 494 1550 610; baseline -0.002 -32"><span class='ocrx_word' id='word_1_8' title='bbox 329 495 440 578; x_wconf 82' lang='grc' dir='ltr'>είποίν</span> <span class='ocrx_word' id='word_1_9' title='bbox 457 494 580 586; x_wconf 78' lang='grc' dir='ltr'>Καδάις</span> <span class='ocrx_word' id='word_1_10' title='bbox 602 497 645 580; x_wconf 81' lang='grc' dir='ltr'>οῦ</span> <span class='ocrx_word' id='word_1_11' title='bbox 667 499 780 610; x_wconf 82' lang='grc' dir='ltr'>Πτίτερ</span> <span class='ocrx_word' id='word_1_12' title='bbox 804 502 835 583; x_wconf 89' lang='grc' dir='ltr'>εἰ</span> <span class='ocrx_word' id='word_1_13' title='bbox 853 501 925 609; x_wconf 72' lang='grc' dir='ltr'>ἐμοὶ</span> <span class='ocrx_word' id='word_1_14' title='bbox 954 499 1057 606; x_wconf 78' lang='grc' dir='ltr'>ιιιὶγά</span> <span class='ocrx_word' id='word_1_15' title='bbox 1082 501 1112 584; x_wconf 86' lang='grc' dir='ltr'>εἰ</span> <span class='ocrx_word' id='word_1_16' title='bbox 1134 510 1185 583; x_wconf 73' lang='grc' dir='ltr'>σοὶ</span> <span class='ocrx_word' id='word_1_17' title='bbox 1209 501 1267 582; x_wconf 86' lang='grc' dir='ltr'>’ίνιι</span> <span class='ocrx_word' id='word_1_18' title='bbox 1297 511 1360 582; x_wconf 73' lang='grc' dir='ltr'>καὶ</span> <span class='ocrx_word' id='word_1_19' title='bbox 1388 503 1493 580; x_wconf 71' lang='grc' dir='ltr'>αὐτοὶ</span> <span class='ocrx_word' id='word_1_20' title='bbox 1520 497 1550 576; x_wconf 84' lang='grc' dir='ltr'>ἐι</span> 
     </span>
     <span class='ocr_line' id='line_1_3' title="bbox 329 615 1552 729; baseline 0.002 -29"><span class='ocrx_word' id='word_1_21' title='bbox 329 623 404 727; x_wconf 74' lang='grc' dir='ltr'>ἡμῖν</span> <span class='ocrx_word' id='word_1_22' title='bbox 430 615 460 704; x_wconf 83' lang='grc' dir='ltr'>ῖι</span> <span class='ocrx_word' id='word_1_23' title='bbox 482 622 557 702; x_wconf 74' lang='grc' dir='ltr'>ὦσι·</span> <span class='ocrx_word' id='word_1_24' title='bbox 596 625 851 729; x_wconf 85' lang='grc' dir='ltr'>περιαθρητέον</span> <span class='ocrx_word' id='word_1_25' title='bbox 877 625 917 706; x_wconf 81' lang='grc' dir='ltr'>εὖ</span> <span class='ocrx_word' id='word_1_26' title='bbox 942 625 1057 726; x_wconf 89' lang='grc' dir='ltr'>μάλα,</span> <span class='ocrx_word' id='word_1_27' title='bbox 1078 625 1160 706; x_wconf 89' lang='grc' dir='ltr'>τίνα</span> <span class='ocrx_word' id='word_1_28' title='bbox 1186 623 1231 727; x_wconf 84' lang='grc' dir='ltr'>δὴ</span> <span class='ocrx_word' id='word_1_29' title='bbox 1258 623 1330 728; x_wconf 86' lang='grc' dir='ltr'>ἀρα</span> <span class='ocrx_word' id='word_1_30' title='bbox 1358 617 1552 728; x_wconf 85' lang='grc' dir='ltr'>προσήκει</span> 
     </span>
     <span class='ocr_line' id='line_1_4' title="bbox 328 742 1552 852; baseline 0.002 -26"><span class='ocrx_word' id='word_1_31' title='bbox 328 742 480 828; x_wconf 76' lang='grc' dir='ltr'>καὶτὸν</span> <span class='ocrx_word' id='word_1_32' title='bbox 508 747 565 828; x_wconf 85' lang='grc' dir='ltr'>ε’πὶ</span> <span class='ocrx_word' id='word_1_33' title='bbox 594 745 732 833; x_wconf 79' lang='grc' dir='ltr'>τοῦτοις</span> <span class='ocrx_word' id='word_1_34' title='bbox 759 749 851 849; x_wconf 80' lang='grc' dir='ltr'>ἡμᾶς</span> <span class='ocrx_word' id='word_1_35' title='bbox 877 748 1106 850; x_wconf 87' lang='grc' dir='ltr'>ποιήσασθαι</span> <span class='ocrx_word' id='word_1_36' title='bbox 1135 746 1259 852; x_wconf 83' lang='grc' dir='ltr'>λόγον.</span> <span class='ocrx_word' id='word_1_37' title='bbox 1302 750 1341 829; x_wconf 86' lang='grc' dir='ltr'>έν</span> <span class='ocrx_word' id='word_1_38' title='bbox 1368 745 1444 848; x_wconf 76' lang='grc' dir='ltr'>μέν</span> <span class='ocrx_word' id='word_1_39' title='bbox 1475 745 1552 850; x_wconf 77' lang='grc' dir='ltr'>γὰρ</span> 
     </span>
     <span class='ocr_line' id='line_1_5' title="bbox 328 868 1554 980; baseline -0.001 -31"><span class='ocrx_word' id='word_1_40' title='bbox 328 875 402 954; x_wconf 92' lang='grc' dir='ltr'>τοῖς</span> <span class='ocrx_word' id='word_1_41' title='bbox 420 870 488 972; x_wconf 78' lang='grc' dir='ltr'>ἤδη</span> <span class='ocrx_word' id='word_1_42' title='bbox 506 869 754 980; x_wconf 79' lang='grc' dir='ltr'>παρῳχηκόσι,</span> <span class='ocrx_word' id='word_1_43' title='bbox 772 871 837 954; x_wconf 83' lang='grc' dir='ltr'>τὸν</span> <span class='ocrx_word' id='word_1_44' title='bbox 854 876 919 973; x_wconf 78' lang='grc' dir='ltr'>τῆς</span> <span class='ocrx_word' id='word_1_45' title='bbox 937 873 1032 958; x_wconf 80' lang='grc' dir='ltr'>θείας</span> <span class='ocrx_word' id='word_1_46' title='bbox 1049 872 1214 974; x_wconf 83' lang='grc' dir='ltr'>ἑνότητος</span> <span class='ocrx_word' id='word_1_47' title='bbox 1231 870 1369 976; x_wconf 84' lang='grc' dir='ltr'>τρόπον</span> <span class='ocrx_word' id='word_1_48' title='bbox 1388 873 1458 951; x_wconf 75' lang='grc' dir='ltr'>καὶ</span> <span class='ocrx_word' id='word_1_49' title='bbox 1483 868 1554 970; x_wconf 85' lang='grc' dir='ltr'>τὴν</span> 
     </span>
     <span class='ocr_line' id='line_1_6' title="bbox 329 991 1581 1100; baseline -0.002 -26"><span class='ocrx_word' id='word_1_50' title='bbox 329 992 487 1095; x_wconf 83' lang='grc' dir='ltr'>οῦσιιόδη</span> <span class='ocrx_word' id='word_1_51' title='bbox 523 997 587 1094; x_wconf 81' lang='grc' dir='ltr'>τῆς</span> <span class='ocrx_word' id='word_1_52' title='bbox 620 995 726 1097; x_wconf 81' lang='grc' dir='ltr'>ἁγίας</span> <span class='ocrx_word' id='word_1_53' title='bbox 759 993 916 1100; x_wconf 87' lang='grc' dir='ltr'>Τριάδος</span> <span class='ocrx_word' id='word_1_54' title='bbox 952 995 1153 1098; x_wconf 78' lang='grc' dir='ltr'>ταυτόττρτα</span> <span class='ocrx_word' id='word_1_55' title='bbox 1190 997 1250 1077; x_wconf 83' lang='grc' dir='ltr'>καὶ</span> <span class='ocrx_word' id='word_1_56' title='bbox 1280 993 1348 1096; x_wconf 80' lang='grc' dir='ltr'>τὴν</span> <span class='ocrx_word' id='word_1_57' title='bbox 1379 991 1581 1082; x_wconf 74' lang='grc' dir='ltr'>είσάποαις</span> 
     </span>
     <span class='ocr_line' id='line_1_7' title="bbox 329 1115 1554 1221; baseline -0.002 -25"><span class='ocrx_word' id='word_1_58' title='bbox 329 1115 540 1218; x_wconf 84' lang='grc' dir='ltr'>ἀναπλοκὴν</span> <span class='ocrx_word' id='word_1_59' title='bbox 567 1121 827 1220; x_wconf 84' lang='grc' dir='ltr'>ἀπομιμεῖσθαι</span> <span class='ocrx_word' id='word_1_60' title='bbox 855 1121 928 1200; x_wconf 92' lang='grc' dir='ltr'>δεῖν</span> <span class='ocrx_word' id='word_1_61' title='bbox 956 1121 1021 1201; x_wconf 89' lang='grc' dir='ltr'>οῦκ</span> <span class='ocrx_word' id='word_1_62' title='bbox 1048 1117 1229 1204; x_wconf 76' lang='grc' dir='ltr'>ἀσυνέτως</span> <span class='ocrx_word' id='word_1_63' title='bbox 1257 1119 1447 1221; x_wconf 81' lang='grc' dir='ltr'>ἐλέγομεν,</span> <span class='ocrx_word' id='word_1_64' title='bbox 1482 1117 1554 1216; x_wconf 77' lang='grc' dir='ltr'>τὴν</span> 
     </span>
     <span class='ocr_line' id='line_1_8' title="bbox 329 1239 1550 1352; baseline -0.001 -31"><span class='ocrx_word' id='word_1_65' title='bbox 329 1239 411 1321; x_wconf 87' lang='grc' dir='ltr'>καθ’</span> <span class='ocrx_word' id='word_1_66' title='bbox 435 1241 604 1343; x_wconf 78' lang='grc' dir='ltr'>ὁμόνοιάν</span> <span class='ocrx_word' id='word_1_67' title='bbox 631 1247 755 1324; x_wconf 79' lang='grc' dir='ltr'>τεκαὶ</span> <span class='ocrx_word' id='word_1_68' title='bbox 783 1245 992 1352; x_wconf 75' lang='grc' dir='ltr'>ὁμοψυχίαν</span> <span class='ocrx_word' id='word_1_69' title='bbox 1018 1251 1091 1326; x_wconf 84' lang='grc' dir='ltr'>τῶν</span> <span class='ocrx_word' id='word_1_70' title='bbox 1115 1239 1361 1325; x_wconf 85' lang='grc' dir='ltr'>πιστευόντων</span> <span class='ocrx_word' id='word_1_71' title='bbox 1387 1241 1550 1322; x_wconf 84' lang='grc' dir='ltr'>ἕνωσιν·</span> 
     </span>
     <span class='ocr_line' id='line_1_9' title="bbox 329 1363 1554 1476; baseline -0.001 -30"><span class='ocrx_word' id='word_1_72' title='bbox 329 1369 368 1447; x_wconf 86' lang='grc' dir='ltr'>ἐν</span> <span class='ocrx_word' id='word_1_73' title='bbox 386 1365 424 1446; x_wconf 79' lang='grc' dir='ltr'>δὲ</span> <span class='ocrx_word' id='word_1_74' title='bbox 451 1367 590 1452; x_wconf 81' lang='grc' dir='ltr'>τούτοις</span> <span class='ocrx_word' id='word_1_75' title='bbox 617 1369 687 1470; x_wconf 83' lang='grc' dir='ltr'>ἤδη</span> <span class='ocrx_word' id='word_1_76' title='bbox 714 1402 793 1454; x_wconf 88' lang='grc' dir='ltr'>πως</span> <span class='ocrx_word' id='word_1_77' title='bbox 822 1371 880 1449; x_wconf 84' lang='grc' dir='ltr'>καὶ</span> <span class='ocrx_word' id='word_1_78' title='bbox 908 1367 1068 1476; x_wconf 81' lang='grc' dir='ltr'>φυσικὴν</span> <span class='ocrx_word' id='word_1_79' title='bbox 1089 1365 1156 1469; x_wconf 75' lang='grc' dir='ltr'>τὴν</span> <span class='ocrx_word' id='word_1_80' title='bbox 1181 1363 1332 1467; x_wconf 83' lang='grc' dir='ltr'>ἑνότητα</span> <span class='ocrx_word' id='word_1_81' title='bbox 1359 1365 1554 1447; x_wconf 78' lang='grc' dir='ltr'>δεικνύναι</span> 
     </span>
     <span class='ocr_line' id='line_1_10' title="bbox 330 1489 1554 1597; baseline 0 -25"><span class='ocrx_word' id='word_1_82' title='bbox 330 1491 589 1597; x_wconf 79' lang='grc' dir='ltr'>σπουδάζομεν,</span> <span class='ocrx_word' id='word_1_83' title='bbox 609 1494 691 1574; x_wconf 84' lang='grc' dir='ltr'>καθ’</span> <span class='ocrx_word' id='word_1_84' title='bbox 711 1491 757 1594; x_wconf 82' lang='grc' dir='ltr'>ἣν</span> <span class='ocrx_word' id='word_1_85' title='bbox 775 1492 873 1593; x_wconf 85' lang='grc' dir='ltr'>ἡμεῖς</span> <span class='ocrx_word' id='word_1_86' title='bbox 897 1526 937 1572; x_wconf 88' lang='grc' dir='ltr'>τε</span> <span class='ocrx_word' id='word_1_87' title='bbox 963 1493 1142 1594; x_wconf 85' lang='grc' dir='ltr'>ἀλλήλοις</span> <span class='ocrx_word' id='word_1_88' title='bbox 1167 1493 1226 1572; x_wconf 80' lang='grc' dir='ltr'>καὶ</span> <span class='ocrx_word' id='word_1_89' title='bbox 1249 1495 1282 1571; x_wconf 84' lang='grc' dir='ltr'>οῖ</span> <span class='ocrx_word' id='word_1_90' title='bbox 1299 1489 1436 1575; x_wconf 82' lang='grc' dir='ltr'>πάντες</span> <span class='ocrx_word' id='word_1_91' title='bbox 1457 1495 1554 1596; x_wconf 74' lang='grc' dir='ltr'>Θεῷ</span> 
     </span>
     <span class='ocr_line' id='line_1_11' title="bbox 331 1613 1601 1718; baseline -0.008 -22"><span class='ocrx_word' id='word_1_92' title='bbox 331 1614 568 1716; x_wconf 82' lang='grc' dir='ltr'>συνδούμεθα,</span> <span class='ocrx_word' id='word_1_93' title='bbox 590 1615 671 1698; x_wconf 75' lang='grc' dir='ltr'>οῦδὲ</span> <span class='ocrx_word' id='word_1_94' title='bbox 699 1621 763 1718; x_wconf 83' lang='grc' dir='ltr'>τῆς</span> <span class='ocrx_word' id='word_1_95' title='bbox 790 1615 955 1717; x_wconf 79' lang='grc' dir='ltr'>ε’νότητος</span> <span class='ocrx_word' id='word_1_96' title='bbox 983 1620 1047 1716; x_wconf 76' lang='grc' dir='ltr'>τῆς</span> <span class='ocrx_word' id='word_1_97' title='bbox 1073 1613 1302 1715; x_wconf 78' lang='grc' dir='ltr'>κατὰσῶμα</span> <span class='ocrx_word' id='word_1_98' title='bbox 1329 1614 1552 1714; x_wconf 86' lang='grc' dir='ltr'>λειπόμενοι</span> <span class='ocrx_word' id='word_1_99' title='bbox 1568 1647 1601 1687; x_wconf 83' lang='lat'>10</span> 
     </span>
     <span class='ocr_line' id='line_1_12' title="bbox 162 1738 1553 1848; baseline -0.001 -26"><span class='ocrx_word' id='word_1_100' title='bbox 162 1750 281 1810; x_wconf 75' lang='grc' dir='ltr'><strong>θθθΑ·</strong></span> <span class='ocrx_word' id='word_1_101' title='bbox 302 1738 437 1845; x_wconf 69' lang='grc' dir='ltr'>υτρίχα,</span> <span class='ocrx_word' id='word_1_102' title='bbox 460 1743 555 1848; x_wconf 74' lang='grc' dir='ltr'>φημὶ</span> <span class='ocrx_word' id='word_1_103' title='bbox 582 1739 621 1822; x_wconf 81' lang='grc' dir='ltr'>δὲ</span> <span class='ocrx_word' id='word_1_104' title='bbox 648 1745 713 1842; x_wconf 83' lang='grc' dir='ltr'>τῆς</span> <span class='ocrx_word' id='word_1_105' title='bbox 740 1745 789 1826; x_wconf 83' lang='grc' dir='ltr'>είς</span> <span class='ocrx_word' id='word_1_106' title='bbox 816 1740 1015 1842; x_wconf 80' lang='grc' dir='ltr'>ἀλλήλους,</span> <span class='ocrx_word' id='word_1_107' title='bbox 1037 1746 1067 1820; x_wconf 83' lang='grc' dir='ltr'>εί</span> <span class='ocrx_word' id='word_1_108' title='bbox 1095 1743 1153 1820; x_wconf 81' lang='grc' dir='ltr'>καὶ</span> <span class='ocrx_word' id='word_1_109' title='bbox 1182 1745 1228 1845; x_wconf 78' lang='grc' dir='ltr'>τῇ</span> <span class='ocrx_word' id='word_1_110' title='bbox 1254 1746 1328 1820; x_wconf 85' lang='grc' dir='ltr'>τῶν</span> <span class='ocrx_word' id='word_1_111' title='bbox 1351 1740 1553 1840; x_wconf 80' lang='grc' dir='ltr'>σωμάτων</span> 
     </span>
     <span class='ocr_line' id='line_1_13' title="bbox 331 1862 1552 1972; baseline -0.001 -28"><span class='ocrx_word' id='word_1_112' title='bbox 331 1867 490 1972; x_wconf 77' lang='grc' dir='ltr'>διαφορᾷ</span> <span class='ocrx_word' id='word_1_113' title='bbox 517 1864 765 1967; x_wconf 80' lang='grc' dir='ltr'>διεστήκαμεν,</span> <span class='ocrx_word' id='word_1_114' title='bbox 794 1864 950 1946; x_wconf 79' lang='grc' dir='ltr'>ἑκάστου</span> <span class='ocrx_word' id='word_1_115' title='bbox 981 1871 1055 1946; x_wconf 83' lang='grc' dir='ltr'>τῶν</span> <span class='ocrx_word' id='word_1_116' title='bbox 1081 1862 1164 1946; x_wconf 85' lang='grc' dir='ltr'>καθ’</span> <span class='ocrx_word' id='word_1_117' title='bbox 1193 1865 1286 1965; x_wconf 81' lang='grc' dir='ltr'>ἡμᾶς</span> <span class='ocrx_word' id='word_1_118' title='bbox 1316 1863 1410 1970; x_wconf 79' lang='grc' dir='ltr'>πρὸς</span> <span class='ocrx_word' id='word_1_119' title='bbox 1444 1866 1552 1944; x_wconf 84' lang='grc' dir='ltr'>ίδίαν</span> 
     </span>
     <span class='ocr_line' id='line_1_14' title="bbox 330 1985 1552 2096; baseline -0.003 -26"><span class='ocrx_word' id='word_1_120' title='bbox 330 1985 456 2094; x_wconf 80' lang='grc' dir='ltr'>ὥσπερ</span> <span class='ocrx_word' id='word_1_121' title='bbox 474 1991 744 2096; x_wconf 89' lang='grc' dir='ltr'>ἀναχωροῦντος</span> <span class='ocrx_word' id='word_1_122' title='bbox 762 1988 991 2096; x_wconf 81' lang='grc' dir='ltr'>περιγραφὴν</span> <span class='ocrx_word' id='word_1_123' title='bbox 1008 1991 1067 2070; x_wconf 85' lang='grc' dir='ltr'>καὶ</span> <span class='ocrx_word' id='word_1_124' title='bbox 1087 1986 1303 2071; x_wconf 68' lang='grc' dir='ltr'>ἀπόστασιν.</span> <span class='ocrx_word' id='word_1_125' title='bbox 1338 1989 1381 2068; x_wconf 89' lang='grc' dir='ltr'>οῦ</span> <span class='ocrx_word' id='word_1_126' title='bbox 1398 1987 1478 2091; x_wconf 81' lang='grc' dir='ltr'>γὰρ</span> <span class='ocrx_word' id='word_1_127' title='bbox 1500 1985 1552 2066; x_wconf 82' lang='grc' dir='ltr'>ἀν</span> 
     </span>
     <span class='ocr_line' id='line_1_15' title="bbox 329 2110 1549 2219; baseline -0.001 -27"><span class='ocrx_word' id='word_1_128' title='bbox 329 2113 382 2213; x_wconf 79' lang='grc' dir='ltr'>εἴη</span> <span class='ocrx_word' id='word_1_129' title='bbox 409 2147 448 2195; x_wconf 91' lang='grc' dir='ltr'>τε</span> <span class='ocrx_word' id='word_1_130' title='bbox 475 2117 535 2194; x_wconf 77' lang='grc' dir='ltr'>καὶ</span> <span class='ocrx_word' id='word_1_131' title='bbox 559 2114 703 2216; x_wconf 79' lang='grc' dir='ltr'>λέγοιτο</span> <span class='ocrx_word' id='word_1_132' title='bbox 727 2111 838 2219; x_wconf 83' lang='grc' dir='ltr'>τυχὸν</span> <span class='ocrx_word' id='word_1_133' title='bbox 858 2118 1010 2198; x_wconf 84' lang='grc' dir='ltr'>Παῦλος</span> <span class='ocrx_word' id='word_1_134' title='bbox 1035 2110 1101 2213; x_wconf 79' lang='grc' dir='ltr'>μέν</span> <span class='ocrx_word' id='word_1_135' title='bbox 1120 2115 1140 2193; x_wconf 97' lang='lat'><em>5</em></span> <span class='ocrx_word' id='word_1_136' title='bbox 1160 2112 1310 2216; x_wconf 78' lang='grc' dir='ltr'>Πέτρος,</span> <span class='ocrx_word' id='word_1_137' title='bbox 1331 2113 1476 2215; x_wconf 86' lang='grc' dir='ltr'>Πέτρος</span> <span class='ocrx_word' id='word_1_138' title='bbox 1506 2111 1549 2191; x_wconf 76' lang='grc' dir='ltr'>δὲ</span> 
     </span>
     <span class='ocr_line' id='line_1_16' title="bbox 331 2233 1597 2345; baseline -0.004 -28"><span class='ocrx_word' id='word_1_139' title='bbox 331 2239 376 2317; x_wconf 88' lang='grc' dir='ltr'>οῦ</span> <span class='ocrx_word' id='word_1_140' title='bbox 407 2235 520 2319; x_wconf 79' lang='grc' dir='ltr'>πάλιν</span> <span class='ocrx_word' id='word_1_141' title='bbox 550 2239 570 2316; x_wconf 93' lang='lat'><em>5</em></span> <span class='ocrx_word' id='word_1_142' title='bbox 601 2243 761 2336; x_wconf 85' lang='grc' dir='ltr'>Παῦλος,</span> <span class='ocrx_word' id='word_1_143' title='bbox 791 2241 822 2316; x_wconf 89' lang='grc' dir='ltr'>εί</span> <span class='ocrx_word' id='word_1_144' title='bbox 854 2239 913 2317; x_wconf 81' lang='grc' dir='ltr'>καὶ</span> <span class='ocrx_word' id='word_1_145' title='bbox 945 2238 998 2344; x_wconf 76' lang='grc' dir='ltr'>τῷ</span> <span class='ocrx_word' id='word_1_146' title='bbox 1029 2233 1152 2345; x_wconf 83' lang='grc' dir='ltr'>τρόπῳ</span> <span class='ocrx_word' id='word_1_147' title='bbox 1181 2241 1245 2337; x_wconf 82' lang='grc' dir='ltr'>τῆς</span> <span class='ocrx_word' id='word_1_148' title='bbox 1280 2235 1339 2316; x_wconf 84' lang='grc' dir='ltr'>διά</span> <span class='ocrx_word' id='word_1_149' title='bbox 1368 2233 1546 2338; x_wconf 86' lang='grc' dir='ltr'>Χριστὸν</span> <span class='ocrx_word' id='word_1_150' title='bbox 1563 2265 1597 2325; x_wconf 87' lang='lat'>15</span> 
     </span>
     <span class='ocr_line' id='line_1_17' title="bbox 330 2361 1542 2468; baseline -0.002 -26"><span class='ocrx_word' id='word_1_151' title='bbox 330 2361 491 2446; x_wconf 83' lang='grc' dir='ltr'>ε’νῶσεως</span> <span class='ocrx_word' id='word_1_152' title='bbox 515 2361 554 2442; x_wconf 79' lang='grc' dir='ltr'>ἓν</span> <span class='ocrx_word' id='word_1_153' title='bbox 570 2361 682 2467; x_wconf 84' lang='grc' dir='ltr'>ἀμφω</span> <span class='ocrx_word' id='word_1_154' title='bbox 708 2368 857 2444; x_wconf 90' lang='grc' dir='ltr'>νοοῖντο.</span> <span class='ocrx_word' id='word_1_155' title='bbox 906 2361 1034 2442; x_wconf 84' lang='grc' dir='ltr'>οὐκοῦν</span> <span class='ocrx_word' id='word_1_156' title='bbox 1052 2361 1342 2463; x_wconf 68' lang='grc' dir='ltr'>ὁμολογουμεῦης</span> <span class='ocrx_word' id='word_1_157' title='bbox 1368 2364 1434 2459; x_wconf 82' lang='grc' dir='ltr'>τῆς</span> <span class='ocrx_word' id='word_1_158' title='bbox 1460 2367 1542 2468; x_wconf 84' lang='grc' dir='ltr'>φυ-</span> 
     </span>
     <span class='ocr_line' id='line_1_18' title="bbox 329 2481 1543 2590; baseline -0.002 -26"><span class='ocrx_word' id='word_1_159' title='bbox 329 2489 435 2585; x_wconf 84' lang='grc' dir='ltr'>σικῆς</span> <span class='ocrx_word' id='word_1_160' title='bbox 459 2483 635 2587; x_wconf 75' lang='grc' dir='ltr'>ἑνότητος,</span> <span class='ocrx_word' id='word_1_161' title='bbox 654 2485 714 2566; x_wconf 88' lang='grc' dir='ltr'>ε’πί</span> <span class='ocrx_word' id='word_1_162' title='bbox 738 2521 778 2566; x_wconf 88' lang='grc' dir='ltr'>τε</span> <span class='ocrx_word' id='word_1_163' title='bbox 804 2481 952 2590; x_wconf 86' lang='grc' dir='ltr'>Πατρδς</span> <span class='ocrx_word' id='word_1_164' title='bbox 980 2487 1038 2566; x_wconf 85' lang='grc' dir='ltr'>καὶ</span> <span class='ocrx_word' id='word_1_165' title='bbox 1064 2489 1165 2582; x_wconf 81' lang='grc' dir='ltr'>Υίοῦ,</span> <span class='ocrx_word' id='word_1_166' title='bbox 1188 2487 1302 2584; x_wconf 81' lang='grc' dir='ltr'>δῆλον</span> <span class='ocrx_word' id='word_1_167' title='bbox 1325 2481 1363 2564; x_wconf 78' lang='grc' dir='ltr'>δὲ</span> <span class='ocrx_word' id='word_1_168' title='bbox 1392 2481 1449 2564; x_wconf 81' lang='grc' dir='ltr'>ὅτι</span> <span class='ocrx_word' id='word_1_169' title='bbox 1476 2487 1543 2564; x_wconf 81' lang='grc' dir='ltr'>καὶ</span> 
     </span>
     <span class='ocr_line' id='line_1_19' title="bbox 328 2605 1537 2715; baseline 0.001 -28"><span class='ocrx_word' id='word_1_170' title='bbox 328 2609 457 2710; x_wconf 84' lang='grc' dir='ltr'>Ἀγίου</span> <span class='ocrx_word' id='word_1_171' title='bbox 477 2607 698 2709; x_wconf 84' lang='grc' dir='ltr'>Πνεῦματος·</span> <span class='ocrx_word' id='word_1_172' title='bbox 728 2609 793 2708; x_wconf 86' lang='grc' dir='ltr'>μία</span> <span class='ocrx_word' id='word_1_173' title='bbox 819 2607 890 2714; x_wconf 80' lang='grc' dir='ltr'>γὰρ</span> <span class='ocrx_word' id='word_1_174' title='bbox 915 2605 1040 2709; x_wconf 88' lang='grc' dir='ltr'>θεότης</span> <span class='ocrx_word' id='word_1_175' title='bbox 1065 2611 1104 2688; x_wconf 88' lang='grc' dir='ltr'>έν</span> <span class='ocrx_word' id='word_1_176' title='bbox 1126 2609 1212 2715; x_wconf 79' lang='grc' dir='ltr'>ἁγίᾳ</span> <span class='ocrx_word' id='word_1_177' title='bbox 1229 2605 1358 2712; x_wconf 87' lang='grc' dir='ltr'>Τριάδι</span> <span class='ocrx_word' id='word_1_178' title='bbox 1375 2607 1537 2688; x_wconf 84' lang='grc' dir='ltr'>πιοτειί·</span> 
     </span>
     <span class='ocr_line' id='line_1_20' title="bbox 330 2729 1541 2839; baseline -0.001 -28"><span class='ocrx_word' id='word_1_179' title='bbox 330 2765 406 2811; x_wconf 92' lang='grc' dir='ltr'>εται</span> <span class='ocrx_word' id='word_1_180' title='bbox 435 2735 494 2811; x_wconf 82' lang='grc' dir='ltr'>καὶ</span> <span class='ocrx_word' id='word_1_181' title='bbox 527 2732 724 2839; x_wconf 76' lang='grc' dir='ltr'>δοξάζεται·</span> <span class='ocrx_word' id='word_1_182' title='bbox 766 2733 854 2839; x_wconf 84' lang='grc' dir='ltr'>φέρε</span> <span class='ocrx_word' id='word_1_183' title='bbox 885 2732 930 2833; x_wconf 83' lang='grc' dir='ltr'>δὴ</span> <span class='ocrx_word' id='word_1_184' title='bbox 963 2732 1077 2814; x_wconf 83' lang='grc' dir='ltr'>πάλιν</span> <span class='ocrx_word' id='word_1_185' title='bbox 1105 2731 1412 2830; x_wconf 81' lang='grc' dir='ltr'>διασκετττῶμεθο,</span> <span class='ocrx_word' id='word_1_186' title='bbox 1442 2729 1541 2812; x_wconf 81' lang='grc' dir='ltr'>κατὰ</span> 
     </span>
     <span class='ocr_line' id='line_1_21' title="bbox 329 2851 1589 2961; baseline -0.002 -25"><span class='ocrx_word' id='word_1_187' title='bbox 329 2856 411 2936; x_wconf 88' lang='grc' dir='ltr'>τίνα</span> <span class='ocrx_word' id='word_1_188' title='bbox 435 2851 649 2960; x_wconf 76' lang='grc' dir='ltr'>τρόπονκαὶ</span> <span class='ocrx_word' id='word_1_189' title='bbox 677 2856 776 2958; x_wconf 84' lang='grc' dir='ltr'>ἡμεῖς</span> <span class='ocrx_word' id='word_1_190' title='bbox 803 2859 902 2938; x_wconf 81' lang='grc' dir='ltr'>αὐτοὶ</span> <span class='ocrx_word' id='word_1_191' title='bbox 930 2859 989 2938; x_wconf 74' lang='grc' dir='ltr'>καὶ</span> <span class='ocrx_word' id='word_1_192' title='bbox 1013 2855 1105 2961; x_wconf 81' lang='grc' dir='ltr'>πρὸς</span> <span class='ocrx_word' id='word_1_193' title='bbox 1130 2854 1316 2956; x_wconf 82' lang='grc' dir='ltr'>ἀλλήλους</span> <span class='ocrx_word' id='word_1_194' title='bbox 1340 2855 1378 2936; x_wconf 81' lang='grc' dir='ltr'>ἓν</span> <span class='ocrx_word' id='word_1_195' title='bbox 1399 2890 1537 2954; x_wconf 86' lang='grc' dir='ltr'>σωμα-</span> <span class='ocrx_word' id='word_1_196' title='bbox 1554 2895 1589 2936; x_wconf 84' lang='grc' dir='ltr'>το</span> 
     </span>
     <span class='ocr_line' id='line_1_22' title="bbox 296 2977 1534 3084; baseline -0.002 -24"><span class='ocrx_word' id='word_1_197' title='bbox 296 2985 436 3068; x_wconf 66' lang='grc' dir='ltr'>οτικιῦς</span> <span class='ocrx_word' id='word_1_198' title='bbox 472 3013 512 3062; x_wconf 91' lang='grc' dir='ltr'>τε</span> <span class='ocrx_word' id='word_1_199' title='bbox 548 2983 607 3061; x_wconf 84' lang='grc' dir='ltr'>καὶ</span> <span class='ocrx_word' id='word_1_200' title='bbox 643 2987 889 3080; x_wconf 83' lang='grc' dir='ltr'>πνευματικῶς</span> <span class='ocrx_word' id='word_1_201' title='bbox 926 2983 985 3062; x_wconf 80' lang='grc' dir='ltr'>καὶ</span> <span class='ocrx_word' id='word_1_202' title='bbox 1021 2979 1113 3083; x_wconf 85' lang='grc' dir='ltr'>πρὸς</span> <span class='ocrx_word' id='word_1_203' title='bbox 1148 2977 1244 3060; x_wconf 84' lang='grc' dir='ltr'>Θεὸν</span> <span class='ocrx_word' id='word_1_204' title='bbox 1281 2977 1534 3084; x_wconf 82' lang='grc' dir='ltr'>εὑρισκόμεθα.</span> 
     </span>
     <span class='ocr_line' id='line_1_23' title="bbox 330 3102 1540 3212; baseline 0.003 -28"><span class='ocrx_word' id='word_1_205' title='bbox 330 3105 459 3184; x_wconf 84' lang='grc' dir='ltr'>οὐκοῦν</span> <span class='ocrx_word' id='word_1_206' title='bbox 478 3105 522 3212; x_wconf 83' lang='grc' dir='ltr'>ἐξ</span> <span class='ocrx_word' id='word_1_207' title='bbox 546 3107 654 3205; x_wconf 81' lang='grc' dir='ltr'>αὐτῆς</span> <span class='ocrx_word' id='word_1_208' title='bbox 679 3103 904 3212; x_wconf 80' lang='grc' dir='ltr'>ἀναλάμψας</span> <span class='ocrx_word' id='word_1_209' title='bbox 927 3105 1011 3205; x_wconf 85' lang='grc' dir='ltr'>ἡμῖν</span> <span class='ocrx_word' id='word_1_210' title='bbox 1028 3109 1092 3205; x_wconf 74' lang='grc' dir='ltr'>τῆς</span> <span class='ocrx_word' id='word_1_211' title='bbox 1110 3113 1175 3186; x_wconf 90' lang='grc' dir='ltr'>τοῦ</span> <span class='ocrx_word' id='word_1_212' title='bbox 1194 3110 1290 3184; x_wconf 83' lang='grc' dir='ltr'>Θεοῦ</span> <span class='ocrx_word' id='word_1_213' title='bbox 1309 3106 1368 3183; x_wconf 80' lang='grc' dir='ltr'>καὶ</span> <span class='ocrx_word' id='word_1_214' title='bbox 1388 3102 1540 3207; x_wconf 85' lang='grc' dir='ltr'>Πατρῖις</span> 
     </span>
     <span class='ocr_line' id='line_1_24' title="bbox 329 3225 1535 3335; baseline 0.002 -29"><span class='ocrx_word' id='word_1_215' title='bbox 329 3227 457 3312; x_wconf 81' lang='grc' dir='ltr'>οὐσίας</span> <span class='ocrx_word' id='word_1_216' title='bbox 482 3229 503 3307; x_wconf 94' lang='lat'><em>5</em></span> <span class='ocrx_word' id='word_1_217' title='bbox 528 3227 752 3330; x_wconf 83' lang='grc' dir='ltr'>Μονογενὴς,</span> <span class='ocrx_word' id='word_1_218' title='bbox 772 3233 830 3308; x_wconf 79' lang='grc' dir='ltr'>καὶ</span> <span class='ocrx_word' id='word_1_219' title='bbox 856 3226 944 3307; x_wconf 82' lang='grc' dir='ltr'>ὅλον</span> <span class='ocrx_word' id='word_1_220' title='bbox 965 3226 1057 3334; x_wconf 77' lang='grc' dir='ltr'>ἔχων</span> <span class='ocrx_word' id='word_1_221' title='bbox 1074 3229 1112 3308; x_wconf 85' lang='grc' dir='ltr'>έν</span> <span class='ocrx_word' id='word_1_222' title='bbox 1131 3228 1203 3335; x_wconf 79' lang='grc' dir='ltr'>ἰδίᾳ</span> <span class='ocrx_word' id='word_1_223' title='bbox 1227 3227 1340 3334; x_wconf 83' lang='grc' dir='ltr'>φύσει</span> <span class='ocrx_word' id='word_1_224' title='bbox 1364 3225 1430 3306; x_wconf 81' lang='grc' dir='ltr'>τὸν</span> <span class='ocrx_word' id='word_1_225' title='bbox 1448 3261 1535 3330; x_wconf 87' lang='grc' dir='ltr'>γεν-</span> 
     </span>
    </p>

    <p class='ocr_par' dir='ltr' id='par_1_2' title="bbox 262 3347 1585 4078">
     <span class='ocr_line' id='line_1_25' title="bbox 262 3347 1538 3460; baseline 0 -30"><span class='ocrx_word' id='word_1_226' title='bbox 262 3407 270 3423; x_wconf 83' lang='lat'><strong>·</strong></span> <span class='ocrx_word' id='word_1_227' title='bbox 330 3348 505 3451; x_wconf 76' lang='grc' dir='ltr'>νήσαντα,</span> <span class='ocrx_word' id='word_1_228' title='bbox 523 3351 649 3454; x_wconf 85' lang='grc' dir='ltr'>γέγονε</span> <span class='ocrx_word' id='word_1_229' title='bbox 674 3351 786 3460; x_wconf 83' lang='grc' dir='ltr'>σάρξ,</span> <span class='ocrx_word' id='word_1_230' title='bbox 809 3349 900 3433; x_wconf 76' lang='grc' dir='ltr'>κατὰ</span> <span class='ocrx_word' id='word_1_231' title='bbox 924 3351 989 3437; x_wconf 83' lang='grc' dir='ltr'>τὰς</span> <span class='ocrx_word' id='word_1_232' title='bbox 1014 3351 1170 3458; x_wconf 78' lang='grc' dir='ltr'>γραφεῖς,</span> <span class='ocrx_word' id='word_1_233' title='bbox 1189 3349 1385 3454; x_wconf 85' lang='grc' dir='ltr'>ἀναμιγνῦς</span> <span class='ocrx_word' id='word_1_234' title='bbox 1408 3347 1538 3453; x_wconf 80' lang='grc' dir='ltr'>ὥσπερ</span> 
     </span>
     <span class='ocr_line' id='line_1_26' title="bbox 329 3471 1585 3584; baseline -0.002 -31"><span class='ocrx_word' id='word_1_235' title='bbox 329 3471 456 3554; x_wconf 79' lang='grc' dir='ltr'>ἑαυτὸν</span> <span class='ocrx_word' id='word_1_236' title='bbox 472 3479 517 3580; x_wconf 74' lang='grc' dir='ltr'>τῇ</span> <span class='ocrx_word' id='word_1_237' title='bbox 535 3473 687 3583; x_wconf 74' lang='grc' dir='ltr'>ἡμετέρᾳ</span> <span class='ocrx_word' id='word_1_238' title='bbox 706 3475 827 3584; x_wconf 80' lang='grc' dir='ltr'>φύσει,</span> <span class='ocrx_word' id='word_1_239' title='bbox 846 3475 906 3556; x_wconf 81' lang='grc' dir='ltr'>διὰ</span> <span class='ocrx_word' id='word_1_240' title='bbox 925 3480 987 3575; x_wconf 82' lang='grc' dir='ltr'>τῆς</span> <span class='ocrx_word' id='word_1_241' title='bbox 1011 3476 1205 3582; x_wconf 80' lang='grc' dir='ltr'>ἀφράστου</span> <span class='ocrx_word' id='word_1_242' title='bbox 1229 3474 1386 3556; x_wconf 88' lang='grc' dir='ltr'>συνόδου</span> <span class='ocrx_word' id='word_1_243' title='bbox 1410 3509 1450 3556; x_wconf 88' lang='grc' dir='ltr'>τε</span> <span class='ocrx_word' id='word_1_244' title='bbox 1474 3477 1536 3555; x_wconf 81' lang='grc' dir='ltr'>καὶ</span> <span class='ocrx_word' id='word_1_245' title='bbox 1551 3505 1585 3563; x_wconf 80' lang='lat'>25</span> 
     </span>
     <span class='ocr_line' id='line_1_27' title="bbox 327 3597 1536 3705; baseline 0.001 -29"><span class='ocrx_word' id='word_1_246' title='bbox 327 3597 491 3682; x_wconf 81' lang='grc' dir='ltr'>ἑνώσεως</span> <span class='ocrx_word' id='word_1_247' title='bbox 509 3602 572 3698; x_wconf 81' lang='grc' dir='ltr'>τῆς</span> <span class='ocrx_word' id='word_1_248' title='bbox 591 3597 682 3705; x_wconf 84' lang='grc' dir='ltr'>πρὸς</span> <span class='ocrx_word' id='word_1_249' title='bbox 700 3597 743 3680; x_wconf 83' lang='grc' dir='ltr'>τὸ</span> <span class='ocrx_word' id='word_1_250' title='bbox 761 3605 872 3699; x_wconf 83' lang='grc' dir='ltr'>σῶμα</span> <span class='ocrx_word' id='word_1_251' title='bbox 890 3601 989 3680; x_wconf 78' lang='grc' dir='ltr'>τουτὶ</span> <span class='ocrx_word' id='word_1_252' title='bbox 1005 3599 1048 3680; x_wconf 87' lang='grc' dir='ltr'>τὸ</span> <span class='ocrx_word' id='word_1_253' title='bbox 1066 3598 1139 3680; x_wconf 85' lang='grc' dir='ltr'>ἀπὸ</span> <span class='ocrx_word' id='word_1_254' title='bbox 1161 3603 1224 3699; x_wconf 79' lang='grc' dir='ltr'>τῆς</span> <span class='ocrx_word' id='word_1_255' title='bbox 1247 3603 1324 3701; x_wconf 84' lang='grc' dir='ltr'>γῆς,</span> <span class='ocrx_word' id='word_1_256' title='bbox 1344 3600 1436 3679; x_wconf 85' lang='grc' dir='ltr'>οὕτω</span> <span class='ocrx_word' id='word_1_257' title='bbox 1455 3631 1495 3678; x_wconf 90' lang='grc' dir='ltr'>τε</span> <span class='ocrx_word' id='word_1_258' title='bbox 1515 3599 1536 3678; x_wconf 93' lang='lat'><em>5</em></span> 
     </span>
     <span class='ocr_line' id='line_1_28' title="bbox 329 3719 1535 3828; baseline 0.004 -29"><span class='ocrx_word' id='word_1_259' title='bbox 329 3719 441 3828; x_wconf 81' lang='grc' dir='ltr'>φύσει</span> <span class='ocrx_word' id='word_1_260' title='bbox 470 3721 564 3808; x_wconf 83' lang='grc' dir='ltr'>Θεὸς</span> <span class='ocrx_word' id='word_1_261' title='bbox 591 3719 832 3828; x_wconf 81' lang='grc' dir='ltr'>κεχρημάτικέ</span> <span class='ocrx_word' id='word_1_262' title='bbox 856 3757 896 3803; x_wconf 89' lang='grc' dir='ltr'>τε</span> <span class='ocrx_word' id='word_1_263' title='bbox 928 3726 985 3803; x_wconf 82' lang='grc' dir='ltr'>καὶ</span> <span class='ocrx_word' id='word_1_264' title='bbox 1016 3722 1165 3825; x_wconf 80' lang='grc' dir='ltr'>γέγονεν</span> <span class='ocrx_word' id='word_1_265' title='bbox 1193 3723 1340 3822; x_wconf 83' lang='grc' dir='ltr'>ἀληθῶς</span> <span class='ocrx_word' id='word_1_266' title='bbox 1371 3721 1535 3826; x_wconf 87' lang='grc' dir='ltr'>οῦράνιος</span> 
     </span>
     <span class='ocr_line' id='line_1_29' title="bbox 328 3843 1532 3954; baseline 0 -28"><span class='ocrx_word' id='word_1_267' title='bbox 328 3844 527 3948; x_wconf 80' lang='grc' dir='ltr'>ἅνθρωπος,</span> <span class='ocrx_word' id='word_1_268' title='bbox 553 3847 596 3927; x_wconf 86' lang='grc' dir='ltr'>οῦ</span> <span class='ocrx_word' id='word_1_269' title='bbox 624 3843 797 3954; x_wconf 87' lang='grc' dir='ltr'>θεοφόρας</span> <span class='ocrx_word' id='word_1_270' title='bbox 822 3845 915 3927; x_wconf 87' lang='grc' dir='ltr'>κατά</span> <span class='ocrx_word' id='word_1_271' title='bbox 938 3881 1036 3932; x_wconf 91' lang='grc' dir='ltr'>τινας</span> <span class='ocrx_word' id='word_1_272' title='bbox 1060 3853 1133 3927; x_wconf 81' lang='grc' dir='ltr'>τῶν</span> <span class='ocrx_word' id='word_1_273' title='bbox 1154 3847 1310 3950; x_wconf 83' lang='grc' dir='ltr'>ἀκριβῶς</span> <span class='ocrx_word' id='word_1_274' title='bbox 1335 3847 1376 3925; x_wconf 87' lang='grc' dir='ltr'>οῦ</span> <span class='ocrx_word' id='word_1_275' title='bbox 1403 3846 1532 3946; x_wconf 83' lang='grc' dir='ltr'>συνέν-</span> 
     </span>
     <span class='ocr_line' id='line_1_30' title="bbox 328 3967 1534 4078; baseline 0 -28"><span class='ocrx_word' id='word_1_276' title='bbox 328 4003 402 4051; x_wconf 84' lang='grc' dir='ltr'>των</span> <span class='ocrx_word' id='word_1_277' title='bbox 423 3978 488 4050; x_wconf 90' lang='grc' dir='ltr'>τοῦ</span> <span class='ocrx_word' id='word_1_278' title='bbox 515 3971 716 4075; x_wconf 89' lang='grc' dir='ltr'>μυστηρίου</span> <span class='ocrx_word' id='word_1_279' title='bbox 744 3968 785 4052; x_wconf 86' lang='grc' dir='ltr'>τδ</span> <span class='ocrx_word' id='word_1_280' title='bbox 813 3969 940 4068; x_wconf 85' lang='grc' dir='ltr'>βάθος·</span> <span class='ocrx_word' id='word_1_281' title='bbox 977 3971 1061 4050; x_wconf 88' lang='grc' dir='ltr'>ἀλλ’</span> <span class='ocrx_word' id='word_1_282' title='bbox 1082 3973 1120 4051; x_wconf 85' lang='grc' dir='ltr'>έν</span> <span class='ocrx_word' id='word_1_283' title='bbox 1141 3971 1259 4078; x_wconf 74' lang='grc' dir='ltr'>ταύτῷ</span> <span class='ocrx_word' id='word_1_284' title='bbox 1286 3967 1381 4054; x_wconf 89' lang='grc' dir='ltr'>Θεός</span> <span class='ocrx_word' id='word_1_285' title='bbox 1407 4003 1446 4048; x_wconf 91' lang='grc' dir='ltr'>τε</span> <span class='ocrx_word' id='word_1_286' title='bbox 1475 3973 1534 4050; x_wconf 84' lang='grc' dir='ltr'>καῖ</span> 
     </span>
    </p>

    <p class='ocr_par' dir='ltr' id='par_1_3' title="bbox 302 4091 1579 4452">
     <span class='ocr_line' id='line_1_31' title="bbox 302 4091 1579 4200; baseline 0.004 -27"><span class='ocrx_word' id='word_1_287' title='bbox 302 4091 517 4197; x_wconf 81' lang='grc' dir='ltr'>οάνθρωπος</span> <span class='ocrx_word' id='word_1_288' title='bbox 538 4095 599 4194; x_wconf 86' lang='grc' dir='ltr'>ιῦν,</span> <span class='ocrx_word' id='word_1_289' title='bbox 617 4095 676 4176; x_wconf 83' lang='grc' dir='ltr'>ῖνα</span> <span class='ocrx_word' id='word_1_290' title='bbox 700 4093 746 4176; x_wconf 78' lang='grc' dir='ltr'>τὰ</span> <span class='ocrx_word' id='word_1_291' title='bbox 772 4092 871 4177; x_wconf 78' lang='grc' dir='ltr'>πολὺ</span> <span class='ocrx_word' id='word_1_292' title='bbox 895 4094 1112 4198; x_wconf 80' lang='grc' dir='ltr'>διωρισμένα</span> <span class='ocrx_word' id='word_1_293' title='bbox 1138 4091 1229 4174; x_wconf 88' lang='grc' dir='ltr'>κατά</span> <span class='ocrx_word' id='word_1_294' title='bbox 1254 4091 1321 4193; x_wconf 73' lang='grc' dir='ltr'>τὴν</span> <span class='ocrx_word' id='word_1_295' title='bbox 1340 4092 1456 4200; x_wconf 83' lang='grc' dir='ltr'>φύσιν</span> <span class='ocrx_word' id='word_1_296' title='bbox 1473 4097 1533 4174; x_wconf 81' lang='grc' dir='ltr'>καὶ</span> <span class='ocrx_word' id='word_1_297' title='bbox 1546 4119 1579 4178; x_wconf 84' lang='lat'>30</span> 
     </span>
     <span class='ocr_line' id='line_1_32' title="bbox 327 4215 1534 4326; baseline -0.005 -24"><span class='ocrx_word' id='word_1_298' title='bbox 327 4219 393 4316; x_wconf 77' lang='grc' dir='ltr'>τῆς</span> <span class='ocrx_word' id='word_1_299' title='bbox 424 4215 602 4318; x_wconf 81' lang='grc' dir='ltr'>ἀλλήλων</span> <span class='ocrx_word' id='word_1_300' title='bbox 632 4219 812 4326; x_wconf 84' lang='grc' dir='ltr'>ὁμοφυίας</span> <span class='ocrx_word' id='word_1_301' title='bbox 843 4215 1063 4326; x_wconf 80' lang='grc' dir='ltr'>ἐξεστηκότα</span> <span class='ocrx_word' id='word_1_302' title='bbox 1093 4217 1304 4302; x_wconf 82' lang='grc' dir='ltr'>συνενώσας</span> <span class='ocrx_word' id='word_1_303' title='bbox 1338 4216 1464 4320; x_wconf 81' lang='grc' dir='ltr'>ὥσπερ</span> <span class='ocrx_word' id='word_1_304' title='bbox 1495 4221 1534 4297; x_wconf 84' lang='grc' dir='ltr'>ἐν</span> 
     </span>
     <span class='ocr_line' id='line_1_33' title="bbox 328 4339 1532 4452; baseline 0.002 -33"><span class='ocrx_word' id='word_1_305' title='bbox 328 4342 453 4452; x_wconf 78' lang='grc' dir='ltr'>ἑαυτῷ,</span> <span class='ocrx_word' id='word_1_306' title='bbox 473 4342 570 4426; x_wconf 88' lang='grc' dir='ltr'>θείας</span> <span class='ocrx_word' id='word_1_307' title='bbox 597 4340 641 4442; x_wconf 81' lang='grc' dir='ltr'>δὴ</span> <span class='ocrx_word' id='word_1_308' title='bbox 672 4341 819 4449; x_wconf 82' lang='grc' dir='ltr'>φύσεως</span> <span class='ocrx_word' id='word_1_309' title='bbox 842 4339 1011 4424; x_wconf 89' lang='grc' dir='ltr'>κοινωνόν</span> <span class='ocrx_word' id='word_1_310' title='bbox 1033 4375 1072 4422; x_wconf 93' lang='grc' dir='ltr'>τε</span> <span class='ocrx_word' id='word_1_311' title='bbox 1097 4341 1156 4421; x_wconf 76' lang='grc' dir='ltr'>καὶ</span> <span class='ocrx_word' id='word_1_312' title='bbox 1180 4340 1336 4448; x_wconf 85' lang='grc' dir='ltr'>μέτοχον</span> <span class='ocrx_word' id='word_1_313' title='bbox 1360 4341 1532 4449; x_wconf 81' lang='grc' dir='ltr'>ἀποδείξῃ</span> 
     </span>
    </p>
   </div>
   <div class='ocr_carea' id='block_1_2' title="bbox 328 4507 1529 4634">
    <p class='ocr_par' dir='ltr' id='par_1_4' title="bbox 328 4507 1529 4634">
     <span class='ocr_line' id='line_1_34' title="bbox 328 4507 1529 4634; baseline 0.024 -81"><span class='ocrx_word' id='word_1_314' title='bbox 328 4519 425 4634; x_wconf 50' lang='lat'><em>&amp;355⁸</em></span> <span class='ocrx_word' id='word_1_315' title='bbox 443 4507 653 4581; x_wconf 48' lang='grc' dir='ltr'>τούτω-ἁγίας</span> <span class='ocrx_word' id='word_1_316' title='bbox 664 4525 718 4564; x_wconf 85' lang='lat' dir='ltr'>om.</span> <span class='ocrx_word' id='word_1_317' title='bbox 732 4509 765 4566; x_wconf 83' lang='lat' dir='ltr'>E.</span> <span class='ocrx_word' id='word_1_318' title='bbox 864 4526 906 4583; x_wconf 79' lang='lat'>13·</span> <span class='ocrx_word' id='word_1_319' title='bbox 925 4509 1291 4582; x_wconf 70' lang='grc' dir='ltr'>δοκεριιςιιιιομιιιιοοιΕ·</span> <span class='ocrx_word' id='word_1_320' title='bbox 1388 4525 1432 4582; x_wconf 80' lang='lat'>3²·</span> <span class='ocrx_word' id='word_1_321' title='bbox 1451 4509 1529 4580; x_wconf 65' lang='grc' dir='ltr'>ΠΕ·</span> 
     </span>
    </p>
   </div>
   <div class='ocr_carea' id='block_1_3' title="bbox 0 0 1624 5114">
    <p class='ocr_par' dir='ltr' id='par_1_5' title="bbox 0 0 1624 5114">
     <span class='ocr_line' id='line_1_35' title="bbox 0 0 1624 5114; baseline 0 0"><span class='ocrx_word' id='word_1_322' title='bbox 0 0 1624 5114; x_wconf 95' lang='lat' dir='ltr'> </span> 
     </span>
    </p>
   </div>
  </div>
 </body>
</html>
