3118 5132
324 338 389 401 400
628 339 667 407 Β.
692 339 903 406 CYRILLI
933 339 1222 406 ALEXANDR.
1412 339 1486 404 xiv.
1511 357 1541 400 1.

324 502 566 608 μικροψυχίας
597 493 829 584 κατολισθεῖν
857 507 907 587 εἷς
936 505 1084 586 δειλίαν.
1138 513 1219 588 νοῦς
1249 501 1321 606 γὰρ
1351 503 1450 582 ούπω
1486 507 1542 605 τῇ

325 623 462 704 άνωθεν
490 627 673 729 ἱδρυμένος
704 627 836 732 χαρίτι,
864 627 982 712 δειλός
1013 662 1052 708 τε
1084 632 1144 708 καὶ
1173 611 1430 730 εύανάτρεπτος
1468 630 1542 704 καὶ

325 752 373 832 εἷς
400 745 442 828 τὸ
468 757 677 830 κλονεῖσθαι
704 749 825 856 ταχύς.
873 747 933 830 διά
960 786 1014 832 τοι
1042 742 1147 833 τοῦτο
1175 755 1233 831 καὶ
1261 753 1281 831 ὸ
1309 749 1542 858 σοφώτατος

327 875 476 956 Παῦλος
503 872 735 980 ἐπευχόμενάς
763 907 860 953 τισιν
888 871 1097 955 ἐπιστέλλει
1125 885 1148 922 “
1165 878 1238 954 Καὶ
1262 875 1285 973 ἡ
1312 871 1431 976 εῖρήνη
1460 882 1543 952 τοῦ

296 1003 348 1066 0“
367 1001 532 1097 Χριστοῦ
560 998 583 1097 ἡ
612 997 836 1103 ὑπερέχουσα
863 994 984 1079 πάντα
1008 1007 1093 1078 νοῦν
1118 997 1319 1103 φρουρήσει
1346 996 1410 1081 τὰς
1437 1031 1543 1100 καρ-

325 1129 347 1168 “
366 1121 443 1205 δίας
474 1120 607 1219 ὑμῶν.”
653 1131 760 1203 τοῦτο
796 1117 869 1226 γάρ
899 1123 979 1202 ε’στι
1012 1120 1055 1202 τὸ
1091 1121 1143 1224 μὴ
1180 1121 1419 1226 ταράττεσθαι
1458 1121 1543 1222 τὴν

323 1245 484 1347 καρδίαν.

156 869 223 999 {m
233 869 267 920 iv.

473 1420 647 1488 Πιστεύετε
674 1417 721 1486 εἷο
747 1421 803 1488 τὸν
832 1421 926 1504 Θεὸν,
955 1421 1008 1487 καί
1035 1418 1082 1487 εἰς
1109 1420 1169 1500 ἐμὲ
1195 1423 1371 1493 πιστεύετε.

377 1591 560 1693 Ὁπλίτην
582 1591 764 1696 ἐργάζεται
790 1593 854 1674 τὸν
876 1595 959 1698 άρτι
982 1591 1115 1692 δειλὸν,
1135 1597 1195 1674 καὶ
1217 1592 1275 1674 διά
1298 1594 1540 1697 πραγμάτων

323 1716 362 1793 ε’κ
382 1712 502 1820 φόβου
519 1715 731 1820 τραυμάτων
750 1723 931 1798 ποιεῖσθαι
952 1719 1088 1798 κελεύει
1109 1716 1152 1798 τὸ
1178 1721 1216 1797 ἐν
1233 1721 1352 1798 πίστει
1370 1718 1534 1820 γοργόν.

323 1835 511 1940 σωῷμεθα
527 1838 599 1942 γὰρ
618 1842 740 1939 οὑτως,
759 1848 818 1921 καὶ
843 1843 911 1946 οὐχ
932 1842 1069 1945 ἑτέρως,
1088 1842 1166 1922 κατ’
1186 1843 1296 1922 έκεῖνο
1321 1840 1456 1942 δήπου
1485 1844 1536 1922 τὸ

53 2003 60 2012 ,
154 1949 273 2000 mevi.
289 1973 309 2037 d
323 1963 361 2040 ἐν

157 2028 179 2064 1·

397 1967 562 2069 ψαλμοῖς
602 1966 876 2072 μελῳδούμενον
914 1975 935 2013 “
956 1964 1089 2067 Κύριος
1124 1964 1313 2072 φωτισμάς
1352 1999 1422 2062 μου
1465 1971 1535 2046 καὶ

323 2097 345 2134 “
363 2085 489 2190 σωτήρ
507 2121 588 2186 μου,
602 2088 682 2168 τίνα
701 2087 987 2196 φοβηθήσομαι;
1015 2089 1148 2193 Κύριος
1168 2087 1440 2192 ὑπερασπιστὴς
1459 2094 1535 2188 τῆς

323 2221 344 2258 “
363 2211 453 2313 ζωῆς
478 2245 559 2310 μου,
580 2209 652 2291 άπὸ
679 2214 773 2297 τίνος
797 2212 970 2292 δειλιάσω
982 2213 1014 2310 ;”
1046 2212 1336 2318 ὑπερμαχομένου
1363 2210 1434 2315 γάρ
1463 2215 1533 2292 καὶ

323 2333 624 2437 ὑπερασπίζοντας
655 2335 756 2435 ἡμῶν
784 2345 849 2416 τοῦ
879 2333 999 2418 πάντα
1030 2336 1221 2442 ῖσχύυντος
1253 2341 1360 2434 Θεοῦ,
1389 2337 1445 2419 τίς
1479 2335 1532 2416 ἂν

322 2457 415 2556 ἡμᾶς
444 2458 587 2538 δύναιτο
616 2467 771 2554 κακοῦν,
812 2460 866 2544 τίς
897 2457 936 2539 δὲ
965 2459 1093 2564 ἰσχύος
1122 2465 1171 2544 εῖς
1201 2468 1308 2540 τοῦτο
1337 2463 1530 2562 δραμεῖται

321 2579 442 2686 τυχὸν,
466 2586 515 2666 ὡς
542 2580 611 2664 ὑπὸ
639 2590 742 2688 χεῖρα
766 2587 918 2683 ποιῆσαι
943 2581 1026 2668 τούς
1050 2581 1250 2681 ἐκλεκτούς,
1272 2587 1332 2662 καὶ
1356 2591 1429 2667 τοῖς
1456 2589 1529 2684 τῆς

321 2706 448 2784 ἑαυτοῦ
476 2706 696 2808 δυστροπῖας
725 2707 906 2786 ὑποθεῖναι
935 2713 1077 2802 κακοῖς;
1111 2703 1134 2807 ἢ
1162 2708 1217 2790 τίς
1244 2705 1289 2786 ἂν
1314 2704 1432 2814 ἕλοιτο
1460 2709 1527 2786 καὶ

322 2829 558 2934 δορυκτὴτοος
579 2827 773 2930 ποιήσαιτο
799 2827 882 2913 τούς
906 2828 973 2929 τὴν
991 2831 1091 2910 θείαν
1108 2829 1256 2934 ε”χοντας
1272 2829 1492 2935 παντευχίαν
1508 2863 1521 2928 ;

322 2953 440 3034 ὅπλον
459 2954 563 3054 ούνὴ
587 2954 721 3050 πίστις,
739 2951 894 3058 άῤῥαγές
917 2987 954 3032 τε
986 2955 1045 3033 καὶ
1068 2950 1202 3051 πλατύ,
1221 2955 1280 3032 καὶ
1303 2949 1370 3052 τὴν
1391 2955 1430 3032 ἐκ
1455 2960 1524 3033 τοῦ
1542 2991 1547 3028 :

293 3084 450 3158 επαθεῖν
478 3077 620 3158 οἴεσθαί
652 3110 688 3157 τι
722 3074 833 3181 τυχὸν
861 3076 1065 3180 ἀποτρέπον
1103 3078 1250 3175 δειλίαν,
1280 3074 1448 3180 άπρακτά
1480 3111 1524 3156 τε

322 3207 508 3285 παντελοῦς
540 3204 599 3280 καὶ
630 3199 787 3300 άνύνητα
815 3206 1002 3286 παντελῶς
1035 3208 1109 3284 τοῖς
1139 3199 1347 3304 πειράζουσι
1378 3199 1425 3280 τά
1455 3205 1522 3298 τῆς

322 3324 491 3427 πονηρίας
516 3325 634 3404 αὑτῶν
652 3326 854 3404 ἀποτελοῦν
871 3321 980 3425 βέλη.
1020 3324 1163 3430 ἔχοντος
1188 3322 1225 3404 δὲ
1250 3327 1343 3404 οὕτω
1366 3331 1430 3403 τοῦ
1455 3327 1523 3422 τῆς

320 3449 477 3532 πίστεως
495 3445 619 3550 λύγου,
638 3445 751 3527 πάλιν
767 3449 878 3527 ε’κεῖνο
901 3445 1146 3527 διασκεπτέον·
1179 3445 1429 3526 διεκελεύσατο
1446 3446 1523 3550 γὰρ

319 3572 502 3651 πιστεύειν
535 3567 675 3669 αύτούς,
707 3571 772 3650 οὑκ
809 3577 855 3656 εἰς
890 3570 1002 3669 μόνον
1030 3571 1083 3651 τὸν
1111 3568 1204 3668 Θεὸν,
1236 3569 1338 3649 άλλύ
1376 3573 1434 3650 καὶ
1471 3579 1547 3658 sis:

319 3691 437 3790 αὑτὸν,
458 3695 526 3798 ούχ
542 3695 590 3778 ὡς
608 3690 729 3796 ἕτερόν
746 3727 781 3772 τι
798 3691 899 3796 παρὰ
917 3691 981 3773 τὸν
999 3691 1086 3773 ὄντα
1103 3691 1215 3799 φύσει
1233 3689 1329 3774 Θεὸν
1347 3691 1522 3796 ὑπάρχων

320 3816 437 3915 αὑτὸς,
466 3815 557 3896 ὅσον
584 3821 633 3900 είς
665 3815 791 3901 ούσίας
823 3815 1026 3916 ταυτότητα
1058 3815 1167 3918 λέγω,
1198 3815 1283 3894 ἀλλ’
1314 3814 1370 3896 ὸτι
1398 3816 1440 3896 τὸ
1468 3821 1520 3900 εἰς

321 3939 416 4020 Θεὸν
446 3947 655 4036 πιστεῦσαι,
686 3937 724 4018 έν
756 3972 796 4019 τε
826 3937 943 4047 τούτῳ
975 3936 1075 4048 μόνῳ
1109 3946 1161 4046 τῷ
1192 3937 1325 4044 ῥήματι
1361 3936 1424 4018 τὸν
1452 3943 1520 4040 τῆς

318 4064 476 4148 πίστεως
498 4061 636 4143 οἴεσθαι
657 4064 730 4141 δεῖν
747 4069 1053 4166 συμπεπερῦσθαι
1070 4061 1199 4166 λύγον,
1220 4063 1417 4161 Ἰουδαϊκῆς
1439 4095 1519 4145 πως

152 4207 267 4265 vm.
290 4189 419 4267 ιε’στὶν
438 4185 602 4270 ὑπονοίας
620 4185 719 4282 ἰ’διον,
733 4183 775 4266 τὸ
794 4182 834 4264 δὲ
853 4192 899 4292 τῇ
917 4193 966 4271 είς
982 4185 1078 4266 Θεὸν
1095 4187 1215 4268 πίστει
1232 4183 1517 4288 συνεισάγεσθαι
1532 4210 1547 4267 3

354 4381 381 4430 ⁴·
399 4359 671 4419 ωῦοωὸ.ο.()οτύ.
711 4359 820 4447 ρΕιιιύπι
833 4361 1076 4418 Θιοῦαοί.ἱακύ
1090 4361 1271 4433 Proph.51d,
1285 4362 1371 4434 ⁶43²·
1440 4365 1516 4446 533·

317 4451 437 4647 ’ἑᾞηί
451 4513 544 4561 ,πα
561 4431 925 4560 πλεξῖύὸῖὸωω
944 4441 1517 4576 &35⁰1ssss&siifllss‘ss'fssssffifi

322 4591 422 4646 141v.
