3274 5118
123 356 323 450 xvi.12,·13.
354 357 412 422 IN
446 357 479 421 s.
504 355 764 421 JoANNEM.
809 356 906 421 ως.
931 357 972 422 x.
1018 359 1120 422 οκς.
1145 359 1192 422 11.
1261 359 1323 422 σου

124 521 278 625 ἀρχαίας
299 524 505 616 ἀποπεσεῖν,
524 518 800 627 ἐκφαυλίζεσθαι
819 518 857 599 δὲ
877 524 960 618 δεῖν,
985 525 1040 600 καῖ
1065 525 1103 600 ἐν
1128 527 1179 630 τῷ
1201 524 1323 621 μηδενὶ

123 643 297 751 τετάχθαι
315 645 415 755 λόγῳ
433 643 533 749 παρὰ
550 651 623 724 τῶν
640 642 847 742 σεβομένων
866 645 974 724 Θεόν.

174 765 357 876 ’Ἄρχοντα
374 766 487 872 γεμήν
505 771 560 850 τιῧ
579 767 693 854 αίιῖιις
710 766 824 849 τούτου
841 766 1010 867 κέκληκεν
1028 770 1048 848 ὁ
1067 764 1170 868 Θεὸς,
1189 769 1256 874 οὐχ
1275 771 1353 852 ὡςο
1375 790 1440 844 02³
1451 788 1491 844 A.

124 890 214 972 ὅντα
236 901 342 975 τοῦτο
367 893 459 976 κατὰ
481 892 664 995 ἀλήθειαν,
683 895 750 1001 οὐχ
768 897 816 979 ὡς
834 896 1003 980 οὐσιῶδες
1025 896 1153 1000 ἔχοντα
1171 893 1323 1004 ἅξιωμα,

88 1035 108 1096 5
124 1019 220 1124 φημὶ
237 1017 282 1118 δή
300 1017 342 1099 τὸ
361 1016 538 1099 δύνασθαι
556 1024 709 1120 κρατεῖν,
730 1017 814 1096 ἀλλ’
835 1020 883 1101 ὡς
901 1017 945 1125 ἐξ
960 1018 1097 1118 ἀπάτης
1116 1021 1174 1100 καὶ
1192 1030 1323 1100 πλεον-

123 1139 223 1246 εξίας
249 1139 316 1242 τὴν
339 1144 397 1224 ἐπὶ
417 1141 532 1250 τούτῳ
557 1141 669 1252 δόξαν
690 1140 1000 1244 ἀποκερδαίνοντα,
1020 1144 1078 1222 καὶ
1106 1145 1155 1227 ὡς
1182 1145 1220 1222 ἐν
1248 1150 1322 1227 τοῖς

122 1267 372 1366 πλανωμένοις
396 1266 447 1347 ἔτι
472 1265 671 1371 κρατοῦντά
688 1298 726 1345 τε
745 1267 804 1345 καὶ
822 1265 990 1372 ἄρχοιτο,
1009 1263 1068 1347 διὰ
1085 1264 1150 1366 τήν
1168 1269 1322 1346 ἐνοῦσαν

123 1390 244 1474 αὐτοῖς
273 1389 547 1496 μοχθηροτάτην
578 1391 799 1494 προαίρεσιν,
831 1392 912 1471 καθ’
948 1389 993 1490 ἣν
1021 1397 1067 1496 τῇ
1099 1389 1223 1496 πλάνῃ
1257 1390 1321 1470 τὸν

123 1517 253 1594 οἰκεῖον
279 1513 553 1618 προσδήσαντες
582 1523 676 1612 νοῦν,
705 1511 924 1620 ἀδιάφυκτον
951 1513 1075 1620 ἔχουσι
1102 1518 1166 1614 τῆς
1187 1520 1318 1619 αἰχμα-

71 1673 110 1713 10
123 1642 264 1727 λασίας
295 1639 359 1723 τόν
387 1640 535 1748 βρόχον,
565 1641 677 1722 καίτοι
708 1645 893 1744 διαδρᾶναι
924 1640 1042 1744 παρὸν
1072 1643 1125 1723 ἐπ’
1154 1641 1355 1749 ἕξουσίαςο

123 1766 254 1865 αὐτοῖς,
284 1765 342 1847 διὰ
375 1767 529 1850 πίστεως
562 1769 625 1866 τῆς
663 1771 711 1849 εἰς
742 1765 908 1868 Χριστὸν
939 1765 1242 1866 μετατεθειμὲνως
1273 1773 1322 1850 εἰς

124 1889 321 1992 ἐπίγνωσιν
348 1899 413 1971 τοῦ
438 1889 528 1970 κατὰ
557 1888 730 1990 ἀλήθειαν
755 1886 857 1973 ὄντος
883 1895 992 1970 Θεοῦ.
1030 1889 1137 1970 νόθον
1162 1891 1225 1970 οὖν
1251 1892 1321 1994 ἄρα

123 2011 167 2092 τό
192 2017 256 2114 τῆς
279 2017 393 2120 ἀρχῆς
418 2012 531 2111 ὄνομα
555 2019 607 2120 τῷ
631 2018 784 2120 σατανᾷ,
804 2019 969 2119 φυσικῶς
992 2014 1057 2112 μὲν
1075 2015 1117 2091 οὐ
1141 2011 1232 2117 πρὸς
1255 2013 1320 2093 τὸν

124 2136 231 2235 Θεὸν,
250 2140 287 2218 ἐν
305 2137 343 2218 δὲ
361 2143 407 2242 τῇ
425 2145 496 2218 τῶν
514 2137 760 2236 πλανωμένων
778 2137 951 2242 βδελυρίᾳ
970 2133 1242 2238 διασωζόμενον.

72 2374 194 2458 ι5Ἔτι
225 2378 333 2442 πολλὰ
367 2373 438 2454 ὑμῖν
472 2379 538 2466 ἔχω
568 2381 682 2458 λέτειν,
713 2379 782 2444 ἀλλ’
814 2379 852 2444 οὐ
880 2379 1017 2446 δύνασθε
1045 2381 1209 2468 βαστάζειν
1236 2379 1370 2468 ἀρτιιι

176 2503 255 2568 ὅταν
290 2501 326 2568 δὲ
362 2503 442 2593 ἔλθη
477 2499 613 2585 ἐκεῖνος,
647 2503 685 2570 τὸ
721 2511 847 2580 πνεῦμα
879 2506 938 2570 τιῖο
973 2502 1137 2584 ἀλαθείας,
1164 2503 1318 2578 δδιιτιίσει
1337 2525 1372 2581 13

175 2629 258 2703 ὑμᾶς
285 2625 332 2694 εἷο
358 2634 466 2696 πᾶσαν
493 2629 553 2696 τήν
580 2631 745 2696 ἀλήθειαν·
792 2629 829 2695 οὐ
858 2631 917 2718 τὰρ
944 2631 1080 2696 λαλήσει
1106 2630 1161 2716 ἀφ’
1191 2632 1319 2714 ἑαυτοῦ,

176 2753 245 2817 ἀλλ’
280 2755 341 2821 ὅσα
377 2754 416 2820 ἂν
451 2756 575 2846 ἀκούσιρ
612 2757 758 2836 λαλίισει,
791 2755 843 2820 καὶ
879 2755 918 2820 τὰ
954 2756 1116 2844 ἐρχόμενα
1151 2723 1350 2833 ἀνοιττελεῖο

175 2873 257 2955 ὑμῖν.

72 3077 111 3119 20
183 3040 536 3139 Πλεονεκτουμίνους
568 3040 637 3139 ἤδη
667 3047 744 3124 ταῖς
774 3043 812 3119 ἐκ
842 3048 906 3119 τοῦ
936 3046 1061 3138 μαθεῖν
1089 3042 1135 3120 τὰ
1167 3039 1321 3140 ἐσόμενα

127 3164 338 3262 δυσθυμίαις
365 3163 488 3266 εὑρὼν,
508 3166 566 3243 καὶ
594 3161 784 3270 ἀφορήτως
812 3163 958 3266 ἔχοντας
985 3163 1077 3267 πρὸς
1099 3163 1146 3244 τὰ
1169 3165 1320 3274 ἔσεσθαι

125 3286 422 3388 προσδοκώμενα·
450 3285 664 3390 πεπλήρωκε
682 3285 764 3389 γὰρ,
783 3289 911 3393 φησὶν,
929 3287 952 3386 ἡ
972 3285 1070 3388 λύπη
1087 3286 1154 3388 τήν
1172 3290 1320 3391 καρδίαν
1365 3315 1446 3381 Supra

126 3410 235 3506 ὑμῶν·
275 3413 333 3490 καὶ
360 3417 437 3494 ταῖς
464 3417 537 3490 τῶν
564 3410 692 3512 ἑτέρων
714 3407 939 3513 προσθήκαις
962 3407 1230 3517 καταφορτίζειν
1251 3412 1315 3491 αὐ·
1365 3396 1416 3431 ver.
1429 3381 1452 3430 δ’

125 3531 206 3618 τοὺς
240 3535 304 3614 οὐκ
340 3531 429 3642 ᾤετο
465 3537 546 3632 δεῖν,
578 3533 817 3638 καταχωννύει
850 3531 889 3612 δὲ
921 3530 1047 3637 ὥσπερ
1080 3540 1128 3619 εῖς
1160 3537 1320 3639 εὔκαιρον

75 3689 111 3750 25
125 3655 278 3758 σιωπήν,
295 3657 468 3758 πλήττειν
485 3659 527 3737 οὐ
549 3659 698 3761 μετρίως
720 3653 847 3740 αὐτοὺς
870 3655 963 3736 κατά
984 3691 1027 3760 γε
1049 3656 1091 3738 τὸ
1114 3659 1205 3745 εἰκὸς
1222 3657 1242 3740 δ
1261 3661 1319 3740 καὶ

124 3779 170 3861 τὰ
188 3781 318 3890 ἐφεξῆς
336 3781 523 3887 ἰσχύοντα,
543 3783 666 3886 καὶτῇ
689 3777 748 3860 διὰ
772 3788 836 3860 τοῦ
855 3780 1064 3880 Πνειίματος
1089 3782 1319 3890 ἀποκαλύψει

125 3941 162 3986 τε
186 3909 244 3986 καὶ
267 3905 488 4014 φωταγωγίᾳ
512 3910 558 4011 τῇ
584 3901 677 3986 κατὰ
703 3902 826 4008 καιρόν
854 3901 1008 4010 ε’σομίιηρ
1033 3905 1096 3987 τὸν
1122 3906 1256 4004 δέοντα,
1275 3903 1352 3988 τόδ

124 4033 248 4110 λεῖπον
266 4031 384 4114 αὐτοῖς
409 4035 457 4115 εἰς
482 4035 620 4131 γνῶσιν
636 4025 815 4130 τετήρηκε.
856 4025 949 4134 τάχα
968 4029 1006 4108 δὲ
1026 4031 1084 4109 καὶ
1102 4033 1318 4116 ἀτονοῦντας

125 4153 173 4232 ἔτι
191 4155 272 4256 περὶ
285 4153 351 4253 τήν
364 4161 427 4234 τοῦ
440 4153 641 4256 μυστηρίου
655 4149 866 4260 κατάληψιν
876 4151 1071 4255 θεωρήσας,
1084 4149 1142 4232 διὰ
1156 4152 1198 4233 τὸ
1209 4155 1317 4253 μήπω

159 4329 185 4383 ³·
203 4315 398 4386 dmumpmm
411 4331 443 4369 ex
457 4313 574 4369 eatenis.
680 4311 707 4368 6.
719 4311 801 4384 ταὺτιρ
815 4311 847 4366 Ε.
860 4309 931 4366 (λιιι.
943 4315 1020 4366 τοῦτο
1033 4310 1084 4366 Ed.
1192 4329 1218 4382 9.
1232 4333 1317 4382 προσ-

125 4382 249 4453 δήσαντες
260 4384 326 4440 m.
339 4383 391 4440 Ed.
402 4403 458 4456 mg.
469 4383 698 4455 προσδοκήσαντες
711 4382 764 4438 Ed.
938 4397 980 4452 13.
998 4384 1043 4436 τδν
1055 4395 1225 4453 assumptum
1237 4401 1270 4438 ex
1284 4383 1317 4440 Ε.

125 4455 188 4526 πρὸς
199 4455 245 4508 τδν
256 4453 335 4526 Θεδν]
348 4477 367 4526 γ
385 4457 506 4526 ,προσὸν
519 4455 622 4526 Migno.
801 4466 842 4524 15.
854 4452 914 4522 ὑμῖν
924 4452 977 4522 ἔχω
989 4452 1076 4524 λέγειν
1087 4452 1140 4509 hoe
1151 4451 1244 4508 ordine
1257 4454 1289 4508 E.
1311 4493 1318 4510 .

124 4525 174 4596 ίχιι
187 4524 345 4596 λίγιινῦμῖν
357 4476 409 4581 βά.
456 4524 581 4580 δύνασθαι
595 4525 628 4580 Ε.
730 4523 771 4578 16.
787 4523 815 4578 δι’
827 4539 918 4577 mum
938 4531 996 4578 tum
1009 4541 1041 4578 ex
1054 4523 1115 4596 Rp.
1210 4541 1254 4580 ατ.
1272 4473 1318 4596 τήν

124 4595 227 4666 καρδίαν
240 4597 272 4651 E.
284 4597 330 4654 τὰς
341 4597 445 4666 καρδίας
457 4595 509 4652 Εδ.
660 4609 702 4666 25.
723 4591 908 4649 Delendumne
919 4541 954 4646 δι

165 4697 235 4744 νου.
253 4697 290 4744 11.
702 4696 725 4758 4
739 4695 759 4740 L
