3238 5114
116 351 196 415 xvii.
214 352 323 437 18,19.
362 351 419 416 IN
450 351 483 415 S.
508 350 764 416 JOANNEM.
810 350 907 414 LIB.
931 349 992 414 XI.
1038 349 1198 415 CARX.
1259 351 1322 414 719

117 515 195 596 οἷον
222 517 499 619 μεμερισμένως.
532 515 792 600 ἱδιοσυστάτως
819 514 977 619 μὲνγὰρ
1003 512 1095 596 εἷναί
1121 521 1240 622 φαμεν
1258 513 1322 594 τὸν

117 638 221 736 Υἱὸν,
253 639 463 744 ἐνυπάρχειν
495 639 533 720 δέ
563 641 608 720 αὖ
639 645 691 746 τῷ
724 640 800 748 ίδίιρ
835 638 1031 743 γεννήτορι,
1067 643 1126 719 καὶ
1160 637 1252 742 ἔχειν
1284 641 1323 717 έν

118 764 235 870 ἑαυτῷ
271 762 335 842 τὸν
370 763 606 866 γεννήσαντα.
654 762 709 843 ὅτι
742 763 780 843 δέ
810 763 852 843 τό
882 772 946 844 τοῦ
980 761 1126 866 Πατρός
1157 767 1320 859 Πνεῦμα,

120 891 271 984 Πνεῦμα
294 889 456 992 φαίνεται
480 897 545 968 τοῦ
562 893 664 986 Υίοῦ,
683 890 742 967 καὶ
767 895 831 968 τοῦ
851 887 997 990 Πατρός
1020 888 1223 986 πέμποντος
1245 887 1323 986 ἤτοι

70 1035 101 1096 5
120 1009 297 1109 διανέμειν
314 1011 630 1114 ἐπαγγελλομένου
653 1018 727 1096 τοῖς
754 1013 868 1113 ἁγίοις
890 1009 987 1110 αῦτὸ,
1006 1013 1192 1092 διαδίδωσι
1208 1009 1323 1091 πάλιν

120 1138 170 1217 ὡς
189 1134 278 1215 ἰ’διου
297 1137 317 1214 ὁ
336 1134 433 1232 Υἱὸς,
453 1133 511 1215 διὰ
534 1133 601 1236 τὴν
618 1133 819 1236 ταυτότητα
836 1139 900 1235 τῆς
925 1136 1050 1221 οάσίας
1072 1135 1115 1236 ἧς
1139 1133 1210 1240 ἔχει
1232 1127 1323 1235 πρὸς

120 1257 187 1338 τὸν
202 1260 359 1362 Πατέρα,
375 1265 433 1339 καὶ
451 1257 505 1339 ότι
523 1257 615 1364 πρὸς
632 1265 706 1340 πᾶν
721 1260 840 1339 ὁτιοῦν
858 1257 1000 1361 ἐνεργὸς
1018 1261 1038 1340 ό
1054 1255 1183 1362 Πατὴρ
1202 1259 1244 1336 δι’
1260 1259 1321 1337 αά-
1337 1292 1356 1336 ο

120 1389 199 1478 τοῦ,
215 1383 434 1487 σαφέστατα
451 1380 563 1463 πάλιν
582 1381 688 1467 αὐτὸς
707 1381 962 1484 διαμεμήννκεν
981 1383 1089 1464 εἶπάν
1106 1393 1127 1431 “
1143 1381 1322 1488 Συμφέρει
1367 1383 1455 1514 Ἣ

122 1516 145 1552 “
165 1507 247 1601 ὑμῖν
263 1507 321 1585 ἵνα
340 1505 411 1607 ἐγὼ
430 1507 590 1587 ἀπέλθω·
626 1505 688 1586 ε’ἀν
711 1505 785 1610 γὰρ
802 1507 853 1606 μὴ
872 1507 1031 1604 ἀπέλθω,
1050 1510 1070 1586 ὁ
1091 1505 1322 1608 παράκλητος

53 1669 107 1710 ιο
123 1640 144 1676 “
164 1630 206 1708 οῦ
236 1628 286 1729 μὴ
318 1627 407 1736 έλθη
432 1629 522 1733 πρὸς
548 1632 650 1725 ῦμᾶς·
692 1629 779 1710 ὅταν
807 1631 844 1711 δέ
872 1630 1028 1729 ἀπέλθω,
1049 1631 1186 1737 πέμψω
1214 1629 1323 1709 αὐτόν

723 1761 731 1784 2
778 1753 788 1781 Ι

123 1765 144 1800 “
164 1753 256 1855 πρός
292 1755 419 1852 ῦμᾶς,”
455 1755 493 1833 ἐν
530 1755 660 1856 ἑτέροις
704 1788 812 1834 ειπων
849 1765 871 1802 “
888 1752 1001 1855 Κάγὼ
1048 1754 1218 1857 ἐρωτήσω
1259 1751 1323 1832 τὸν
1369 1770 1408 1886 11⁶».
1423 1772 1473 1820 xiv.

123 1889 146 1924 “
167 1877 313 1979 Πατέρα
342 1881 399 1957 καὶ
428 1878 545 1957 ἀλλον
566 1879 810 1981 Παράκλητον
838 1880 945 1959 δώσει
966 1879 1081 1977 ῦμΐν·”
1117 1876 1324 1984 ἀναφανδὸν
1372 1851 1410 1887 ¹⁸

123 2007 162 2082 ἐν
189 2000 327 2085 τούτοις
350 2001 456 2086 αὐτὸς
481 2001 565 2101 ἡμῖν
585 2000 650 2082 τὸν
677 2003 911 2104 παράκλητον
932 2002 1181 2109 καταπέμψειν
1208 2003 1320 2104 ἐπαγ-

124 2124 307 2229 γέλλεται.

65 2285 110 2342 ¹5
180 2247 328 2348 Ἐπειδῆ
358 2251 477 2330 τοίνυν
504 2250 789 2354 προβέβληνται,
813 2257 938 2355 φησὶν,
958 2256 1006 2334 είς
1028 2249 1242 2349 ἀποστολὴν
1261 2248 1326 2349 τὴν

125 2376 163 2452 ἐν
193 2373 320 2480 κόσμῳ
348 2372 430 2453 καθ’
461 2374 653 2475 ὁμοιότητα
685 2373 751 2474 τὴν
779 2374 877 2474 ε’μῆν,
909 2378 942 2454 οὶ
972 2381 1046 2458 τοῖς
1076 2376 1172 2472 ἐμοῖς
1203 2371 1327 2474 λόγοις

124 2497 424 2600 προσεδρεύοντες
456 2500 615 2598 μαθηταί
640 2500 776 2605 Τῆρησιι
804 2495 940 2594 αῦιοῦς,
970 2495 1051 2601 ι’ίγιι
1080 2497 1203 2604 Πάτερ,
1232 2500 1262 2578 ἐι
1290 2501 1329 2605 τῆ

125 2620 268 2730 ἀληθείᾳ
296 2657 366 2716 σου,
386 2624 570 2702 τουτέστιν
593 2625 699 2730 ἐντῷ
721 2629 779 2729 σῷ
799 2619 923 2729 Λόγῳ,
946 2625 983 2702 ἐν
1001 2618 1030 2730 ᾧ
1059 2625 1117 2700 καὶ
1146 2623 1188 2701 δι’
1215 2621 1256 2700 οῦ
1284 2619 1361 2704 τόδ

125 2743 270 2846 ἁγιάζον
289 2747 371 2824 ἐστί
385 2779 424 2825 τε
443 2749 500 2825 καὶ
523 2743 667 2849 πρόεισι
687 2751 846 2846 Πνεῦμα.
888 2749 945 2824 καὶ
966 2746 1018 2830 τίς
1041 2753 1154 2825 ταῦτα
1183 2744 1327 2847 λέγοντι

70 2905 112 2944 20
125 2873 176 2972 τῷ
196 2872 337 2968 Σωτῆρι
362 2869 524 2964 σκοπός;
556 2872 612 2974 ἐφ’
633 2871 725 2968 ἡμᾶς
753 2867 881 2952 αὐτοῦς
909 2869 973 2949 τὸν
999 2874 1037 2949 ἐν
1057 2869 1241 2966 Πνεόματι
1268 2872 1327 2947 καὶ

126 2990 185 3070 διὰ
205 2991 414 3089 Πνεῦματος
434 2992 617 3095 ἁγιασμόν
635 2992 754 3072 ἐκάλει
776 2993 877 3096 παρά
898 2991 1054 3096 Πατρός,
1080 2997 1137 3072 καὶ
1166 2993 1254 3094 ὅπερ
1281 2991 1327 3090 ἦν

126 3118 163 3194 ἐν
182 3117 265 3214 ἡμῖν
284 3114 356 3194 ἀπὸ
374 3115 527 3217 πρώτων
544 3120 608 3216 τῆς
626 3113 797 3217 γενέσεως
819 3118 959 3220 χρόνων
978 3120 1035 3196 καὶ
1061 3119 1099 3195 ἐν
1118 3119 1245 3220 ἀρχαῖς
1262 3124 1326 3195 τοῦ

126 3243 345 3336 πεποιῆσθαι
363 3239 462 3341 παρὰ
481 3246 587 3336 Θεοῦ,
606 3247 711 3320 τοῦτο
729 3237 842 3320 πάλιν
862 3243 900 3319 έν
918 3241 1002 3340 ἡμῖν
1019 3240 1327 3342 ἀναζωπυρεῖσθαι

127 3361 306 3455 βούλεται.
344 3367 401 3442 καὶ
423 3361 535 3443 ταῦτά
555 3372 684 3470 φαμεν,
703 3363 765 3444 ότε
788 3363 832 3464 δὴ
856 3365 1103 3464 μεσιτεύοντος
1122 3365 1180 3442 καὶ
1203 3361 1328 3442 τὸτοῦ

74 3485 361 3585 ο5παρακλήτου
385 3485 586 3590 πρόσωπον
604 3491 899 3589 ἀποπληροῦντος
923 3487 1011 3590 ῦπέρ
1034 3488 1133 3586 ἡμῶν
1151 3486 1241 3588 πρὸς
1264 3487 1328 3566 τὸν

127 3613 164 3690 ἐν
194 3617 267 3693 τοῖς
298 3611 458 3712 οῦρανοῖς
489 3613 635 3712 Πατέρα
667 3620 731 3692 τοῦ
763 3619 1005 3712 Μονογενοῦς.
1059 3614 1142 3690 ἀλλ’
1177 3612 1235 3692 ἵνα
1264 3615 1327 3705 τῆς

127 3735 305 3838 ἀσαφείας
334 3737 390 3813 καὶ
419 3733 483 3814 τὸν
513 3739 569 3814 ἐπὶ
599 3737 714 3842 τούτῳ
745 3735 860 3837 λόγον
888 3734 1194 3826 ἀπαλλάττοντες,
1223 3735 1325 3815 εὐκά·

127 3892 261 3936 τοπτον
290 3863 363 3940 τοῖς
389 3855 624 3960 ἀκροωμένοις
650 3859 716 3958 τῆν
742 3867 813 3938 τῶν
831 3859 1021 3964 εἰρημένων
1039 3857 1328 3958 καταστήσωμεν

128 3981 290 4076 δύναμιν,
310 3981 396 4084 φέρε
417 4015 450 4059 τι
469 3979 589 4084 βραχὺ
607 3987 686 4085 περὶ
705 3993 768 4062 τοῦ
786 3981 1079 4085 πρωτοπλάστου
1097 3981 1272 4082 λέγωμεν.

76 4147 114 4200 30
177 4102 282 4204 Ἔφη
311 4103 430 4182 τοίνυν
463 4109 628 4203 Μωυσῆς
662 4108 682 4185 ὁ
711 4106 902 4189 θεσπέσιος
935 4111 1015 4204 περὶ
1045 4107 1165 4202 αὑτοῦ,
1195 4105 1249 4184 ὅτι
1281 4103 1356 4204 δῆα
1375 4141 1492 4196 988A.

128 4237 216 4330 χοῦν
243 4228 316 4306 ἀπὸ
344 4230 411 4330 γῆς
439 4226 567 4322 λαβὼν
590 4230 610 4307 ὁ
630 4228 723 4312 Θεὸς
750 4230 889 4308 έπλασε
915 4227 978 4308 τὸν
1007 4229 1209 4329 ἄνθρωπον.
1250 4225 1325 4308 εἶτα
1369 4241 1433 4288 (³⁰¹¹-
1446 4241 1470 4289 ἢ·

127 4351 170 4432 τὸ
207 4351 296 4458 ζῷον
325 4357 372 4435 εἰς
405 4350 468 4430 τὸν
500 4349 636 4431 τέλειον
668 4353 766 4454 ἀγων
796 4353 1035 4454 ἀπαρτισμὸν,
1068 4353 1164 4436 ὅπως
1196 4389 1233 4432 τε
1267 4357 1324 4432 καὶ
1372 4315 1393 4368 ⁷⁸

128 4477 208 4554 τίνα
235 4475 368 4576 τρόπον
394 4475 567 4580 ἐψυχώθη
596 4477 775 4555 διδάσκων
801 4475 1045 4582 ε’ένεφόσησε,
1069 4481 1193 4582 φησὶν,
1212 4483 1259 4562 εἱς
1283 4475 1324 4556 τὸ
1369 4513 1408 4564 1b.
