3118 5132
299 327 364 392 390
602 331 643 395 Β.
666 329 875 396 CYRILLI
905 329 1195 396 ALEXANDR.
1364 326 1438 392 xiii.
1458 339 1529 411 35.

299 491 337 568 ἐν
366 491 462 598 αὐτῷ
493 491 565 596 γοίρ
592 493 765 600 συνήφθη
792 492 837 573 τά
867 492 997 593 πάντα,
1025 492 1071 574 τὰ
1099 493 1197 574 κάτω
1223 499 1298 576 τοῖς
1326 492 1412 588 ἀνω,
1449 491 1529 568 καὶ

211 603 215 610 ’
299 613 342 692 δι’
362 615 471 695 αι’νιοῦ
497 615 781 718 κατηλλάγημεν
803 622 855 724 τῷ
878 622 962 725 θεῷ
985 620 1044 697 καί
1064 619 1195 721 Πατρί,
1213 617 1327 697 καίτοι
1351 611 1527 712 πολλὴν

298 737 336 815 έν
365 740 493 844 ἀρχαῖς
524 738 819 842 ἐπιτηδεύσαντες
851 738 917 839 τήν
943 739 1163 837 ἀπόστασιν,
1192 738 1251 819 διά
1279 735 1347 838 τήν
1373 743 1424 821 εἰς
1469 735 1526 816 τὸ

131 879 247 939 παις.
269 865 446 1014 οφμῦλον
472 863 693 966 ἀναδρομὴν,
719 866 778 944 καὶ
805 869 854 948 εἰς
881 862 945 944 δόο
971 861 1059 944 ποτὲ
1070 864 1340 1016 μεμερισμένοι
1371 859 1521 956 λαοὺς,

130 987 223 1115 Εφλ·
189 1005 233 1041 ·²¹·
275 981 349 1068 ἐἰς
376 1019 415 1065 τε
438 984 485 1065 τά
512 986 596 1086 ἔθνη
623 989 683 1066 καί
710 984 774 1066 τὸν
796 984 962 1090 Ἰσραήλ,
989 991 1039 1072 εἰς
1067 987 1129 1067 ἕνα
1156 985 1279 1066 κοινὸν
1306 986 1540 1088 ἄνθρωπον

131 1119 171 1170 lb
183 1133 221 1183 ιι
299 1109 551 1265 έκτίσθημεν’
533 1145 570 1190 εν
589 1111 698 1219 αῦτφ·
730 1109 879 1191 λέλυται
900 1109 973 1214 γὰρ
994 1108 1037 1190 τό
1055 1109 1271 1215 μεσότοιχον
1288 1143 1353 1190 του
1336 1114 1518 1216 φραγ·

298 1241 382 1332 μαῦ,
403 1236 462 1314 καί
481 1232 702 1338 κατήργηται
719 1237 783 1336 τῆς
807 1233 982 1340 ἔχθρας
961 1269 984 1333 η
1009 1233 1169 1335 δύναμις,
1186 1231 1423 1336 δόγμασιν’
1387 1265 1515 1334 ευαγ-

298 1363 457 1510 μελικοῖς
483 1358 817 1512 κατμσιγασθέντος
842 1365 906 1438 τοῦ
932 1357 1056 1456 νόμου·
1086 1364 1164 1442 πῶς
1189 1356 1235 1437 ἀν
1256 1357 1520 1460 ἐγνώσθησαν

298 1515 354 1561 οτι
384 1485 449 1582 τῆς
485 1479 624 1586 εἰρήνης
659 1479 835 1584 γεγόνασι
873 1483 1098 1581 μαθηταὶ
1066 1516 1099 1561 οι
1131 1479 1199 1580 τήν
1229 1485 1277 1565 εἰς
1312 1479 1518 1578 ἀλλήλους

299 1601 441 1707 εἰρήνην
458 1605 522 1685 οῦκ
541 1605 708 1710 έχοντες;
741 1605 779 1685 τί
794 1603 866 1756 γὰρ
884 1603 1056 1707 ἕτερον’
1022 1639 1075 1705 ειη
1093 1603 1243 1754 τηχὸνὸ
1267 1607 1332 1703 τῆς
1355 1601 1515 1704 ἀγάπης
1536 1637 1542 1676 1

300 1725 589 1828 διασπασμδς,
570 1765 593 1830 η
621 1728 784 1828 πολέμου
811 1727 953 1830 γένεσις
975 1731 1034 1808 καί
1061 1727 1200 1831 εἰρήνης
1225 1725 1410 1830 ἀνατροπὴ
1441 1728 1514 1805 καὶ

301 1851 471 1956 διφυχίας
507 1851 654 1954 ἀπάσης
690 1855 855 1956 εὕρεσις;
901 1847 1026 1955 ὥσπερ
1065 1851 1137 1955 γὰρ
1178 1853 1217 1932 έν
1251 1853 1403 1955 ἀῤῥαγεῖ
1435 1853 1514 1949 τῆς

265 1970 444 2076 οάγάπης
462 1977 657 2086 συνδέσμῳ
674 1975 721 2057 τὰ
738 1979 776 2058 ἐκ
793 1979 858 2076 τῆς
875 1974 1015 2079 εἰρήνης
1034 1974 1118 2074 ἡμῖν
1136 1973 1256 2076 ἀγαθὰ
1274 1971 1510 2075 διασώζεται·

300 2095 365 2178 τόν
382 2096 491 2181 αὐτόν
509 2095 608 2200 οἰμιιι
626 2099 761 2204 τρόπον
778 2101 816 2180 έν
834 2103 879 2204 τῇ
898 2101 962 2198 τῆς
979 2095 1121 2201 ἀγάπης
1141 2101 1294 2202 διακοπῇ
1316 2095 1414 2178 τὸέκ
1433 2104 1511 2176 τοῦ

300 2219 462 2322 πολέμου
488 2223 598 2304 κακὸν
625 2224 886 2328 παρεισδόεται.
935 2223 994 2302 καὶ
1021 2222 1060 2300 τί
1082 2220 1125 2302 τὸ
1152 2225 1312 2302 ἐντεῦθεν
1324 2254 1335 2318 ;
1377 2222 1541 2323 ὕβρειςι

300 2347 359 2424 καί
391 2348 605 2451 φιλονεικίαι
634 2351 693 2426 καί
720 2346 826 2449 §Aac
853 2349 913 2426 καὶ
940 2347 1046 2449 ὀργαὶ
1073 2349 1132 2425 καὶ
1159 2348 1267 2445 θυμοὶ
1293 2345 1353 2424 καί
1379 2347 1503 2448 ψιθυ-

299 2472 424 2570 ρισμοί
441 2473 500 2551 καί
517 2472 735 2550 καταλαλιαί
752 2472 811 2550 καὶ
830 2469 959 2576 φθόνοι
980 2471 1040 2551 καὶ
1061 2475 1135 2550 πᾶν
1152 2466 1243 2554 εἰδας
1268 2467 1508 2575 φαυλότητος

299 2591 545 2699 ἀναφαίνεται.

353 2713 524 2814 Ἀπάσης
539 2723 728 2819 τοιγαροῦν
747 2717 875 2819 ἀρετῆς
894 2719 934 2796 έν
951 2722 1003 2825 τῷ
1021 2721 1086 2816 τῆς
1104 2715 1249 2818 ἀγάπης
1268 2715 1350 2796 εἴδει
1374 2749 1412 2795 τε
1439 2715 1505 2794 καί

299 2834 421 2945 τρόπῳ
439 2839 821 2944 αυγκεφαλαιουμένης
838 2874 878 2921 τε
896 2843 955 2920 καί
973 2839 1236 2944 πληρουμένης,
1255 2837 1305 2939 μή
1327 2837 1422 2942 μέγα
1445 2869 1504 2920 τις
1520 2873 1545 2916 αι

299 2961 473 3065 φρονείτω
500 2967 573 3041 τῶν
599 2964 638 3041 έν
662 2963 747 3062 ἡμῖν
773 2963 826 3043 ἐπ’
852 2964 1008 3047 ἀσιτίαις
1044 2965 1103 3044 καί
1134 2964 1356 3070 χαμευνίαις,
1386 2961 1503 3062 ἤγουν

268 3084 354 3191 οέφ’
382 3083 616 3188 ἑτέροιςτωί
644 3093 715 3166 τῶν
742 3086 787 3194 ἐξ
812 3086 1003 3188 ἀσκήσεως
1030 3087 1167 3184 πόνοις,
1194 3093 1224 3167 εἰ
1251 3086 1302 3188 μή
1330 3083 1503 3187 διασώζοι

297 3213 419 3292 καλῶς
443 3207 509 3309 τὴν
534 3213 581 3293 εἰς
606 3207 671 3289 τόν
694 3209 856 3316 ἀδελφόν
874 3210 1074 3314 ἀγάπησιν.
1112 3210 1183 3317 ἔξω
1211 3209 1282 3315 γὰρ
1309 3219 1374 3291 τοῦ
1401 3243 1497 3310 καμ·

296 3335 432 3434 πιῆρος
450 3335 514 3432 τῆς
533 3331 674 3432 νόσσης
698 3333 852 3439 φέρεται,
872 3333 964 3414 κατοί
989 3332 1071 3418 τοῦς
1096 3341 1169 3414 τῶν
1187 3333 1341 3439 ἡνιόχων
1358 3336 1498 3433 ἀμαθε-

297 3453 456 3559 στέρους,
475 3457 754 3549 ῦπο[π]λανάται
771 3455 809 3535 δὲ
827 3456 1046 3560 κυβερνήτου
1066 3459 1178 3560 δίκην,
1200 3455 1240 3542 ῦς
1260 3457 1333 3563 ἔχει
1351 3455 1417 3557 μέν
1435 3459 1502 3554 τῆς
1516 3487 1545 3542 23

300 3575 385 3662 νεὼς
402 3575 444 3658 τὸ
461 3577 651 3678 πηδάλιον,
669 3578 733 3660 τὸν
751 3577 866 3682 γεμήν
883 3581 1102 3684 προτεθέντα
1119 3586 1172 3689 τῷ
1190 3579 1333 3689 διάπλῳ
1357 3577 1501 3662 σκοπόν

299 3701 343 3810 ἐξ
358 3702 512 3803 ἀμαθίας
530 3703 573 3782 οῦ
591 3702 806 3784 διεσώσατο.
846 3703 906 3784 διὰ
924 3713 1030 3786 τοῦτο
1049 3707 1109 3786 καὶ
1133 3707 1154 3784 ό
1179 3705 1372 3808 θαρσήσας
1390 3709 1502 3786 εἰπεῖν

216 3929 222 3944 ·
302 3835 323 3876 “
343 3831 388 3906 Εἰ
420 3823 570 3927 δοκιμὴν
602 3825 734 3930 ζητεῖτε
771 3835 835 3910 ταῦ
871 3829 909 3909 έν
939 3829 1017 3929 ἐμοὶ
1051 3836 1253 3913 λαλοῦντος
1286 3833 1451 3931 Χριστοῦ
1464 3825 1498 3924 ;”

302 3953 395 4057 φημί
430 3949 467 4031 δέ
498 3947 543 4051 δή
575 3948 640 4032 τὸν
672 3951 868 4031 θεσπέσιον
899 3955 1061 4048 Παῦλον,
1092 3954 1156 4031 οῦκ
1189 3953 1248 4030 ἐπὶ
1278 3954 1331 4057 τῷ
1363 3948 1499 4028 διώκειν

302 4075 438 4174 ἁπλῶς,
466 4074 550 4156 ἀλλ’
579 4075 618 4154 έν
644 4078 697 4182 τῷ
727 4071 818 4154 κατά
847 4071 989 4154 σκοπόν
1016 4079 1124 4153 ταῦτα
1154 4077 1244 4175 δρᾶν
1270 4071 1497 4173 ε’σεμνόνετο·
1512 4097 1545 4157 30

301 4196 343 4278 τὸ
361 4197 442 4302 γὰρ,
462 4195 570 4299 οἶμαι,
588 4203 807 4298 σωματικοῖς
825 4200 1028 4303 έπαυχῆσαι
1053 4194 1185 4296 πόνοις,
1204 4203 1278 4277 τῶν
1296 4203 1499 4304 κεφαλαιω-

307 4373 311 4380 ἰ
338 4423 361 4462 1.
380 4429 463 4463 ποντα
474 4409 506 4463 τό
518 4417 656 4480 assumpta
668 4409 746 4464 exE
867 4420 892 4476 5.
912 4408 1010 4482 κοινόν]
1024 4430 1066 4463 και
1057 4407 1187 4477 (ειο)Ε
1314 4408 1341 4464 8.
1359 4427 1497 4476 κατασιγη·

300 4477 434 4535 θέντοιΕ.
567 4497 594 4550 9.
613 4481 637 4533 οἰ
649 4487 819 4551 assumptum
831 4479 908 4536 exn.
1035 4493 1077 4546 25.
1096 4479 1273 4535 ὑποπλανΐιται
1286 4476 1425 4535 emendavi
1438 4481 1497 4549 poet

302 4547 405 4620 Migne.
419 4549 576 4604 ῦπαλανᾶται
590 4549 652 4620 (εἰς)
666 4548 738 4604 Aub-
