3274 5118
105 316 259 399 πενίη-6.
294 321 351 386 IN
383 321 416 388 S.
440 322 696 390 JOANNEM.
741 323 838 388 LIB.
862 323 904 390 X.
948 319 1125 388 CARII.
1244 319 1307 382 615

105 481 176 582 τὴν
200 485 379 594 ὠφέλειαν
403 489 605 594 κερδάνητε.
642 498 788 596 πρῶτον
814 491 880 591 μέν
906 489 979 594 γάρ
1006 487 1307 589 ἀναμνησθείσες,

106 605 157 688 ’ότι
186 615 343 713 προείποι
374 612 454 717 ἑγά,
484 613 549 696 τὸν
578 614 831 720 προεγνωκότα
867 613 1080 714 θανμάσετε,
1113 615 1171 692 καὶ
1204 609 1343 694 αύτὸςά

106 731 194 830 ὑμῖν
229 736 250 814 ό
286 745 350 818 τοῦ
388 737 550 819 κινδύνου
585 738 706 844 καιρός
742 745 791 824 είς
825 737 1080 846 πληροφορίαν
1117 739 1311 843 ἀσφαλοῦς

105 856 341 958 συμβήσεται
369 863 538 947 πίστεως·
589 864 609 942 ὁ
638 862 711 967 γάρ
740 861 840 946 είδάις
869 861 916 943 τά
945 861 1110 962 ἐσόμενα,
1139 865 1216 943 πῶς
1246 859 1312 939 ούκ

60 1005 88 1063 5
106 977 154 1060 ἀν
181 979 233 1082 εἴη
261 983 353 1064 κατά
380 985 495 1093 φύσιν
524 986 641 1082 Θεός;
672 989 731 1067 καὶ
760 985 850 1091 πρός
880 1021 923 1090 γε
953 985 1068 1094 τούτῳ
1100 984 1144 1064 τὸ
1174 983 1308 1087 ἕτερον·

108 1105 130 1184 ὅ
158 1103 230 1208 γὰρ
258 1107 302 1208 δὴ
327 1111 678 1214 προηυτρεπισμείιος
706 1113 764 1192 καὶ
791 1109 1025 1215 προεγνωκὼς
1052 1099 1108 1191 δτι
1131 1108 1307 1204 πείσεται,

108 1232 377 1342 μαλθακωτέρῳ
407 1233 473 1334 μέν
503 1233 745 1342 περιτεύξεται
778 1243 830 1344 τῷ
862 1236 980 1343 φόβῳ,
1013 1229 1310 1336 κατευμεγεθῆσει

109 1351 183 1457 γᾶρ
209 1355 340 1462 ῥαδιως
366 1357 502 1445 παντὸς
528 1367 593 1439 τοῦ
621 1361 808 1445 δοκοῦντος
838 1355 926 1440 εἶναι
953 1364 1083 1457 δεινοῦ,
1110 1353 1310 1457 ἀκλόνητόν

109 1509 150 1556 τε
191 1477 256 1559 τὸν
292 1489 376 1562 νοῦν
413 1483 452 1560 ἐν
486 1483 605 1567 αὐτοῖς
645 1481 816 1584 κτήσεται
854 1491 928 1568 τοῖς
970 1483 1106 1566 πόνοις·
1152 1480 1195 1562 τὸ
1237 1477 1338 1584 γάρο

41 1633 95 1674 10
109 1593 290 1703 ἀδοκήτως
326 1601 423 1704 οἶμαι
459 1606 542 1708 παρ’
574 1606 702 1686 ἐλπίδα
734 1611 861 1687 παθεῖν
890 1606 1104 1710 πικροτέραν
1136 1604 1207 1711 ἔχει
1239 1601 1306 1702 τὴν

109 1727 340 1830 προσβολήν·
400 1732 458 1809 καί
493 1738 583 1832 γοῦν
615 1731 636 1809 ό
673 1729 836 1838 ψάλλων
873 1731 989 1838 φησίν
1022 1741 1044 1778 “
1057 1727 1311 1828 Ἡτοιμάσθην
1354 1718 1439 1834 {2⁸35ss

111 1860 135 1898 “
151 1854 210 1932 καί
247 1853 312 1932 ούκ
343 1851 576 1958 ἐταράχθην.”
620 1859 882 1955 διαμεμνῆσθαι
914 1855 1033 1936 τοίνυν
1066 1853 1198 1934 κελεύει
1229 1849 1313 1937 τοῦς
1356 1849 1398 1900 ⁶⁰·

111 1974 274 2077 μαθητὰς
310 1985 375 2057 τοῦ
411 1975 662 2081 προειρηκότος
700 1979 819 2064 αὐτοῖς
854 1976 901 2059 τά
937 1977 1092 2078 ἐσόμενα
1127 1975 1315 2082 χρησίμως

113 2102 172 2180 καὶ
196 2101 410 2204 ἀναγκαίως.
450 2099 495 2200 ἦν
513 2099 586 2204 γάρ
614 2103 678 2182 οὐκ
707 2103 928 2210 ἀμφίβολον,
948 2101 1001 2183 ότι
1025 2100 1120 2182 Θεὸν
1143 2095 1316 2200 ἀληθινόν

52 2243 99 2303 15
115 2222 285 2330 ὑπάρχειν
314 2223 424 2306 αὐτὸν
452 2227 511 2305 καὶ
543 2224 602 2306 διά
630 2234 737 2306 τοῦτο
768 2226 1010 2312 πιστεύοντες
1050 2225 1139 2306 ἰ’διον
1166 2222 1239 2328 γάρ
1271 2219 1314 2302 τό

112 2347 232 2429 πάντα
257 2350 382 2430 είδέναι
406 2357 471 2429 τοῦ
495 2347 588 2429 κατά
613 2348 785 2450 ἀλήθειαν
807 2349 909 2435 ὄντος
932 2355 1040 2431 θεοῦ·
1072 2351 1131 2430 καί
1159 2347 1215 2428 ’ότι
1241 2352 1315 2428 τῶν

114 2475 238 2553 δεινῶν
256 2473 428 2582 ἐξελεῖται
445 2473 576 2582 ῥᾳδίως
594 2473 867 2556 πιστεύσουσιν.
1326 2569 1345 2611 Β
1370 2556 1432 2612 016
1444 2553 1472 2609 Δ

116 2703 228 2770 Ταῦτα
255 2702 292 2770 δὲ
318 2703 354 2774 ἐξ
381 2704 481 2794 ἀρχῆα
508 2704 567 2771 οὐκ
598 2698 691 2772 εἶπον
718 2700 801 2785 ὑμῖν,
824 2707 875 2773 ὄτι
905 2706 975 2784 μεθ’
1007 2703 1097 2783 ὑμῶν
1125 2704 1219 2782 ιίμιιν.
1261 2706 1347 2781 νῦν5

168 2829 204 2896 δὲ
227 2831 342 2906 ὑπάτω
365 2830 526 2920 πρὸστὸν
552 2832 726 2912 πέμψαντά
750 2855 801 2913 με,
824 2832 878 2897 καί
900 2830 1008 2898 οὐδείο
1030 2833 1066 2900 ἐξ
1090 2832 1180 2909 ὑμῶν
1202 2829 1313 2919 ἐρωτᾷ

61 2978 103 3020 20
167 2977 207 3035 με
242 2957 309 3022 Ποῦ
338 2957 490 3040 ὑπάτοις
529 2957 597 3022 ἀλλ’
633 2959 684 3025 ὅτι
719 2962 821 3024 ταῦτα
856 2957 1025 3022 λελάλιικα
1060 2951 1144 3034 ὑμῖν,
1172 2954 1192 3020 ίι
1227 2955 1347 3022 λύτιιιο

167 3081 386 3172 πεπλήρωκεν
413 3081 504 3158 ὑμῶν
530 3080 590 3148 τίιν
617 3078 764 3172 καρδίαν.

172 3227 320 3330 Ἑτέρου
350 3225 445 3311 τινὸς
475 3227 657 3334 χρησίμου
686 3229 745 3307 καί
778 3226 1061 3331 ἀναγκαιοτάτου
1091 3227 1175 3306 λίαν
1203 3259 1312 3328 προε·

118 3348 249 3452 νόησεν
273 3351 293 3431 ό
316 3347 490 3454 Χριστός.
530 3347 575 3450 ἦν
597 3349 670 3454 γάρ
695 3351 760 3431 οὐκ
786 3350 1007 3458 ἀμφίβολον,
1026 3350 1081 3431 δτι
1108 3351 1317 3450 κεκλημένοι

117 3474 208 3578 πρὸς
235 3475 430 3576 μαθητείαν
454 3477 493 3556 ἐν
517 3477 643 3581 ἀρχαῖς
670 3477 754 3579 παρ’
774 3476 893 3574 αὐτοῦ,
916 3475 1084 3560 συνόντες
1111 3508 1150 3554 τε
1177 3476 1231 3554 ἀεὶ
1258 3475 1317 3554 καὶ

65 3625 105 3686 25
119 3599 419 3700 σννδιαιτῶμενοι,
442 3602 500 3681 καὶ
527 3597 675 3701 πολλὴν
697 3607 771 3681 τιῦν
793 3597 1008 3708 παραδόξων
1033 3598 1223 3706 ἐσχηκότες
1250 3598 1351 3702 τὸνί)

118 3729 253 3826 πεῖραν,
286 3723 564 3830 συσκεψάμενοί
596 3757 635 3804 τε
670 3722 737 3824 τὴν
772 3724 991 3828 ἀσύγκριτον
1022 3726 1131 3806 αὐτοῦ
1168 3723 1317 3825 δύναμιν

119 3849 178 3925 καὶ
205 3845 383 3954 ἐξουσίαν,
403 3845 458 3928 ότι
485 3846 605 3928 πάντα
632 3847 821 3950 νικήσουσι
848 3847 1060 3952 πειρασμὸν,
1085 3850 1144 3928 καὶ
1170 3845 1316 3930 πάντων

119 3969 347 4076 ἁπαξαπλῶς
382 3971 613 4075 περιέσεσθαι
649 3977 722 4052 τῶν
759 3977 882 4052 δεινῶν
917 3971 1184 4070 ὑπελάμβανον.
1239 3977 1317 4054 πῶς

119 4089 191 4198 γάρ
214 4091 259 4196 ἦν
283 4095 468 4200 ἐνδοιάζειν
489 4097 541 4177 ἐτι
568 4100 626 4176 καὶ
653 4095 744 4200 πρὸς
770 4103 877 4177 τοῦτο
904 4101 1142 4201 μικροψυχεῖν
1163 4093 1229 4194 τὴν
1252 4101 1317 4174 τοῦ

68 4247 107 4304 30
120 4226 281 4300 τοσαῦτα
299 4219 488 4325 ἰσχύοντος
506 4219 686 4325 λαχόντας
711 4219 913 4319 εύμε’νειαν;
945 4217 1065 4319 ἐπειδὴ
1083 4217 1122 4300 δέ
1140 4225 1213 4303 τοῖς
1231 4220 1315 4322 παρ’

157 4405 251 4530 δὲἀγδρ
264 4403 297 4460 Ε.
310 4405 337 4462 δι’
352 4405 403 4462 Εεί.
510 4421 606 4474 22-24.
624 4404 857 4478 προενόησεν-ἀεί
869 4405 911 4460 καί
923 4422 977 4462 om.
990 4405 1023 4462 E.
1138 4423 1180 4478 29.
1198 4401 1229 4474 ἢν
1241 4405 1274 4461 Ε.
1287 4405 1318 4462 δν

121 4475 152 4544 ἢν
