3274 5118
306 332 371 396 5⁷2
611 333 650 398 Β.
674 331 883 398 CYRILLI
913 329 1203 396 ALEXANDR.
1388 343 1443 387 xv.
1461 341 1508 386 ιι.

259 535 291 576 ¹1
309 523 420 591 Ταῦτα
448 525 615 590 λελάληκα
638 519 710 603 ὑμῖν
734 525 832 592 ίναιί
861 527 943 615 χαρὰ
971 524 991 589 ιλ
1018 525 1081 601 &ua
1108 527 1145 590 ἐν
1172 515 1244 600 ὑμῖν
1271 515 1377 610 μείνιρ,
1406 513 1509 581 καίιί

711 652 794 742 χαρὰ
819 649 910 728 ὑμῶν
935 655 1109 740 πληρωθῇ.

279 821 298 868 ο
366 791 443 874 Τδν
467 795 548 898 περὶ
575 799 640 896 τῆς
665 795 830 896 ἀμπέλου
855 795 968 899 λόγον
990 795 1074 896 ἡμῖν
1093 787 1355 892 είσκεκομικῶς,
1373 785 1452 870 εἶτα
1468 786 1510 868 τὸ

304 913 575 1018 ’ἀποσπώμενον
598 924 731 1020 κλῆμα,
751 924 809 1001 καί
827 924 932 1001 οἱονεί
949 925 1013 1021 τῆς
1031 918 1235 1026 τρεφούσης
1259 917 1346 997 αὐτὸ
1374 911 1512 1019 μητρὸς

311 1042 654 1142 διακεκομμένον,’
634 1052 776 1150 αχρεῖον
814 1043 879 1143 μέν
916 1044 1067 1125 ἔσεσθαι
1103 1049 1301 1139 παντελῶς,
1341 1041 1430 1142 πυρὶ
1474 1035 1540 1122 δέὅ

311 1167 441 1276 χρῆναι
460 1169 691 1248 δαπανᾶσθαι
713 1165 927 1276 διδάξας,’
888 1203 930 1248 ου
948 1167 1079 1272 μικρὰν
1096 1165 1280 1266 ἐνεποίησε
1299 1171 1372 1248 τοῖς
1389 1167 1510 1262 μαθη-

310 1295 388 1373 ταῖς
417 1284 483 1388 τήν
507 1291 564 1370 ἐπὶ
588 1289 703 1399 τούτῳ
721 1291 862 1372 πτοίαν.
902 1295 939 1372 αἱ
966 1289 1039 1438 γάρ
1063 1297 1137 1371 τῶν
1164 1291 1350 1371 ἀπευκτῶν
1378 1282 1513 1389 ἀκροά-

311 1443 398 1508 σεις,
433 1414 491 1492 καί
520 1417 550 1492 εί
581 1411 691 1514 μήπω
725 1415 910 1520 φαίνοιντο
940 1412 1103 1518 παρόντα
1133 1409 1255 1517 τυχὸν,
1286 1412 1327 1490 οὐ
1359 1407 1513 1514 μετρίοις·

311 1537 405 1614 εἰσίν
436 1536 661 1640 ἐκταράττειν
696 1539 821 1634 ἱκαναί,
853 1535 1008 1638 μάλισθ’
1041 1537 1128 1618 ὅταν
1159 1536 1306 1616 ἐντίκτοι
1338 1537 1415 1615 τισὶ
1447 1541 1513 1613 τοῦ

312 1659 525 1756 συμβαίνειν
555 1657 646 1741 αὐτοί
675 1662 851 1743 δυ’νασθαι
878 1660 945 1763 τήν
974 1661 1135 1767 ὑποψίαν
1162 1666 1235 1739 τῶν
1261 1656 1442 1757 ἐσομένων
1469 1655 1513 1738 τὸ
1530 1691 1566 1734 ιο

278 1783 461 1884 ᾶοίδηλον.
511 1785 673 1890 καθάπερ
708 1787 831 1885 ἀμέλει
870 1790 927 1865 καὶ
966 1787 985 1864 ὁ
1022 1785 1128 1885 τήνδε
1160 1783 1308 1884 μέλλων
1347 1785 1515 1862 διαπλεῖν

313 1905 380 2006 τὴν
417 1906 626 2008 θάλασσαν,
657 1913 705 1995 ὡς
735 1909 963 2015 ἐνδεχομένου
995 1912 1053 1989 καὶ
1091 1913 1265 2013 χειμῶνος
1300 1911 1351 1990 είς
1386 1912 1516 2008 πεῖραν

313 2033 445 2130 ἐλθεῖν,
468 2030 619 2134 καὶμὴν
641 2037 700 2112 καὶ
724 2034 850 2138 ἀγρίου
872 2032 1027 2131 κύματος
1050 2033 1108 2112 καί
1129 2029 1313 2110 ἀτιθάσων
1346 2027 1516 2127 κυμάτων

314 2157 549 2258 καταδρομῆς,
582 2157 641 2236 καὶ
680 2160 709 2236 εἰ
745 2155 855 2256 μήπω
887 2155 1050 2257 παρόντα
1083 2160 1288 2262 καταθεῷτο
1325 2151 1446 2258 τυχὸν,
1476 2153 1516 2231 ἐν

313 2277 439 2376 μθναις
468 2281 660 2386 φροντίσιν
691 2279 743 2359 ἐτι
772 2283 831 2359 καί
860 2287 966 2360 τοῦτο
996 2277 1154 2378 ἀδήλοις,
1180 2281 1228 2362 ὡς
1254 2279 1323 2380 ἤδη
1349 2275 1514 2379 παρόντα
1530 2307 1565 2367 15

314 2401 436 2482 δέδιεν.
492 2403 776 2553 ὑποφρίττοντας
812 2403 931 2483 τοίνυν
969 2400 1052 2487 τοὺς
1089 2399 1330 2551 ἀπρστόλους,
1367 2403 1426 2481 καὶ
1467 2405 1513 2504 τῇ

312 2531 386 2605 τῶν
419 2527 599 2606 δεινῶν’
578 2531 668 2631 ακοῇ
704 2526 799 2632 τάχα
827 2561 906 2611 πως
939 2527 997 2607 καὶ
1024 2525 1220 2678 γεγονότας
1247 2528 1427 2629 περιδεεῖς,
1456 2525 1517 2602 καί

313 2683 405 2753 προς
442 2683 508 2748 την
535 2683 609 2729 των
641 2684 822 2748 εσομενων
852 2649 1174 2754 ἀποναρκήσαντας
1205 2655 1342 2752 πεῖραν,
1372 2651 1521 2728 ἀνανεοῖ

315 2771 503 2878 χρησίμως
542 2777 590 2857 είς
627 2806 770 2852 ευτονον
806 2773 987 2880 φρόνημα,
1025 2777 1083 2853 καί
1123 2779 1293 2875 στυγνῶν
1339 2773 1518 2879 ἀφέμενος

286 2891 448 2997 ολθγων,
467 2901 548 2999 περὶ
573 2900 637 2996 τῆς
664 2895 756 2976 κατά
784 2895 880 2978 Θεὸν
899 2899 1018 2982 αὐτοῖς
1045 2895 1246 3000 διαλέγεται
1268 2899 1453 2998 θυμηδίας.
1475 2899 1518 2977 οὐ
1533 2931 1571 2973 ιο

315 3018 386 3122 γάρ
405 3053 470 3118 τοι,
486 3016 655 3126 φησίν,ῶ
673 3021 834 3125 ἡμέτεροι
852 3024 1020 3121 μαθηταί,
1035 3020 1163 3102 τούτου
1181 3055 1224 3124 γε
1243 3021 1344 3102 ἕνεκα
1362 3024 1438 3102 νυνί
1452 3019 1519 3102 τὸν

315 3141 407 3247 πρὸς
425 3141 515 3241 ὑμεῖς
542 3143 739 3244 πεποίημαι
766 3141 890 3246 λόγον,
911 3147 958 3228 ὡς
987 3146 1163 3249 ἄνανδρον
1182 3143 1247 3243 μέν
1265 3147 1347 3244 ὑμῖν
1365 3147 1516 3244 ἐμποιῆ-

315 3299 380 3345 σαι
411 3265 594 3371 φρόνημα,
621 3267 733 3370 ἤγουν
763 3269 817 3348 ἐπ’
842 3266 966 3376 ἀδήλῳ
997 3268 1146 3368 δείματι,
1175 3269 1234 3348 καί
1265 3269 1345 3374 οὐχί
1371 3266 1519 3352 πάντως

316 3388 475 3497 ἐσομένῳ
504 3396 602 3498 κακῶ
629 3391 997 3494 προκατακλωμένους
1031 3393 1132 3492 ὑμᾶς,
1161 3393 1220 3472 καί
1248 3388 1519 3490 ἀτολμοτάτους

317 3511 472 3614 ὁρᾶσθαι
500 3513 591 3618 πρὸς
619 3513 844 3618 κατόρθωσιν
872 3518 1032 3618 ἀγαθῶν,
1062 3516 1147 3596 ἀλλ’
1176 3516 1235 3596 ἵνα
1262 3515 1400 3600 τούτοις
1422 3549 1519 3614 συμ-
1533 3551 1572 3612 25

316 3634 425 3739 βαίνῃ
446 3631 492 3715 τά
518 3638 668 3734 ἐναντία,
698 3641 756 3718 καί
785 3642 961 3741 θυμηδίαν
990 3641 1092 3746 ἔχητε
1120 3637 1186 3741 τήν
1204 3637 1302 3740 ἐμὴν,
1320 3637 1400 3740 ἤτοι
1418 3678 1436 3734 η
1456 3639 1519 3747 ἐμὲ

318 3755 415 3868 χαρῖι
435 3759 464 3839 ἐν
483 3764 557 3864 ὑμῖν
575 3765 679 3874 μείνῃ.

151 3895 267 3953 ΒΘΗ
289 3909 307 3950 ν
377 3882 517 3962 Καὶ’
479 3917 514 3962 τι
544 3881 649 3964 τοῦτό
674 3885 764 3984 ἐστι,
792 3885 892 3968 τίδὲ
923 3885 982 3966 διὰ
1011 3887 1140 3968 τούτου
1166 3893 1258 3968 νοεῖν
1287 3886 1381 3988 ἡμᾶς
1405 3883 1521 3968 ἐθέλει

318 4003 496 4108 Χριστὸς,
517 4007 727 4162 πικρότερρν
755 4005 852 4108 οἶμαι
880 4011 1152 4117 διασκέψασθαι
1181 4016 1266 4092 δεῖν.
1304 4015 1412 4117 διχῶς
1439 4046 1517 4092 τοι·

318 4139 453 4232 γαροῦν
487 4132 641 4232 νοητεᾞον
680 4130 703 4232 ἢ
737 4131 808 4236 γὰρ
836 4131 962 4285 ρίσπερ
993 4139 1030 4216 ἐν
1059 4139 1231 4288 λργισμῷ
1259 4132 1424 4235 μηδέν
1400 4169 1520 4288 εχοντι
1534 4165 1574 4224 30

317 4259 504 4338 παντελῶς
529 4255 802 4361 περιεργότερον
828 4259 902 4360 ἐρεῖ
928 4292 981 4343 τις
1011 4257 1132 4365 τυχὸν,
1162 4259 1222 4338 ἵνα
1249 4255 1316 4358 τὴν
1343 4260 1426 4360 περὶ
1458 4257 1520 4358 ε’μέ

338 4425 400 4499 15.
417 4411 568 4484 ἅδήλοιςΕ.
580 4415 626 4472 ἅδ’
614 4420 682 4488 λος
694 4415 746 4472 Ed
891 4417 968 4474 18.’
952 4440 1051 4508 οσονορ
1072 4417 1257 4484 ’σονταςΕΕ
1271 4416 1323 4472 Εδ.
1335 4433 1391 4488 mg.
1404 4415 1456 4471 ἀπο

318 4480 507 4550 κήσαντεςΕδ.
659 4503 703 4544 20.
720 4486 913 4559 διολέγεταιΕ.
926 4489 1059 4563 διελέγετο
1097 4489 1125 4547 d.

319 4567 362 4619 24.
381 4555 688 4630 προκατακλωμένονςΕ.
701 4561 880 4630 προσκοτακλ.
893 4557 946 4616 Ed.
