3082 5112
334 318 401 384 846
639 317 678 384 Β.
702 315 912 384 OYRILLI
940 315 1232 383 ALEXANDR.
1376 311 1512 380 xiim-8

333 482 556 586 συνεδρεύων
582 481 750 584 δηλονότι
777 487 830 590 τῷ
856 481 933 590 ἰδίιρ
960 481 1158 586 γεννήτορι,
1182 478 1366 580 τοσαύτην
1392 478 1512 559 ύιιέστι

335 603 401 706 τὴν
419 607 646 706 ταπείνωσιν,
661 609 710 691 ὡς
727 609 844 716 λεντίῳ
861 603 927 705 μέν
945 605 1203 710 διαζώσασθαι,
1216 609 1290 684 τῶν
1308 601 1347 684 δέ
1363 606 1512 700 μαθητῶ.

336 727 513 832 ἀπονίζειν
532 727 606 816 τοίς
634 726 761 817 πέδας.
801 729 942 835 ἔχοντες
969 729 1090 809 τοίνυν
1113 729 1275 808 ε’ντεῦθεν
1298 727 1445 830 ἄριστον
1464 727 1512 821 τῆ

307 851 523 948 οεύλαβείας
542 849 792 956 ὑπογραμμὸν,
810 854 870 932 καὶ
894 855 958 951 τῆς
983 855 1033 936 εἰς
1057 848 1245 950 ἀλλήλους
1269 849 1411 952 ἀγάπης
1425 879 1509 947 περι

335 972 568 1082 φανεστάτην
596 973 724 1071 εἰκόνα,
748 974 874 1080 μέτρια
901 972 966 1073 μέν
991 979 1193 1080 φρονῶμεν,
1217 974 1407 1076 ἀγαπητοὶ,
1427 970 1510 1072 ἡγεῖ

334 1103 428 1198 μεθα
459 1096 497 1180 δὲ
525 1097 608 1183 τοιίς
638 1095 821 1205 ἀδελφούς
846 1095 893 1178 τά
921 1095 1028 1198 μείζω
1059 1101 1256 1197 κεκτῆσθαι
1285 1102 1358 1176 πεῖν
1384 1095 1421 1174 ἐν
1447 1094 1512 1193 ἡμῖ

333 1219 668 1323 πλεονεκτημάτων,
692 1218 759 1301 κᾶν
784 1218 1002 1326 ὑπάρχωμεν
1021 1221 1168 1323 Ιἀγαθοί.
1208 1227 1315 1300 τοῦτο
1342 1217 1412 1321 γάρ
1439 1219 1512 1317 ἡμά

335 1345 356 1425 ὁ
382 1345 496 1448 μέγας
524 1346 627 1432 οὗτος
655 1342 892 1448 ι’πογραμμδς
917 1345 1099 1425 ἀναπείθει
1126 1349 1273 1450 φρονεῖν
1294 1377 1332 1423 τε
1360 1345 1416 1422 καί
1444 1349 1512 1437 βαι1

335 1473 478 1550 λεσθαι.

304 1735 343 1794 ⁶¹
349 1739 547 1833 Ερχεται’
510 1765 567 1810 ουν
585 1740 633 1810 εἰε
656 1742 791 1821 Σίμωνα
813 1743 949 1834 Πέτρον·
983 1744 1037 1810 καί
1061 1743 1148 1819 κὲτει
1172 1743 1263 1828 αὐτῷ
1285 1741 1447 1831 Κύριε,σὺ
1473 1762 1512 1818 με

168 1925 281 1985 qm·
305 1854 325 1982 ζ
387 1867 510 1936 νίιττειε
544 1868 621 1935 τοὺς
656 1868 782 1952 ιιόδαι;
819 1867 980 1958 ἀπεκρίθιι
1006 1869 1136 1935 Ἰασοῦς
1168 1867 1222 1932 καί
1252 1860 1343 1933 εἶπεν
1373 1866 1467 1952 αὐτῷ
1493 1869 1509 1890 “

304 1993 453 2068 εἰτὼ
480 1993 567 2059 ποιῶ
596 1993 634 2060 σὺ
662 1994 721 2060 οὐκ
749 1987 842 2060 οἶδας
869 1993 955 2084 ἄρτι,
982 1991 1091 2084 τνὼοιγ
1119 1992 1155 2058 δὲ
1182 1991 1263 2070 μετὰ
1280 1986 1404 2058 ’ταῦτα
1448 1993 1512 2066 A&

385 2117 476 2204 αὐτῷ
498 2119 624 2208 Πέτρος
647 2117 693 2184 Οιί
716 2118 760 2196 μιί
785 2116 880 2210 νίψῃς
901 2139 964 2196 μου
986 2117 1062 2184 τοδε
1085 2115 1191 2185 πόδεια
1214 2114 1261 2183 εἰς
1286 2116 1343 2184 τὸν
1366 2113 1488 2182 αἰῶνα.

390 2286 620 2444 θερμότερόν
643 2323 722 2374 πως
753 2291 807 2370 ἀεὶ
839 2297 904 2370 τοῦ
932 2287 1139 2393 Πέτρου
1101 2323 1145 2370 το
1173 2289 1319 2389 κίνημα,
1348 2290 1408 2368 καί
1437 2299 1512 2368 πολ

334 2411 552 2516 γοργότερον
586 2419 635 2498 εἰς
667 2410 867 2510 εὐλάβειαν,
898 2411 1079 2517 θεωρήσαι
1111 2447 1167 2497 τις
1198 2411 1245 2492 ἀν
1275 2414 1314 2492 έν
1345 2410 1512 2509 ὅλοις,
1491 2447 1512 2492 α

334 2534 420 2619 ἔπος
447 2541 567 2633 εἰπεῖν,
589 2542 664 2620 τοῖς
691 2533 973 2639 συγγράμμασι.
1012 2536 1194 2640 τοιγάρτοι
1219 2537 1278 2616 καί
1303 2542 1368 2616 νῦν
1389 2533 1462 2614 ἔθει
1489 2570 1511 2614 τ

335 2658 412 2766 ἰδίιρ
439 2657 761 2759 κατακολουθήσας
788 2661 848 2740 καί
874 2657 1009 2768 τρόπῳ,
1030 2657 1073 2739 τὸ
1098 2656 1336 2758 σεσωσμένον
1356 2655 1402 2758 δὴ
1429 2666 1511 2740 τοῖα

302 2784 400 2880 hm}
435 2785 484 2865 εἰς
520 2781 631 2885 ἀκρον
663 2780 821 2882 ἡκούσης
852 2781 1186 2889 ταπεινοφροσύνης
1220 2817 1260 2862 τε
1296 2785 1356 2862 καί
1391 2778 1511 2883 ἀγάττι

334 2910 552 3007 παρωθεῖται
576 2903 736 3005 μάθημα,
754 2905 809 2990 τίς
833 2903 899 3005 μὲν
923 2905 1029 2992 αὐτὸς
1056 2905 1109 3006 εἰη
1137 2903 1230 2986 κατά
1257 2903 1372 3012 φύσιν
1394 2906 1511 2984 ε’ννοοῖ

334 3027 388 3112 τίς
413 3025 451 3108 δ’
470 3029 515 3108 αὖ
540 3027 656 3110 πάλιν
674 3031 694 3109 ὁ
720 3027 785 3109 τὸν
806 3033 960 3132 νιπτῆρα
984 3027 1238 3134 παρακομίζων
1256 3030 1364 3136 αύτῷ,
1383 3031 1445 3108 καὶ
1473 3063 1510 3108 n

335 3147 471 3230 οἰκέτου
496 3153 620 3256 χρείαν
638 3154 877 3254 ἀποπληροῦν
894 3154 936 3233 ού
960 3151 1256 3257 παραιτούμενος.
1296 3158 1451 3255 θορυβεῖ
1468 3186 1510 3254 γι

333 3273 376 3352 ού
400 3273 551 3377 μετρίως
577 3272 686 3355 αι’ντδν
704 3273 951 3377 ἀπαράδεκτάν
975 3309 1051 3360 πως
1079 3280 1129 3359 εἰς
1155 3277 1282 3358 πίστιν
1306 3273 1478 3380 ὑπάρχον
1508 3313 1510 3328 ·

231 3473 233 3479 2
332 3403 496 3498 πρᾶγμα,
515 3400 573 3477 καὶ
591 3403 621 3478 εἰ
638 3404 793 3482 πολλοῖς
812 3397 927 3506 ὁρῷτο
945 3397 1055 3504 τυχὸν
1073 3399 1290 3505 ὀφθαλμοῖς.
1328 3401 1382 3484 τίς
1400 3397 1509 3502 γὰρ.

334 3519 398 3597 ούκ
426 3519 550 3626 ἔφριξε
576 3520 713 3620 μαθὼν,
733 3523 782 3604 ὡς
807 3521 827 3600 ὁ
855 3527 929 3601 τῶν
952 3520 1050 3602 ὅλων
1071 3521 1163 3621 μετά
1188 3520 1335 3626 Πατρδς
1362 3521 1509 3628 ύπάρχι

306 3639 481 3744 οΚύριος,
509 3641 741 3746 οἰκτροτάτην
768 3646 862 3725 οὕτω
890 3643 956 3744 τὴν
983 3645 1148 3726 δουλείαν
1174 3644 1267 3748 πρὸς
1297 3643 1382 3730 τοὺς
1410 3648 1509 3728 ἑαυτ

333 3763 497 3865 μαθητὰς
528 3766 796 3874 ἐπεδείξατο,
773 3802 822 3852 ως
857 3771 916 3848 καὶ
948 3767 1037 3871 ὅπερ
1071 3765 1160 3849 εἰναι
1195 3771 1295 3849 δοκεῖ
1324 3767 1430 3872 παρὰ
1471 3805 1509 3852 τι

333 3887 484 3972 οἰκέταις
510 3886 578 3990 τὴν
604 3889 765 3996 ἐσχάτην
792 3891 921 4041 ἐπέχον
947 3891 1076 4046 τάξιν,
1088 3899 1195 3973 τοῦτο
1223 3895 1280 3972 καί
1309 3891 1416 3992 μάλα
1446 3927 1508 3996 πρ

333 4011 456 4112 θύμως
488 4013 661 4114 ἐθελῆσαι
697 4015 862 4117 δρᾶν’
818 4013 938 4114 αυτὸν,
971 4021 1019 4100 εἰς
1057 4014 1297 4120 ὑπογραμμὸν
1327 4017 1388 4096 καί
1425 4016 1508 4099 τίνα

316 4136 478 4238 ’μετρίου
500 4135 752 4243 φρονήματος·
740 4197 753 4236 ,
784 4136 874 4218 δέδιε
900 4142 1129 4244 τοιγαροῦνό
1155 4137 1350 4224 θεσπέσιος
1373 4145 1508 4241 μαθητ

371 4399 396 4439 1.
415 4385 539 4440 συνιδ’
493 4404 631 4456 ρευσονιι.
642 4387 783 4458 ἀνίησινοί
795 4387 957 4460 συνεδρεύειν
968 4388 1106 4446 habente.
1120 4387 1205 4445 Cord.
1295 4389 1442 4446 .δκονιιιτ
1456 4393 1505 4461 ν(

333 4471 358 4508 e.
370 4453 499 4524 ἀπονίζειν
493 4407 590 4511 habet
603 4456 686 4514 cord.
729 4459 847 4549 ίχοντας
860 4459 933 4516 Aub.
1042 4477 1084 4533 13.
1101 4482 1153 4533 μου
1163 4459 1225 4518 τοδε
1329 4461 1385 4518 hoo
1396 4460 1507 4520 ordine

333 4523 424 4594 αἰῶνα]
441 4532 470 4590 -1-
485 4525 737 4601 ἀπεκρίθηοίιτφδ’
739 4529 898 4599 ΙησοῦςΕδ.
