3238 5114
106 356 189 424 xvii.
205 377 255 425 11.
295 359 349 424 IN
379 361 413 428 S.
436 361 694 432 JOANNEM.
740 363 920 432 LIRXI.
966 365 1068 432 OAP.
1091 365 1154 431 IX.
1245 361 1308 427 605

106 523 340 630 εῖσδεχθεΐσά
369 561 408 609 τε
439 531 499 609 καὶ
530 529 759 634 τετηρημένη.
799 531 1033 612 τεταπείνωκε
1067 529 1140 636 γὰρ
1173 524 1309 624 ἐαυτὸν,

106 647 297 732 τουτέστιν
318 651 408 734 ἑκὼν
436 656 494 734 καὶ
523 655 587 734 ούκ
613 653 658 761 ἐξ
682 653 840 757 ἀνάγκης
866 659 930 754 τῆς
955 689 1063 740 τινος.
1104 655 1210 754 ἁλοίη
1237 649 1310 754 γὰρ

106 767 157 852 ἀν
174 774 242 878 οὐχ
266 774 356 857 ἑκὼν
374 776 426 858 έτι
442 778 485 858 τὸ
503 782 566 878 τῆς
584 777 833 864 ταπεινώσεως
856 780 1046 878 ὑπομείνας
1068 777 1194 874 πάθος,
1213 775 1309 877 εἴπερ

107 892 158 994 ἦν
185 931 240 983 τις
267 899 363 986 ὅλως
392 902 412 982 ὁ
443 909 669 984 πλεονεκτεῖν
702 901 851 1008 ἰσχύων,
880 905 939 984 καὶ
969 901 1190 1002 ἀνεθελήτως
1223 897 1309 980 ἰέναι

64 1019 203 1122 5πρός
232 1032 339 1104 τοῦτο
371 1025 536 1107 κελεύων.
578 1027 810 1107 τεταπείνωκε
840 1027 959 1108 τοίνυν
990 1025 1115 1107 ἑαυτὸν
1145 1024 1234 1105 ἑκὼν
1264 1025 1306 1103 δι’

107 1144 216 1244 ἡμᾶς·
257 1149 299 1228 ού
330 1149 403 1253 γάρ
436 1149 482 1230 ἀν
507 1149 768 1250 ὠνομάσθημέν
796 1185 885 1232 ποτε
912 1153 969 1231 καὶ
996 1151 1095 1251 ἡμεῖς
1123 1151 1190 1230 υῖοὶ
1217 1145 1309 1227 κατά

108 1266 219 1373 χάριν
236 1274 295 1352 καὶ
323 1278 406 1370 θεοὶ,
424 1273 474 1374 μὴ
498 1275 576 1381 οὐχὶ
600 1273 667 1375 τὴν
685 1273 772 1379 ῦπέρ
798 1275 980 1376 ἡμῶνκαὶ
1006 1277 1048 1356 δι’
1069 1275 1162 1375 η’μῦις
1186 1278 1307 1364 εἰσβε-

108 1392 267 1494 βηκότος
298 1398 513 1480 ταπείνωσιν
545 1407 608 1480 τοῦ
643 1405 883 1502 Μονογενοῦς,
914 1398 1005 1503 πρὸς
1041 1396 1082 1480 δν
1114 1400 1173 1478 καὶ
1210 1397 1339 1477 αῦτοῖο

109 1520 354 1625 μορφούμενοι
381 1521 440 1602 διά
467 1523 656 1621 μετουσίας
674 1530 738 1604 τοῦ
762 1523 981 1622 Πνεύματος,
1004 1525 1062 1604 καὶ
1088 1521 1193 1602 τέκνα
1212 1525 1310 1600 Θεοῦ

46 1678 96 1718 ιο
110 1646 171 1721 καὶ
198 1647 272 1724 θεοῖ
299 1646 571 1751 χρηματίῷμεν.
621 1645 708 1727 ὅταν
736 1648 798 1726 οῦν
825 1681 860 1727 τι
888 1646 979 1753 λέγῃ
1007 1643 1310 1750 συμπαραζεύξας

109 1765 248 1868 τρόπον
273 1769 355 1850 τινὰ
380 1775 433 1879 τῷ
465 1776 570 1878 θεῖκῷ
596 1773 655 1851 καὶ
683 1770 726 1850 τὸ
758 1769 993 1874 ἀνθρώπινον,
1027 1769 1078 1871 μὴ
1114 1767 1172 1850 διὰ
1204 1777 1311 1848 τοῦτο

110 1895 399 1999 σκανδαλισθῇς,
429 1894 610 1979 ἀσυνέτως
647 1895 750 2002 ἀφεῖς
782 1891 824 1975 τῦ
862 1893 1046 1994 θαυμάσαι
1083 1891 1311 1993 καθηκόντως

111 2012 179 2114 τὴν
196 2017 444 2116 ἐπινοηθεῖσαν
462 2026 535 2103 τοῖς
559 2016 684 2121 λόγοις
702 2017 922 2123 ἀσύγκριτον
939 2019 1079 2123 τέχνην,
1100 2015 1159 2098 διά
1175 2014 1311 2100 παντὸς

112 2139 199 2238 ἡμῖν
220 2140 480 2246 ἀνασώζουσαν
503 2141 638 2245 τρόπου
662 2140 704 2224 τό
730 2147 882 2224 διπλοῦν
898 2133 1061 2239 ἀστείως,
1090 2143 1137 2222 ὡς
1162 2141 1250 2242 ὁρᾶν
1273 2142 1312 2220 ἐν

53 2286 98 2347 ¹5
113 2265 233 2372 τούτῷ
249 2263 314 2345 τόν
332 2266 487 2368 λέγοντα
506 2264 601 2348 θεόν
618 2301 657 2348 τε
676 2270 722 2372 τῇ
741 2266 851 2372 φύσει
870 2269 928 2346 καὶ
947 2265 1138 2368 ἀνθρωπον
1156 2267 1312 2365 ἀληθοῦς,

113 2392 241 2491 τῇτῆς
259 2387 413 2494 ἀῤῥητου
431 2389 577 2497 φύσεως
596 2391 685 2498 δόξῃ
709 2388 751 2470 τό
769 2394 834 2490 τῆς
853 2387 1129 2494 ἀνθρωπότητος
1145 2385 1313 2468 ταπεινὸν

114 2513 153 2594 εῦ
180 2510 283 2612 μάλα
309 2513 641 2611 συναναπλέκουτα,
661 2513 868 2596 ἀνυπαίτιόν
886 2548 925 2594 τε
951 2515 1009 2594 καῖ
1028 2511 1150 2619 φόγου
1176 2509 1347 2595 παντῦςά

114 2637 302 2739 ἐλευθέραν
328 2636 540 2742 τηρήσαντα
570 2644 758 2724 παντελῶς
789 2635 855 2739 τὴν
884 2639 936 2720 ἐπ’
966 2637 1078 2744 ἄμφω
1106 2636 1315 2739 σύμμετρον

114 2760 301 2864 ἐκδρομήν.

59 2921 102 2962 το
156 2883 246 2966 ’Καὶ
276 2885 389 2966 ταῦτά
417 2893 549 2994 φαμεν,
573 2887 636 2968 οὐκ
664 2892 713 2970 εῖς
739 2883 783 2968 τὸ
812 2893 910 2986 μεῖον
937 2885 1028 2990 ἤπερ
1055 2882 1101 2985 ἦν
1125 2887 1163 2964 ἐν
1187 2886 1314 2988 ἀρχαῖς

115 3007 182 3109 τὴν
199 3017 264 3090 τοῦ
283 3009 406 3112 Λόγου
428 3009 542 3118 φύσιν
560 3007 813 3092 κατεσπάσθαι
838 3008 1156 3107 διαβεβαιούμενοι,
1174 3009 1286 3088 πόθεν
1302 3039 1313 3102 ;

117 3133 270 3232 ἀμαθίας
296 3133 369 3236 γάρ
387 3132 542 3239 ἐσχάτης
571 3135 634 3214 ούκ
661 3134 887 3237 ἀμοιρήσειεν
906 3130 952 3214 ἀν
972 3132 1015 3214 τὸ
1040 3133 1133 3212 οὕτω
1156 3136 1316 3238 φρονεῖν,

115 3259 190 3336 ἐπεὶ
218 3253 336 3358 πάντη
363 3291 402 3339 τε
429 3260 488 3338 καὶ
515 3255 658 3342 πάντως
685 3257 820 3342 ἀπαθές
852 3255 894 3338 τὸ
928 3262 1034 3354 θεῖον,
1063 3259 1128 3357 τῆς
1158 3261 1207 3338 είς
1240 3259 1315 3334 πᾶν

117 3383 235 3464 ότιοῦν
261 3386 495 3485 παρατροπῆς
519 3383 583 3463 ούκ
601 3381 826 3491 ἀνεχόμενον,
844 3379 1075 3484 έδραιοτότην
1103 3379 1141 3460 δέ
1168 3385 1315 3480 μᾶλλον

65 3539 104 3600 25
117 3503 181 3606 τὴν
198 3506 328 3586 οἰκείαν
346 3505 536 3609 ἀποσῶζον
553 3504 701 3586 στάσιν·
737 3507 822 3588 ἀλλ’
844 3505 899 3586 ὅτι
925 3509 990 3605 τῆς
1014 3505 1179 3586 ἑκουσίου
1203 3501 1310 3584 κενοῖ·

118 3663 212 3714 σεως
230 3631 250 3709 ὃ
267 3627 400 3732 τρόπος
423 3633 471 3714 ὡς
494 3629 538 3738 ἐξ
558 3630 753 3732 ἀναγκαίου
778 3627 893 3733 λόγου
918 3627 1043 3729 τὸτῆς
1067 3627 1316 3712 ταπεινώσεως

117 3755 355 3857 περικείμενος
378 3757 517 3857 σχῆμα,
537 3752 595 3833 διὰ
618 3751 661 3833 τῦ
688 3753 913 3856 ἀνθρώπινον
937 3754 975 3832 ἐν
993 3750 1171 3834 ἐλάττοσί
1189 3787 1267 3835 πως
1291 3748 1315 3851 ἢ

119 3879 155 3958 ἐν
173 3874 224 3962 οἶς
249 3879 350 3958 ἐστιν
368 3879 388 3957 ό
413 3875 543 3980 Πατὴρ
568 3878 761 3983 φαίνεσθαι
782 3883 885 3975 ποιεῖ,
904 3875 969 3957 τὸν
986 3876 1069 3956 ἴσον
1092 3876 1189 3982 αύτῷ
1213 3874 1313 3974 σύμ·

120 3999 261 4107 μορφάν
278 4035 317 4082 τε
335 4003 394 4082 καὶ
411 4003 448 4080 ἐν
466 4002 562 4109 αύτῷ
585 4003 644 4081 καὶ
669 4000 713 4108 ἐξ
735 4002 845 4082 αὐτοῦ
862 3999 1050 4106 πεφηνότα
1069 3997 1165 4079 Θεὸν
1185 4003 1312 4076 Μονο-

67 4169 108 4227 30
120 4128 214 4226 γενῆ.
255 4127 313 4204 καὶ
331 4123 383 4224 μὴ
400 4121 589 4230 θαυμάσῃς
607 4123 755 4221 ἀκούων,
772 4129 801 4204 εῖ
820 4127 884 4223 τῆς
901 4130 966 4204 τοῦ
985 4121 1131 4225 Πατρός
1148 4131 1310 4223 μεγαλο-

120 4248 285 4350 πρεπείας
307 4249 345 4328 ἐν
363 4247 555 4328 ἐλάττοσιν
572 4245 659 4328 εῖναι
678 4251 778 4328 δοκεῖ
795 4245 854 4326 διά
872 4243 914 4327 τό
934 4245 1159 4348 ἀνθριύπινον
1177 4247 1197 4324 ὁ
1216 4241 1343 4342 Υἱός,ι
1371 4255 1483 4332 οιῙΔ.

122 4371 178 4452 ὅτε
205 4371 263 4452 διά
290 4381 396 4453 τοῦτο
421 4375 480 4452 καῖ
508 4373 625 4453 αύτιῦν
643 4373 819 4474 ἡττῆσθαι
841 4377 914 4452 τῶν
936 4368 1107 4473 ἀγγέλων
1125 4369 1145 4448 ό
1165 4373 1314 4454 Παῦλος

122 4495 202 4599 ἡμῖν
233 4493 341 4580 αὐτόν
368 4495 621 4604 διισχυρίσατο
648 4495 803 4604 γράφων
830 4492 898 4578 ὧδε
929 4504 951 4542 “
965 4491 1043 4576 Τὸν
1068 4489 1107 4574 δέ
1128 4491 1251 4598 βραχύ
1279 4525 1314 4574 τ,
1359 4489 1465 4540 Hem

1359 4570 1382 4620 9.
