3200 5092
425 330 468 392 58
729 327 768 392 B.
792 327 1001 392 CYRILLI
1030 325 1319 392 ALEXANDR.

396 501 448 562 0“
466 489 636 592 λαλήσας
654 499 728 575 τοῖς
745 490 928 596 πατράσιν
940 494 978 571 ἐν
991 499 1064 576 τοῖς
1082 489 1286 598 προφήταις
1305 491 1358 571 ἐπ’
1375 486 1474 593 ε’σχάΙ

422 625 449 700 .“
467 615 608 718 ἡμερῶν
625 614 762 696 τούτων
779 613 961 714 ἐλάλησεν
979 615 1063 715 ἡμῖν
1082 617 1120 695 έν
1137 617 1249 722 Υίῷ.”
1280 615 1408 694 οὐκοῦν
1427 613 1474 691 αὐ

424 739 509 838 ἡμῖν
527 743 576 823 εἷς
595 740 833 819 διδασκαλίαν
851 737 1019 844 ἐσχάτοις
1043 747 1107 818 τοῦ
1132 745 1257 822 αίῶνος
1282 743 1416 840 καιροῖς
1438 771 1474 838 γι

424 861 522 948 Υίός.
568 863 627 943 διά
658 897 714 943 τοι
745 871 852 942 τοῦτο
886 862 997 966 λόγος
1030 865 1139 943 αὐτοῦ
1170 863 1299 966 κυρίως
1330 863 1474 960 ὀνομασ

423 984 573 1086 μάθημα
599 986 640 1066 τὸ
666 984 908 1089 εύαγγελικόν.
946 983 991 1086 ήν
1009 986 1164 1090 μὲνγὰρ
1186 985 1386 1078 ἀκόλουθον
1405 1020 1474 1086 γυμ

423 1143 500 1194 πως
529 1114 587 1191 καὶ
617 1110 922 1218 ἀπημφιεσμένως
950 1117 1059 1191 εἰπεῖν
1078 1116 1128 1191 Οἱ
1156 1107 1222 1210 τήν
1246 1111 1372 1190 πίστιν
1397 1107 1465 1207 τὴν

422 1233 733 1336 παραδεδεγμένοι,
756 1239 814 1315 καὶ
839 1233 911 1340 ὀφέ
936 1233 1011 1333 μέν,
1031 1233 1126 1333 ὅμως
1152 1236 1186 1312 δ’
1208 1235 1271 1313 οὖν
1294 1232 1474 1334 ἐπεγνωκό

423 1358 560 1439 ἄνωθεν
579 1360 660 1458 ὑμῖν
684 1356 742 1437 διὰ
768 1357 878 1457 νόμου
903 1362 961 1438 καὶ
985 1364 1184 1464 προφητῶν
1209 1355 1474 1460 κηρυττόμενον

390 1488 498 1566 ᾶτοῖς
516 1481 575 1562 διὰ
595 1482 784 1565 Μωυσέως
801 1481 1064 1586 προσπέπηχθε
1083 1481 1216 1578 τύποις,
1234 1477 1326 1581 μηδὲ
1346 1487 1426 1562 ταῖς
1452 1513 1473 1558 κ

423 1605 533 1704 νόμον
567 1605 819 1708 προσεδρεύειν
850 1613 969 1689 σκιαῖς
1006 1607 1252 1701 ἀναπείθεσθε,
1287 1603 1376 1703 μηδὲ
1413 1605 1451 1682 έν

423 1727 518 1814 ὅλως
536 1727 603 1829 τήν
620 1733 683 1828 τῆς
702 1731 883 1832 σωτηρίας
901 1727 1060 1832 ὃρίζεσθε
1080 1729 1239 1827 δύναμιν,
1253 1729 1337 1807 ἀλλ’
1356 1730 1394 1807 έν
1412 1741 1474 1824 μαί

422 1859 497 1936 τοῖς
530 1859 789 1950 πνευματικοῖς,
823 1855 881 1932 καὶ
914 1853 952 1932 έν
985 1860 1058 1936 τοῖς
1090 1853 1333 1954 εύαγγελικοῖς
1366 1853 1426 1930 καὶ
1460 1853 1474 1926 ί

423 1975 662 2078 κηρύγμασιν·
713 1977 799 2055 ἀλλ’
833 1973 876 2075 ἦν
914 1977 977 2056 οὑκ
1015 1974 1170 2073 ἀπεικὸς,
1203 1983 1349 2074 μᾶλλον
1387 1972 1424 2052 δέ
1461 1977 1474 2049 ί

422 2099 681 2183 ἀυενδοιάστως
712 2099 805 2203 ἕχον,
835 2102 883 2183 ὡς
913 2099 993 2201 ἄρτι
1026 2103 1084 2178 καὶ
1116 2097 1221 2196 μόλις
1251 2098 1317 2199 τὴν
1345 2097 1471 2178 πίστιν

423 2223 619 2330 δεξάμενοι,
638 2223 886 2320 σαλευομένην
905 2257 943 2302 τε
963 2225 1021 2302 καὶ
1046 2221 1305 2322 εὐανάτρεπτον
1323 2228 1371 2306 εὶς
1396 2255 1474 2319 μετι

422 2347 562 2451 ἔχοντες
581 2346 646 2446 τήν
666 2344 834 2444 διάνοιαν,
849 2347 913 2426 οὐκ
933 2344 977 2426 ἂν
996 2353 1069 2426 τῶν
1087 2345 1256 2425 τοιούτων
1274 2346 1472 2449 ἀνέσχοντο

422 2471 508 2549 ἀλλ’
529 2470 593 2548 οὐκ
619 2467 663 2548 ἂν
689 2469 966 2571 διεκαρτέρησαν
989 2469 1084 2554 ὅλως
1110 2471 1258 2570 ἑτοίμως
1283 2471 1336 2548 ἀεὶ
1360 2469 1471 2548 πίπτο

393 2589 545 2694 οόργήν,
567 2596 614 2677 ὡς
641 2593 870 2697 ὑβριζομένου
897 2593 934 2672 δέ
961 2593 1020 2672 διὰ
1045 2591 1181 2672 τούτων
1199 2602 1263 2673 τοῦ
1288 2592 1473 2698 πανσόφοι

422 2717 527 2814 σέως,
541 2719 599 2796 καὶ
617 2717 846 2816 πεμπομένου
864 2717 954 2822 πρὸς
973 2717 1015 2797 τὸ
1033 2717 1143 2816 μηδὲν
1158 2716 1216 2796 διὰ
1234 2725 1297 2796 τοῦ
1318 2723 1473 2822 καταφρι

423 2841 465 2920 δι’
486 2841 595 2920 αὐτοῦ
621 2839 666 2920 τδι
691 2847 765 2924 τοῖς
789 2841 1031 2944 ἀρχαιοτέροις
1053 2841 1280 2942 διωρισμένα,
1298 2838 1389 2944 πρὸς
1408 2837 1473 2937 τὴν

423 2963 579 3047 εὐκόλως
616 2961 813 3065 ἐτράποντο
850 2962 1002 3063 τόλμαν,
1039 2967 1097 3044 καὶ
1134 2963 1176 3043 τὸ
1214 2963 1466 3066 συναγορεύειν

422 3093 641 3185 μελετῶντες
665 3089 729 3184 ἀεὶ,
753 3089 836 3190 παρ’
858 3088 959 3167 οὐδέν
985 3087 1029 3168 ἂν
1053 3085 1270 3188 ἐποιήσαντο
1298 3085 1340 3166 τὸ
1368 3119 1472 3167 πιστε

422 3211 623 3304 βούλεσθαι
642 3213 693 3317 τῷ
712 3217 876 3318 Χριστῷ.
918 3217 1146 3310 οἰκονομικῶς
1164 3217 1356 3312 τοιγαροῦν
1373 3212 1430 3288 καὶ
1449 3213 1472 3288 ἐι

422 3334 563 3428 σμένως
582 3333 632 3412 έτι
651 3341 724 3417 τοῖς
744 3338 871 3413 ἑαυτοῦ
890 3333 1015 3437 λόγοις
1033 3333 1341 3414 ἀντιδιαστέλλων
1359 3331 1405 3413 τὰ
1422 3339 1472 3411 M«

423 3456 621 3552 τουτέστιν,
640 3457 935 3564 ἀντιπαρεξάγων
953 3465 1004 3564 τῷ
1023 3455 1120 3564 νόμιρ
1142 3456 1183 3536 τὸ
1210 3457 1375 3560 κήρυγμα
1401 3455 1443 3536 τὸ
1466 3497 1471 3532 ι

256 3598 371 3657 535Δ.
395 3579 539 3676 αλικὸν,
558 3583 616 3658 καὶ
643 3578 741 3660 πολύ
769 3582 852 3660 λίαν
874 3585 912 3661 έν
938 3584 1100 3680 ἀμείνοσι
1128 3589 1200 3661 τῶν
1224 3581 1460 3685 ἀρχαιοτέρων

423 3706 530 3787 τιθεὶς
548 3702 773 3802 παιδεύματα
783 3703 864 3785 'Ebu
879 3710 973 3810 ὑμεῖς
993 3713 1087 3809 φησι
1105 3708 1231 3810 μείνητε
1250 3707 1279 3785 ἓν
1298 3713 1343 3812 τῷ
1362 3707 1455 3810 λόγῳ

423 3827 535 3910 ὄντως
563 3825 719 3933 μαθηταί
745 3864 812 3932 μου
841 3829 925 3908 ἐστέ·
969 3833 1001 3908 οί
1035 3827 1106 3931 γὰρ
1139 3827 1330 3934 ὁλοκλήρῳ
1361 3826 1471 3922 διαλιή

423 3953 554 4049 πίστει,
575 3953 632 4030 καὶ
652 3949 912 4035 ἀνενδοιοίστως
931 3957 979 4035 είς
1000 3961 1083 4032 νοῶν
1101 3951 1143 4032 τὸ
1162 3949 1394 4055 εύαγγελικὸν
1411 3985 1470 4054 παρ

462 4152 485 4189 1.
503 4137 633 4206 πατράσιν
646 4144 672 4190 et
683 4134 831 4206 προφήταις
842 4137 913 4190 inter
925 4155 953 4190 οε
965 4145 1145 4208 transponunt
1160 4136 1249 4191 Holst.
1264 4136 1315 4192 Ed.

424 4207 571 4276 φιεσμένως
585 4206 617 4260 Β.
629 4206 851 4278 ὀπημφιασμένως
866 4207 915 4261 Ht.
929 4206 981 4262 Ed.
1053 4225 1079 4277 9.
1091 4208 1282 4278 προσπέπηχθε
1294 4205 1414 4261 emendat
1429 4207 1470 4274 He

424 4277 554 4346 πεπῆχθοι
568 4277 601 4331 Β.
616 4276 667 4330 Ed.
751 4293 792 4331 11.
810 4277 909 4346 μαθήσι
924 4277 955 4332 Β.
967 4275 1116 4346 μαθήμασιν
1128 4277 1279 4332 emendavit
1293 4277 1342 4332 Ht.
1418 4278 1455 4330 16.

426 4345 459 4398 Β.
471 4346 604 4416 ἀνέχοιντο
619 4347 667 4400 Ht.
681 4346 733 4402 Ed.
841 4364 883 4414 24.
903 4349 994 4402 ἑαυτοῦ
1009 4347 1066 4401 B.a.
1079 4348 1159 4401 αὐτοῦ
1174 4348 1222 4402 Ht.
1237 4347 1287 4402 Ed.
1401 4363 1440 4414 25.
1457 4371 1470 4400 τ

425 4414 541 4482 κήρυγμα
553 4417 583 4468 τὸ
595 4416 762 4487 εὐαγγελικδν
773 4417 897 4471 emendat
912 4418 1009 4487 Heyse.
1023 4419 1053 4470 τὸ
1066 4419 1316 4489 νόμῶτυκήρνγμοτι·
1339 4419 1368 4470 τὸ
1380 4418 1470 4488 εὔογγιζ

427 4481 460 4534 Β.
473 4483 518 4536 τὸν
528 4487 605 4550 νόμον
617 4508 632 4538 τ
641 4489 652 4501 “
667 4485 808 4555 κηρύγματι
820 4491 856 4559 τῷ
869 4488 1027 4558 εὐογγελικφ
1041 4487 1093 4542 Ed.
1218 4501 1261 4570 27.
1280 4489 1309 4544 έν
1320 4491 1357 4560 τῷ
1369 4491 1435 4562 λόγῳ
1447 4506 1469 4542 e(

424 4550 530 4618 ὀνόματι
541 4574 591 4619 μου
604 4507 684 4608 καίίν
695 4559 731 4626 τῷ
743 4559 816 4627 λόγῳ
828 4575 877 4626 pro
890 4575 963 4612 more
976 4557 1111 4628 corrigens
1124 4575 1170 4629 per
1183 4557 1348 4614 addltionem
1359 4557 1390 4612 B.
