<?xml version="1.0" encoding="UTF-8"?>
<!DOCTYPE html PUBLIC "-//W3C//DTD XHTML 1.0 Transitional//EN"
    "http://www.w3.org/TR/xhtml1/DTD/xhtml1-transitional.dtd">
<html xmlns="http://www.w3.org/1999/xhtml" xml:lang="en" lang="en">
 <head>
  <title>
</title>
<meta http-equiv="Content-Type" content="text/html;charset=utf-8" />
  <meta name='ocr-system' content='tesseract 3.04.00' />
  <meta name='ocr-capabilities' content='ocr_page ocr_carea ocr_par ocr_line ocrx_word'/>
</head>
<body>
  <div class='ocr_page' id='page_1' title='image "./sanctipatrisnos02pusegoog_0603.png"; bbox 0 0 3274 5118; ppageno 0'>
   <div class='ocr_carea' id='block_1_1' title="bbox 136 361 1335 437">
    <p class='ocr_par' dir='ltr' id='par_1_1' title="bbox 136 361 1335 437">
     <span class='ocr_line' id='line_1_1' title="bbox 136 361 1335 437; baseline 0.01 -21"><span class='ocrx_word' id='word_1_1' title='bbox 136 369 233 437; x_wconf 85' lang='lat' dir='ltr'>xv.7.</span> <span class='ocrx_word' id='word_1_2' title='bbox 319 361 376 428; x_wconf 94' lang='lat' dir='ltr'>IN</span> <span class='ocrx_word' id='word_1_3' title='bbox 407 365 440 432; x_wconf 88' lang='lat' dir='ltr'>S.</span> <span class='ocrx_word' id='word_1_4' title='bbox 464 366 720 434; x_wconf 82' lang='lat' dir='ltr'><strong>JOANNEM.</strong></span> <span class='ocrx_word' id='word_1_5' title='bbox 766 369 862 434; x_wconf 82' lang='lat' dir='ltr'><strong>LIB.</strong></span> <span class='ocrx_word' id='word_1_6' title='bbox 886 369 928 434; x_wconf 87' lang='lat' dir='ltr'>X.</span> <span class='ocrx_word' id='word_1_7' title='bbox 974 367 1147 434; x_wconf 79' lang='lat' dir='ltr'>CARII.</span> <span class='ocrx_word' id='word_1_8' title='bbox 1270 363 1335 428; x_wconf 77' lang='lat'>563</span> 
     </span>
    </p>
   </div>
   <div class='ocr_carea' id='block_1_2' title="bbox 81 529 1502 2498">
    <p class='ocr_par' dir='ltr' id='par_1_2' title="bbox 81 529 1502 2498">
     <span class='ocr_line' id='line_1_2' title="bbox 134 529 1335 639; baseline 0.011 -40"><span class='ocrx_word' id='word_1_9' title='bbox 134 529 426 625; x_wconf 75' lang='grc' dir='ltr'>πεπιστευμένων</span> <span class='ocrx_word' id='word_1_10' title='bbox 458 539 530 614; x_wconf 82' lang='grc' dir='ltr'>τῶν</span> <span class='ocrx_word' id='word_1_11' title='bbox 562 531 695 638; x_wconf 90' lang='grc' dir='ltr'>λόγων,</span> <span class='ocrx_word' id='word_1_12' title='bbox 729 540 762 616; x_wconf 84' lang='grc' dir='ltr'>οἱ</span> <span class='ocrx_word' id='word_1_13' title='bbox 798 533 862 633; x_wconf 76' lang='grc' dir='ltr'>μὲν</span> <span class='ocrx_word' id='word_1_14' title='bbox 895 537 936 616; x_wconf 89' lang='grc' dir='ltr'>οὐ</span> <span class='ocrx_word' id='word_1_15' title='bbox 968 535 1052 615; x_wconf 94' lang='grc' dir='ltr'>λίαν</span> <span class='ocrx_word' id='word_1_16' title='bbox 1084 537 1240 639; x_wconf 77' lang='grc' dir='ltr'>ἀσφαλῆ</span> <span class='ocrx_word' id='word_1_17' title='bbox 1275 535 1335 612; x_wconf 86' lang='grc' dir='ltr'>καὶ</span> 
     </span>
     <span class='ocr_line' id='line_1_3' title="bbox 134 645 1329 764; baseline 0.013 -43"><span class='ocrx_word' id='word_1_18' title='bbox 134 645 346 730; x_wconf 86' lang='grc' dir='ltr'>εύκάθεκτον</span> <span class='ocrx_word' id='word_1_19' title='bbox 371 653 434 734; x_wconf 85' lang='grc' dir='ltr'>τὸν</span> <span class='ocrx_word' id='word_1_20' title='bbox 458 661 521 755; x_wconf 75' lang='grc' dir='ltr'>τῆς</span> <span class='ocrx_word' id='word_1_21' title='bbox 549 661 748 764; x_wconf 84' lang='grc' dir='ltr'>συναφείας</span> <span class='ocrx_word' id='word_1_22' title='bbox 775 661 855 761; x_wconf 86' lang='grc' dir='ltr'>ήτοι</span> <span class='ocrx_word' id='word_1_23' title='bbox 881 664 943 760; x_wconf 79' lang='grc' dir='ltr'>τῆς</span> <span class='ocrx_word' id='word_1_24' title='bbox 971 657 1181 760; x_wconf 82' lang='grc' dir='ltr'>οἰκειότητος</span> <span class='ocrx_word' id='word_1_25' title='bbox 1208 659 1329 755; x_wconf 81' lang='grc' dir='ltr'>ἐπιτη-</span> 
     </span>
     <span class='ocr_line' id='line_1_4' title="bbox 134 767 1334 886; baseline 0.011 -41"><span class='ocrx_word' id='word_1_26' title='bbox 134 767 296 856; x_wconf 73' lang='grc' dir='ltr'>δεύοντες</span> <span class='ocrx_word' id='word_1_27' title='bbox 313 775 458 876; x_wconf 82' lang='grc' dir='ltr'>τρόπον,</span> <span class='ocrx_word' id='word_1_28' title='bbox 470 779 589 885; x_wconf 78' lang='grc' dir='ltr'>ψιλήν</span> <span class='ocrx_word' id='word_1_29' title='bbox 607 782 672 882; x_wconf 84' lang='grc' dir='ltr'>τὴν</span> <span class='ocrx_word' id='word_1_30' title='bbox 691 786 729 862; x_wconf 86' lang='grc' dir='ltr'>ἐν</span> <span class='ocrx_word' id='word_1_31' title='bbox 746 783 869 885; x_wconf 81' lang='grc' dir='ltr'>λόγοις</span> <span class='ocrx_word' id='word_1_32' title='bbox 888 782 1181 886; x_wconf 75' lang='grc' dir='ltr'>ὁμολογήσαντες</span> <span class='ocrx_word' id='word_1_33' title='bbox 1198 783 1334 882; x_wconf 90' lang='grc' dir='ltr'>πίστιν,</span> 
     </span>
     <span class='ocr_line' id='line_1_5' title="bbox 135 887 1331 1010; baseline 0.008 -36"><span class='ocrx_word' id='word_1_34' title='bbox 135 887 203 990; x_wconf 80' lang='grc' dir='ltr'>τὴν</span> <span class='ocrx_word' id='word_1_35' title='bbox 227 896 340 996; x_wconf 84' lang='grc' dir='ltr'>γεμὴν</span> <span class='ocrx_word' id='word_1_36' title='bbox 366 900 424 980; x_wconf 81' lang='grc' dir='ltr'>διὰ</span> <span class='ocrx_word' id='word_1_37' title='bbox 451 911 525 984; x_wconf 85' lang='grc' dir='ltr'>τῶν</span> <span class='ocrx_word' id='word_1_38' title='bbox 550 904 836 1008; x_wconf 78' lang='grc' dir='ltr'>κατορθωμάτων</span> <span class='ocrx_word' id='word_1_39' title='bbox 861 913 910 992; x_wconf 90' lang='grc' dir='ltr'>είς</span> <span class='ocrx_word' id='word_1_40' title='bbox 937 905 1142 1006; x_wconf 84' lang='grc' dir='ltr'>τελειότητα</span> <span class='ocrx_word' id='word_1_41' title='bbox 1168 910 1331 1010; x_wconf 80' lang='grc' dir='ltr'>μορφου-</span> 
     </span>
     <span class='ocr_line' id='line_1_6' title="bbox 101 1015 1335 1138; baseline 0.008 -40"><span class='ocrx_word' id='word_1_42' title='bbox 101 1015 249 1117; x_wconf 79' lang='grc' dir='ltr'>5μένην</span> <span class='ocrx_word' id='word_1_43' title='bbox 278 1022 424 1124; x_wconf 81' lang='grc' dir='ltr'>ἀγάπην</span> <span class='ocrx_word' id='word_1_44' title='bbox 455 1029 519 1107; x_wconf 89' lang='grc' dir='ltr'>οὐκ</span> <span class='ocrx_word' id='word_1_45' title='bbox 549 1029 804 1138; x_wconf 81' lang='grc' dir='ltr'>ἐπιδεξάμενοι,</span> <span class='ocrx_word' id='word_1_46' title='bbox 831 1031 980 1131; x_wconf 78' lang='grc' dir='ltr'>με’νουσι</span> <span class='ocrx_word' id='word_1_47' title='bbox 1012 1029 1077 1129; x_wconf 77' lang='grc' dir='ltr'>μὲν</span> <span class='ocrx_word' id='word_1_48' title='bbox 1106 1031 1144 1108; x_wconf 86' lang='grc' dir='ltr'>ἐν</span> <span class='ocrx_word' id='word_1_49' title='bbox 1172 1034 1335 1135; x_wconf 77' lang='grc' dir='ltr'>Χριστῷ,</span> 
     </span>
     <span class='ocr_line' id='line_1_7' title="bbox 137 1141 1335 1261; baseline 0.011 -43"><span class='ocrx_word' id='word_1_50' title='bbox 137 1141 231 1221; x_wconf 81' lang='grc' dir='ltr'>κατά</span> <span class='ocrx_word' id='word_1_51' title='bbox 249 1177 291 1246; x_wconf 94' lang='grc' dir='ltr'>γε</span> <span class='ocrx_word' id='word_1_52' title='bbox 313 1146 379 1247; x_wconf 81' lang='grc' dir='ltr'>τήν</span> <span class='ocrx_word' id='word_1_53' title='bbox 397 1152 434 1230; x_wconf 83' lang='grc' dir='ltr'>ἐκ</span> <span class='ocrx_word' id='word_1_54' title='bbox 458 1161 523 1232; x_wconf 85' lang='grc' dir='ltr'>τοῦ</span> <span class='ocrx_word' id='word_1_55' title='bbox 546 1163 742 1235; x_wconf 79' lang='grc' dir='ltr'>πιστεῦσαι</span> <span class='ocrx_word' id='word_1_56' title='bbox 766 1157 877 1261; x_wconf 81' lang='grc' dir='ltr'>τυχὸν</span> <span class='ocrx_word' id='word_1_57' title='bbox 894 1151 1098 1254; x_wconf 80' lang='grc' dir='ltr'>οἰκειότητα,</span> <span class='ocrx_word' id='word_1_58' title='bbox 1118 1156 1175 1233; x_wconf 83' lang='grc' dir='ltr'>καὶ</span> <span class='ocrx_word' id='word_1_59' title='bbox 1194 1151 1253 1231; x_wconf 88' lang='grc' dir='ltr'>διά</span> <span class='ocrx_word' id='word_1_60' title='bbox 1270 1159 1335 1232; x_wconf 83' lang='grc' dir='ltr'>τοῦ</span> 
     </span>
     <span class='ocr_line' id='line_1_8' title="bbox 137 1262 1335 1384; baseline 0.013 -39"><span class='ocrx_word' id='word_1_61' title='bbox 137 1262 189 1364; x_wconf 83' lang='grc' dir='ltr'>μὴ</span> <span class='ocrx_word' id='word_1_62' title='bbox 218 1267 309 1371; x_wconf 83' lang='grc' dir='ltr'>πρὸς</span> <span class='ocrx_word' id='word_1_63' title='bbox 336 1273 458 1375; x_wconf 75' lang='grc' dir='ltr'>ἑτέραν</span> <span class='ocrx_word' id='word_1_64' title='bbox 485 1277 690 1384; x_wconf 80' lang='grc' dir='ltr'>ἐξοίχεσθαι</span> <span class='ocrx_word' id='word_1_65' title='bbox 719 1281 898 1380; x_wconf 86' lang='grc' dir='ltr'>λατρείαν·</span> <span class='ocrx_word' id='word_1_66' title='bbox 949 1277 1064 1358; x_wconf 77' lang='grc' dir='ltr'>οὐκέτι</span> <span class='ocrx_word' id='word_1_67' title='bbox 1096 1275 1134 1356; x_wconf 78' lang='grc' dir='ltr'>δὲ</span> <span class='ocrx_word' id='word_1_68' title='bbox 1166 1279 1225 1356; x_wconf 81' lang='grc' dir='ltr'>καὶ</span> <span class='ocrx_word' id='word_1_69' title='bbox 1252 1272 1335 1360; x_wconf 86' lang='grc' dir='ltr'>τούς</span> 
     </span>
     <span class='ocr_line' id='line_1_9' title="bbox 138 1387 1330 1510; baseline 0.009 -42"><span class='ocrx_word' id='word_1_70' title='bbox 138 1387 271 1491; x_wconf 86' lang='grc' dir='ltr'>λόγους</span> <span class='ocrx_word' id='word_1_71' title='bbox 298 1395 438 1499; x_wconf 79' lang='grc' dir='ltr'>ἔχοντες</span> <span class='ocrx_word' id='word_1_72' title='bbox 466 1404 503 1480; x_wconf 84' lang='grc' dir='ltr'>ἐν</span> <span class='ocrx_word' id='word_1_73' title='bbox 531 1405 666 1487; x_wconf 85' lang='grc' dir='ltr'>ἑαυτοῖς</span> <span class='ocrx_word' id='word_1_74' title='bbox 693 1401 1041 1510; x_wconf 83' lang='grc' dir='ltr'>καταληφθήσανται</span> <span class='ocrx_word' id='word_1_75' title='bbox 1069 1409 1132 1482; x_wconf 88' lang='grc' dir='ltr'>τοῦ</span> <span class='ocrx_word' id='word_1_76' title='bbox 1154 1405 1330 1503; x_wconf 85' lang='grc' dir='ltr'>Χριστοῦ.</span> 
     </span>
     <span class='ocr_line' id='line_1_10' title="bbox 138 1517 1502 1632; baseline 0.007 -39"><span class='ocrx_word' id='word_1_77' title='bbox 138 1517 197 1594; x_wconf 80' lang='grc' dir='ltr'>καὶ</span> <span class='ocrx_word' id='word_1_78' title='bbox 226 1518 305 1622; x_wconf 83' lang='grc' dir='ltr'>οὐχὶ</span> <span class='ocrx_word' id='word_1_79' title='bbox 332 1521 376 1620; x_wconf 83' lang='grc' dir='ltr'>δὴ</span> <span class='ocrx_word' id='word_1_80' title='bbox 400 1533 506 1604; x_wconf 72' lang='grc' dir='ltr'>τοῖντο</span> <span class='ocrx_word' id='word_1_81' title='bbox 530 1526 673 1612; x_wconf 89' lang='grc' dir='ltr'>ποίντως</span> <span class='ocrx_word' id='word_1_82' title='bbox 702 1526 830 1632; x_wconf 70' lang='grc' dir='ltr'>φαμὲν,</span> <span class='ocrx_word' id='word_1_83' title='bbox 856 1526 910 1607; x_wconf 79' lang='grc' dir='ltr'>ὅτι</span> <span class='ocrx_word' id='word_1_84' title='bbox 938 1524 1033 1632; x_wconf 81' lang='grc' dir='ltr'>λήθη</span> <span class='ocrx_word' id='word_1_85' title='bbox 1060 1525 1366 1632; x_wconf 77' lang='grc' dir='ltr'>καταχώσαντεςο</span> <span class='ocrx_word' id='word_1_86' title='bbox 1385 1543 1502 1602; x_wconf 74' lang='lat' dir='ltr'>sm.</span> 
     </span>
     <span class='ocr_line' id='line_1_11' title="bbox 81 1643 1335 1754; baseline 0.01 -39"><span class='ocrx_word' id='word_1_87' title='bbox 81 1663 123 1704; x_wconf 76' lang='lat'>¹0</span> <span class='ocrx_word' id='word_1_88' title='bbox 138 1643 211 1717; x_wconf 85' lang='grc' dir='ltr'>τῶν</span> <span class='ocrx_word' id='word_1_89' title='bbox 239 1643 458 1745; x_wconf 80' lang='grc' dir='ltr'>εὐαγγελίων</span> <span class='ocrx_word' id='word_1_90' title='bbox 482 1647 524 1730; x_wconf 78' lang='grc' dir='ltr'>τὸ</span> <span class='ocrx_word' id='word_1_91' title='bbox 551 1649 730 1754; x_wconf 87' lang='grc' dir='ltr'>κήρυγμα,</span> <span class='ocrx_word' id='word_1_92' title='bbox 750 1658 938 1736; x_wconf 79' lang='grc' dir='ltr'>παντελῶς</span> <span class='ocrx_word' id='word_1_93' title='bbox 965 1656 1035 1730; x_wconf 87' lang='grc' dir='ltr'>είσι</span> <span class='ocrx_word' id='word_1_94' title='bbox 1063 1655 1136 1728; x_wconf 83' lang='grc' dir='ltr'>τῶν</span> <span class='ocrx_word' id='word_1_95' title='bbox 1163 1657 1228 1729; x_wconf 84' lang='grc' dir='ltr'>τοῦ</span> <span class='ocrx_word' id='word_1_96' title='bbox 1257 1653 1335 1728; x_wconf 81' lang='grc' dir='ltr'>Σω-</span> 
     </span>
     <span class='ocr_line' id='line_1_12' title="bbox 138 1766 1336 1882; baseline 0.003 -35"><span class='ocrx_word' id='word_1_97' title='bbox 138 1767 245 1865; x_wconf 75' lang='grc' dir='ltr'>τῆρος</span> <span class='ocrx_word' id='word_1_98' title='bbox 264 1766 387 1868; x_wconf 88' lang='grc' dir='ltr'>λόγων</span> <span class='ocrx_word' id='word_1_99' title='bbox 405 1773 615 1874; x_wconf 79' lang='grc' dir='ltr'>ἀμνήμονες,</span> <span class='ocrx_word' id='word_1_100' title='bbox 634 1775 790 1856; x_wconf 81' lang='grc' dir='ltr'>ἀλλ’ὅτι</span> <span class='ocrx_word' id='word_1_101' title='bbox 808 1774 957 1876; x_wconf 84' lang='grc' dir='ltr'>μηδενὸς</span> <span class='ocrx_word' id='word_1_102' title='bbox 976 1774 1121 1882; x_wconf 82' lang='grc' dir='ltr'>ἀξιοῦσι</span> <span class='ocrx_word' id='word_1_103' title='bbox 1139 1770 1253 1876; x_wconf 88' lang='grc' dir='ltr'>λόγου</span> <span class='ocrx_word' id='word_1_104' title='bbox 1269 1769 1336 1872; x_wconf 83' lang='grc' dir='ltr'>τὴν</span> 
     </span>
     <span class='ocr_line' id='line_1_13' title="bbox 138 1889 1335 2001; baseline 0.009 -37"><span class='ocrx_word' id='word_1_105' title='bbox 138 1889 178 1965; x_wconf 83' lang='grc' dir='ltr'>ἐν</span> <span class='ocrx_word' id='word_1_106' title='bbox 200 1893 352 2000; x_wconf 76' lang='grc' dir='ltr'>Χριστῷ</span> <span class='ocrx_word' id='word_1_107' title='bbox 378 1900 572 1997; x_wconf 90' lang='grc' dir='ltr'>πολιτείαν,</span> <span class='ocrx_word' id='word_1_108' title='bbox 595 1905 672 1984; x_wconf 88' lang='grc' dir='ltr'>ταῖς</span> <span class='ocrx_word' id='word_1_109' title='bbox 699 1901 803 1985; x_wconf 86' lang='grc' dir='ltr'>ίδίαις</span> <span class='ocrx_word' id='word_1_110' title='bbox 826 1897 868 1980; x_wconf 82' lang='grc' dir='ltr'>τῖι</span> <span class='ocrx_word' id='word_1_111' title='bbox 893 1905 966 1980; x_wconf 82' lang='grc' dir='ltr'>πᾶν</span> <span class='ocrx_word' id='word_1_112' title='bbox 985 1897 1229 2001; x_wconf 77' lang='grc' dir='ltr'>ἐπιτρέποντες</span> <span class='ocrx_word' id='word_1_113' title='bbox 1253 1896 1335 1994; x_wconf 87' lang='grc' dir='ltr'>ἡδο-</span> 
     </span>
     <span class='ocr_line' id='line_1_14' title="bbox 138 2017 1335 2130; baseline 0.015 -42"><span class='ocrx_word' id='word_1_114' title='bbox 138 2019 225 2108; x_wconf 85' lang='grc' dir='ltr'>ναῖς,</span> <span class='ocrx_word' id='word_1_115' title='bbox 252 2018 309 2094; x_wconf 82' lang='grc' dir='ltr'>καῖ</span> <span class='ocrx_word' id='word_1_116' title='bbox 337 2017 428 2120; x_wconf 84' lang='grc' dir='ltr'>πρὸς</span> <span class='ocrx_word' id='word_1_117' title='bbox 455 2019 496 2100; x_wconf 84' lang='grc' dir='ltr'>τὸ</span> <span class='ocrx_word' id='word_1_118' title='bbox 522 2023 618 2121; x_wconf 87' lang='grc' dir='ltr'>μόνοι</span> <span class='ocrx_word' id='word_1_119' title='bbox 645 2030 791 2130; x_wconf 87' lang='grc' dir='ltr'>φρονεῖν</span> <span class='ocrx_word' id='word_1_120' title='bbox 819 2023 864 2103; x_wconf 88' lang='grc' dir='ltr'>τά</span> <span class='ocrx_word' id='word_1_121' title='bbox 891 2025 949 2103; x_wconf 82' lang='grc' dir='ltr'>ἐπὶ</span> <span class='ocrx_word' id='word_1_122' title='bbox 976 2025 1039 2122; x_wconf 78' lang='grc' dir='ltr'>τῆς</span> <span class='ocrx_word' id='word_1_123' title='bbox 1067 2025 1133 2124; x_wconf 74' lang='grc' dir='ltr'>γῆς</span> <span class='ocrx_word' id='word_1_124' title='bbox 1161 2017 1335 2124; x_wconf 69' lang='grc' dir='ltr'>ἀχάλινον</span> 
     </span>
     <span class='ocr_line' id='line_1_15' title="bbox 138 2134 1336 2247; baseline 0.013 -35"><span class='ocrx_word' id='word_1_125' title='bbox 138 2134 279 2239; x_wconf 80' lang='grc' dir='ltr'>ἔχοντες</span> <span class='ocrx_word' id='word_1_126' title='bbox 312 2139 377 2240; x_wconf 82' lang='grc' dir='ltr'>τήν</span> <span class='ocrx_word' id='word_1_127' title='bbox 407 2143 532 2247; x_wconf 82' lang='grc' dir='ltr'>ῥοπήν,</span> <span class='ocrx_word' id='word_1_128' title='bbox 566 2145 625 2226; x_wconf 85' lang='grc' dir='ltr'>δαί</span> <span class='ocrx_word' id='word_1_129' title='bbox 660 2181 698 2226; x_wconf 90' lang='grc' dir='ltr'>τε</span> <span class='ocrx_word' id='word_1_130' title='bbox 735 2156 841 2228; x_wconf 83' lang='grc' dir='ltr'>τοῦτο</span> <span class='ocrx_word' id='word_1_131' title='bbox 878 2151 941 2246; x_wconf 82' lang='grc' dir='ltr'>τῆς</span> <span class='ocrx_word' id='word_1_132' title='bbox 975 2148 1103 2244; x_wconf 79' lang='grc' dir='ltr'>νοητῆς</span> <span class='ocrx_word' id='word_1_133' title='bbox 1134 2145 1192 2224; x_wconf 80' lang='grc' dir='ltr'>καὶ</span> <span class='ocrx_word' id='word_1_134' title='bbox 1229 2144 1336 2244; x_wconf 82' lang='grc' dir='ltr'>ἁγίας</span> 
     </span>
     <span class='ocr_line' id='line_1_16' title="bbox 83 2256 1335 2376; baseline 0.009 -40"><span class='ocrx_word' id='word_1_135' title='bbox 83 2270 123 2330; x_wconf 87' lang='lat'>¹5</span> <span class='ocrx_word' id='word_1_136' title='bbox 137 2256 302 2358; x_wconf 69' lang='grc' dir='ltr'>ἀμπέλου</span> <span class='ocrx_word' id='word_1_137' title='bbox 329 2269 615 2370; x_wconf 82' lang='grc' dir='ltr'>κατασπώμενοι,</span> <span class='ocrx_word' id='word_1_138' title='bbox 639 2277 697 2351; x_wconf 87' lang='grc' dir='ltr'>καὶ</span> <span class='ocrx_word' id='word_1_139' title='bbox 724 2273 824 2352; x_wconf 81' lang='grc' dir='ltr'>αὐτοὶ</span> <span class='ocrx_word' id='word_1_140' title='bbox 851 2277 928 2354; x_wconf 88' lang='grc' dir='ltr'>ταῖς</span> <span class='ocrx_word' id='word_1_141' title='bbox 956 2273 1065 2376; x_wconf 81' lang='grc' dir='ltr'>σφῶν</span> <span class='ocrx_word' id='word_1_142' title='bbox 1087 2267 1205 2346; x_wconf 81' lang='grc' dir='ltr'>αὐτῶν</span> <span class='ocrx_word' id='word_1_143' title='bbox 1227 2273 1335 2373; x_wconf 84' lang='grc' dir='ltr'>φιλο-</span> 
     </span>
     <span class='ocr_line' id='line_1_17' title="bbox 135 2387 1334 2498; baseline 0.01 -37"><span class='ocrx_word' id='word_1_144' title='bbox 135 2387 299 2471; x_wconf 87' lang='grc' dir='ltr'>παθείαις</span> <span class='ocrx_word' id='word_1_145' title='bbox 321 2388 387 2486; x_wconf 85' lang='grc' dir='ltr'>τὴν</span> <span class='ocrx_word' id='word_1_146' title='bbox 405 2396 469 2491; x_wconf 80' lang='grc' dir='ltr'>τῆς</span> <span class='ocrx_word' id='word_1_147' title='bbox 493 2395 703 2494; x_wconf 79' lang='grc' dir='ltr'>οἰκειότητος</span> <span class='ocrx_word' id='word_1_148' title='bbox 722 2393 1018 2498; x_wconf 82' lang='grc' dir='ltr'>ἀπολακτίζοντες</span> <span class='ocrx_word' id='word_1_149' title='bbox 1043 2389 1159 2496; x_wconf 69' lang='grc' dir='ltr'>χάριν.</span> <span class='ocrx_word' id='word_1_150' title='bbox 1199 2387 1334 2473; x_wconf 83' lang='grc' dir='ltr'>παντὸς</span> 
     </span>
    </p>
   </div>
   <div class='ocr_carea' id='block_1_3' title="bbox 77 2504 1503 3366">
    <p class='ocr_par' dir='ltr' id='par_1_3' title="bbox 135 2504 1503 2869">
     <span class='ocr_line' id='line_1_18' title="bbox 135 2504 1503 2631; baseline 0.007 -45"><span class='ocrx_word' id='word_1_151' title='bbox 135 2504 175 2586; x_wconf 77' lang='grc' dir='ltr'>δὲ</span> <span class='ocrx_word' id='word_1_152' title='bbox 193 2511 354 2594; x_wconf 87' lang='grc' dir='ltr'>τοιούτου</span> <span class='ocrx_word' id='word_1_153' title='bbox 371 2516 452 2620; x_wconf 80' lang='grc' dir='ltr'>πέρι</span> <span class='ocrx_word' id='word_1_154' title='bbox 470 2522 529 2598; x_wconf 81' lang='grc' dir='ltr'>καῖ</span> <span class='ocrx_word' id='word_1_155' title='bbox 554 2517 660 2605; x_wconf 82' lang='grc' dir='ltr'>αὐτὸς</span> <span class='ocrx_word' id='word_1_156' title='bbox 682 2520 753 2626; x_wconf 79' lang='grc' dir='ltr'>ἔφη</span> <span class='ocrx_word' id='word_1_157' title='bbox 771 2516 934 2622; x_wconf 88' lang='grc' dir='ltr'>Χριστός</span> <span class='ocrx_word' id='word_1_158' title='bbox 954 2527 975 2566; x_wconf 88' lang='grc'><strong>“</strong></span> <span class='ocrx_word' id='word_1_159' title='bbox 989 2518 1048 2597; x_wconf 88' lang='grc' dir='ltr'>Οὐ</span> <span class='ocrx_word' id='word_1_160' title='bbox 1072 2521 1143 2599; x_wconf 86' lang='grc' dir='ltr'>πάς</span> <span class='ocrx_word' id='word_1_161' title='bbox 1169 2517 1189 2595; x_wconf 84' lang='grc' dir='ltr'><strong>ὁ</strong></span> <span class='ocrx_word' id='word_1_162' title='bbox 1213 2513 1334 2616; x_wconf 73' lang='grc' dir='ltr'>λέγων</span> <span class='ocrx_word' id='word_1_163' title='bbox 1378 2513 1503 2631; x_wconf 41' lang='lat'>23:5¹¹·</span> 
     </span>
     <span class='ocr_line' id='line_1_19' title="bbox 135 2637 1368 2744; baseline 0.006 -33"><span class='ocrx_word' id='word_1_164' title='bbox 135 2643 161 2678; x_wconf 78' lang='lat'>‘⁶</span> <span class='ocrx_word' id='word_1_165' title='bbox 177 2666 238 2730; x_wconf 90' lang='grc' dir='ltr'>μοι</span> <span class='ocrx_word' id='word_1_166' title='bbox 277 2637 386 2739; x_wconf 87' lang='grc' dir='ltr'>Κύριε</span> <span class='ocrx_word' id='word_1_167' title='bbox 423 2640 519 2744; x_wconf 80' lang='grc' dir='ltr'>κύριε</span> <span class='ocrx_word' id='word_1_168' title='bbox 563 2643 807 2724; x_wconf 79' lang='grc' dir='ltr'>εἰσελεύσεται</span> <span class='ocrx_word' id='word_1_169' title='bbox 846 2649 894 2728; x_wconf 88' lang='grc' dir='ltr'>εὶς</span> <span class='ocrx_word' id='word_1_170' title='bbox 931 2638 997 2740; x_wconf 86' lang='grc' dir='ltr'>τὴν</span> <span class='ocrx_word' id='word_1_171' title='bbox 1033 2639 1225 2737; x_wconf 83' lang='grc' dir='ltr'>βασιλείαν</span> <span class='ocrx_word' id='word_1_172' title='bbox 1261 2643 1368 2726; x_wconf 80' lang='grc' dir='ltr'>τῶνι)</span> 
     </span>
     <span class='ocr_line' id='line_1_20' title="bbox 135 2757 1334 2869; baseline 0.008 -34"><span class='ocrx_word' id='word_1_173' title='bbox 135 2767 159 2802; x_wconf 92' lang='lat'><strong>“</strong></span> <span class='ocrx_word' id='word_1_174' title='bbox 177 2759 346 2860; x_wconf 81' lang='grc' dir='ltr'>οὐρανῶν,</span> <span class='ocrx_word' id='word_1_175' title='bbox 366 2767 450 2844; x_wconf 85' lang='grc' dir='ltr'>ἀλλ’</span> <span class='ocrx_word' id='word_1_176' title='bbox 471 2768 491 2846; x_wconf 90' lang='grc' dir='ltr'><strong><em>ὁ</em></strong></span> <span class='ocrx_word' id='word_1_177' title='bbox 509 2773 622 2847; x_wconf 80' lang='grc' dir='ltr'>ταῶν</span> <span class='ocrx_word' id='word_1_178' title='bbox 639 2766 681 2847; x_wconf 82' lang='grc' dir='ltr'>τὸ</span> <span class='ocrx_word' id='word_1_179' title='bbox 700 2757 843 2868; x_wconf 77' lang='grc' dir='ltr'>θίλημο</span> <span class='ocrx_word' id='word_1_180' title='bbox 860 2775 924 2848; x_wconf 86' lang='grc' dir='ltr'>τοῦ</span> <span class='ocrx_word' id='word_1_181' title='bbox 944 2763 1090 2869; x_wconf 86' lang='grc' dir='ltr'>Πατρός</span> <span class='ocrx_word' id='word_1_182' title='bbox 1115 2798 1184 2860; x_wconf 93' lang='grc' dir='ltr'>μου</span> <span class='ocrx_word' id='word_1_183' title='bbox 1207 2771 1271 2844; x_wconf 86' lang='grc' dir='ltr'>τοῦ</span> <span class='ocrx_word' id='word_1_184' title='bbox 1295 2767 1334 2844; x_wconf 82' lang='grc' dir='ltr'>ἐν</span> 
     </span>
    </p>

    <p class='ocr_par' dir='ltr' id='par_1_4' title="bbox 77 2887 1468 3366">
     <span class='ocr_line' id='line_1_21' title="bbox 77 2887 1333 2991; baseline 0.01 -30"><span class='ocrx_word' id='word_1_185' title='bbox 77 2903 121 2943; x_wconf 83' lang='lat'>20</span> <span class='ocrx_word' id='word_1_186' title='bbox 136 2891 158 2927; x_wconf 93' lang='lat'>“</span> <span class='ocrx_word' id='word_1_187' title='bbox 177 2891 251 2968; x_wconf 89' lang='grc' dir='ltr'>τοῖς</span> <span class='ocrx_word' id='word_1_188' title='bbox 269 2887 460 2988; x_wconf 83' lang='grc' dir='ltr'>οὐρανοῖς·”</span> <span class='ocrx_word' id='word_1_189' title='bbox 490 2889 545 2970; x_wconf 81' lang='grc' dir='ltr'>ὅτι</span> <span class='ocrx_word' id='word_1_190' title='bbox 571 2892 609 2971; x_wconf 81' lang='grc' dir='ltr'>δὲ</span> <span class='ocrx_word' id='word_1_191' title='bbox 633 2891 726 2991; x_wconf 87' lang='grc' dir='ltr'>μόνη</span> <span class='ocrx_word' id='word_1_192' title='bbox 752 2895 810 2971; x_wconf 82' lang='grc' dir='ltr'>καὶ</span> <span class='ocrx_word' id='word_1_193' title='bbox 835 2892 916 2971; x_wconf 86' lang='grc' dir='ltr'>καθ’</span> <span class='ocrx_word' id='word_1_194' title='bbox 935 2887 1104 2988; x_wconf 80' lang='grc' dir='ltr'>ἔαυτήνὴ</span> <span class='ocrx_word' id='word_1_195' title='bbox 1127 2889 1251 2972; x_wconf 85' lang='grc' dir='ltr'>πίστις</span> <span class='ocrx_word' id='word_1_196' title='bbox 1269 2892 1333 2987; x_wconf 78' lang='grc' dir='ltr'>τῆς</span> 
     </span>
     <span class='ocr_line' id='line_1_22' title="bbox 134 3007 1332 3119; baseline 0.005 -35"><span class='ocrx_word' id='word_1_197' title='bbox 134 3007 175 3085; x_wconf 87' lang='grc' dir='ltr'>ε’κ</span> <span class='ocrx_word' id='word_1_198' title='bbox 192 3015 265 3087; x_wconf 82' lang='grc' dir='ltr'>τῶν</span> <span class='ocrx_word' id='word_1_199' title='bbox 282 3010 398 3114; x_wconf 79' lang='grc' dir='ltr'>ἔργων</span> <span class='ocrx_word' id='word_1_200' title='bbox 416 3012 652 3118; x_wconf 84' lang='grc' dir='ltr'>φαιδρότητος</span> <span class='ocrx_word' id='word_1_201' title='bbox 671 3017 712 3094; x_wconf 87' lang='grc' dir='ltr'>οὐ</span> <span class='ocrx_word' id='word_1_202' title='bbox 731 3023 899 3119; x_wconf 84' lang='grc' dir='ltr'>λαχοῦσα</span> <span class='ocrx_word' id='word_1_203' title='bbox 920 3013 986 3111; x_wconf 84' lang='grc' dir='ltr'>τὴν</span> <span class='ocrx_word' id='word_1_204' title='bbox 1003 3008 1222 3114; x_wconf 83' lang='grc' dir='ltr'>συνδρομήν,</span> <span class='ocrx_word' id='word_1_205' title='bbox 1243 3013 1332 3091; x_wconf 91' lang='grc' dir='ltr'>ἀπο-</span> 
     </span>
     <span class='ocr_line' id='line_1_23' title="bbox 133 3131 1333 3244; baseline 0.002 -32"><span class='ocrx_word' id='word_1_206' title='bbox 133 3131 303 3235; x_wconf 81' lang='grc' dir='ltr'>χριίντως</span> <span class='ocrx_word' id='word_1_207' title='bbox 331 3137 399 3242; x_wconf 87' lang='grc' dir='ltr'>οὐχ</span> <span class='ocrx_word' id='word_1_208' title='bbox 426 3137 497 3244; x_wconf 77' lang='grc' dir='ltr'>ἕξει</span> <span class='ocrx_word' id='word_1_209' title='bbox 524 3145 573 3223; x_wconf 85' lang='grc' dir='ltr'>είς</span> <span class='ocrx_word' id='word_1_210' title='bbox 600 3137 642 3220; x_wconf 80' lang='grc' dir='ltr'>τὸ</span> <span class='ocrx_word' id='word_1_211' title='bbox 672 3138 850 3218; x_wconf 84' lang='grc' dir='ltr'>δύνασθαι</span> <span class='ocrx_word' id='word_1_212' title='bbox 876 3137 1061 3244; x_wconf 86' lang='grc' dir='ltr'>προξενεῖν</span> <span class='ocrx_word' id='word_1_213' title='bbox 1079 3135 1145 3235; x_wconf 84' lang='grc' dir='ltr'>τὴν</span> <span class='ocrx_word' id='word_1_214' title='bbox 1165 3140 1215 3219; x_wconf 89' lang='grc' dir='ltr'>είς</span> <span class='ocrx_word' id='word_1_215' title='bbox 1236 3133 1333 3216; x_wconf 86' lang='grc' dir='ltr'>Θεὸν</span> 
     </span>
     <span class='ocr_line' id='line_1_24' title="bbox 134 3256 1468 3366; baseline 0.004 -31"><span class='ocrx_word' id='word_1_216' title='bbox 134 3256 341 3356; x_wconf 81' lang='grc' dir='ltr'>οἰκειότητα,</span> <span class='ocrx_word' id='word_1_217' title='bbox 369 3264 535 3360; x_wconf 91' lang='grc' dir='ltr'>σημαίνει</span> <span class='ocrx_word' id='word_1_218' title='bbox 563 3264 682 3366; x_wconf 77' lang='grc' dir='ltr'>λε’γων</span> <span class='ocrx_word' id='word_1_219' title='bbox 709 3265 767 3343; x_wconf 81' lang='grc' dir='ltr'>καὶ</span> <span class='ocrx_word' id='word_1_220' title='bbox 800 3264 820 3341; x_wconf 86' lang='grc' dir='ltr'>ὁ</span> <span class='ocrx_word' id='word_1_221' title='bbox 854 3267 1019 3365; x_wconf 84' lang='grc' dir='ltr'>Χριστοῦ</span> <span class='ocrx_word' id='word_1_222' title='bbox 1049 3258 1211 3360; x_wconf 80' lang='grc' dir='ltr'>μαθητής</span> <span class='ocrx_word' id='word_1_223' title='bbox 1238 3269 1260 3307; x_wconf 91' lang='grc'><strong>“</strong></span> <span class='ocrx_word' id='word_1_224' title='bbox 1278 3259 1331 3340; x_wconf 84' lang='grc' dir='ltr'>Σύ</span> <span class='ocrx_word' id='word_1_225' title='bbox 1378 3271 1468 3352; x_wconf 50' lang='lat'>§³⁸⁰-</span> 
     </span>
    </p>
   </div>
   <div class='ocr_carea' id='block_1_4' title="bbox 134 3353 1456 3484">
    <p class='ocr_par' dir='ltr' id='par_1_5' title="bbox 134 3353 1456 3484">
     <span class='ocr_line' id='line_1_25' title="bbox 134 3353 1456 3484; baseline 0.003 -24"><span class='ocrx_word' id='word_1_226' title='bbox 134 3388 158 3425; x_wconf 92' lang='lat'><strong>“</strong></span> <span class='ocrx_word' id='word_1_227' title='bbox 175 3382 353 3467; x_wconf 87' lang='grc' dir='ltr'>πιστεύεις</span> <span class='ocrx_word' id='word_1_228' title='bbox 373 3383 426 3465; x_wconf 81' lang='grc' dir='ltr'>ὅτι</span> <span class='ocrx_word' id='word_1_229' title='bbox 445 3385 494 3469; x_wconf 80' lang='grc' dir='ltr'>εἷς</span> <span class='ocrx_word' id='word_1_230' title='bbox 513 3389 533 3466; x_wconf 85' lang='grc' dir='ltr'><strong>ὁ</strong></span> <span class='ocrx_word' id='word_1_231' title='bbox 553 3387 659 3471; x_wconf 75' lang='grc' dir='ltr'>Θεός</span> <span class='ocrx_word' id='word_1_232' title='bbox 689 3389 747 3466; x_wconf 82' lang='grc' dir='ltr'>καὶ</span> <span class='ocrx_word' id='word_1_233' title='bbox 768 3385 814 3466; x_wconf 87' lang='grc' dir='ltr'>τά</span> <span class='ocrx_word' id='word_1_234' title='bbox 838 3385 1002 3484; x_wconf 86' lang='grc' dir='ltr'>δαιμόνια</span> <span class='ocrx_word' id='word_1_235' title='bbox 1025 3386 1253 3480; x_wconf 86' lang='grc' dir='ltr'>πιστεύουσι,</span> <span class='ocrx_word' id='word_1_236' title='bbox 1273 3389 1332 3464; x_wconf 84' lang='grc' dir='ltr'>καὶ</span> <span class='ocrx_word' id='word_1_237' title='bbox 1377 3353 1404 3389; x_wconf 64' lang='lat' dir='ltr'><strong>a</strong></span> <span class='ocrx_word' id='word_1_238' title='bbox 1418 3353 1456 3404; x_wconf 54' lang='lat'>¹⁹⁹</span> 
     </span>
    </p>
   </div>
   <div class='ocr_carea' id='block_1_5' title="bbox 78 3507 1361 4482">
    <p class='ocr_par' dir='ltr' id='par_1_6' title="bbox 78 3507 1361 4107">
     <span class='ocr_line' id='line_1_26' title="bbox 78 3507 1332 3614; baseline 0.007 -32"><span class='ocrx_word' id='word_1_239' title='bbox 78 3519 120 3582; x_wconf 64' lang='grc' dir='ltr'>Ξ5</span> <span class='ocrx_word' id='word_1_240' title='bbox 135 3513 157 3551; x_wconf 87' lang='grc'><strong>“</strong></span> <span class='ocrx_word' id='word_1_241' title='bbox 176 3507 420 3610; x_wconf 84' lang='grc' dir='ltr'>φρίττουσιν.”</span> <span class='ocrx_word' id='word_1_242' title='bbox 449 3507 524 3590; x_wconf 82' lang='grc' dir='ltr'>εἶτα</span> <span class='ocrx_word' id='word_1_243' title='bbox 551 3517 725 3614; x_wconf 80' lang='grc' dir='ltr'>προσερεῖ</span> <span class='ocrx_word' id='word_1_244' title='bbox 748 3545 801 3594; x_wconf 87' lang='grc' dir='ltr'>τις</span> <span class='ocrx_word' id='word_1_245' title='bbox 828 3510 896 3611; x_wconf 81' lang='grc' dir='ltr'>ἤδη</span> <span class='ocrx_word' id='word_1_246' title='bbox 924 3516 997 3593; x_wconf 90' lang='grc' dir='ltr'>τοῖς</span> <span class='ocrx_word' id='word_1_247' title='bbox 1025 3507 1187 3612; x_wconf 74' lang='grc' dir='ltr'>ἀρκέσειν</span> <span class='ocrx_word' id='word_1_248' title='bbox 1214 3509 1332 3593; x_wconf 88' lang='grc' dir='ltr'>αὐτοῖς</span> 
     </span>
     <span class='ocr_line' id='line_1_27' title="bbox 134 3630 1333 3734; baseline 0 -23"><span class='ocrx_word' id='word_1_249' title='bbox 134 3630 275 3732; x_wconf 88' lang='grc' dir='ltr'>γυμνήν</span> <span class='ocrx_word' id='word_1_250' title='bbox 297 3667 336 3712; x_wconf 93' lang='grc' dir='ltr'>τε</span> <span class='ocrx_word' id='word_1_251' title='bbox 361 3636 419 3712; x_wconf 78' lang='grc' dir='ltr'>καί</span> <span class='ocrx_word' id='word_1_252' title='bbox 443 3631 557 3734; x_wconf 86' lang='grc' dir='ltr'>μόνην</span> <span class='ocrx_word' id='word_1_253' title='bbox 581 3637 752 3733; x_wconf 71' lang='grc' dir='ltr'>οἰομένοις</span> <span class='ocrx_word' id='word_1_254' title='bbox 779 3632 844 3734; x_wconf 83' lang='grc' dir='ltr'>τὴν</span> <span class='ocrx_word' id='word_1_255' title='bbox 865 3635 990 3714; x_wconf 91' lang='grc' dir='ltr'>πίστιν</span> <span class='ocrx_word' id='word_1_256' title='bbox 1008 3639 1056 3717; x_wconf 89' lang='grc' dir='ltr'>εῖς</span> <span class='ocrx_word' id='word_1_257' title='bbox 1084 3631 1126 3714; x_wconf 78' lang='grc' dir='ltr'>τί)</span> <span class='ocrx_word' id='word_1_258' title='bbox 1154 3631 1333 3713; x_wconf 88' lang='grc' dir='ltr'>δύνασθαι</span> 
     </span>
     <span class='ocr_line' id='line_1_28' title="bbox 133 3752 1361 3862; baseline 0.003 -29"><span class='ocrx_word' id='word_1_259' title='bbox 133 3752 201 3852; x_wconf 82' lang='grc' dir='ltr'>τὴν</span> <span class='ocrx_word' id='word_1_260' title='bbox 228 3755 363 3836; x_wconf 82' lang='grc' dir='ltr'>ἀνωθεν</span> <span class='ocrx_word' id='word_1_261' title='bbox 390 3757 585 3859; x_wconf 81' lang='grc' dir='ltr'>οἰκειότητα</span> <span class='ocrx_word' id='word_1_262' title='bbox 612 3765 806 3862; x_wconf 86' lang='grc' dir='ltr'>περιποιεῖν</span> <span class='ocrx_word' id='word_1_263' title='bbox 821 3755 921 3862; x_wconf 83' lang='grc' dir='ltr'>Ἀρα</span> <span class='ocrx_word' id='word_1_264' title='bbox 949 3761 1007 3838; x_wconf 88' lang='grc' dir='ltr'>καὶ</span> <span class='ocrx_word' id='word_1_265' title='bbox 1034 3757 1121 3837; x_wconf 82' lang='grc' dir='ltr'>αὐτὸ</span> <span class='ocrx_word' id='word_1_266' title='bbox 1149 3765 1221 3837; x_wconf 84' lang='grc' dir='ltr'>τῶν</span> <span class='ocrx_word' id='word_1_267' title='bbox 1249 3763 1361 3838; x_wconf 82' lang='grc' dir='ltr'>δαι·(ι</span> 
     </span>
     <span class='ocr_line' id='line_1_29' title="bbox 131 3878 1331 3986; baseline 0.007 -30"><span class='ocrx_word' id='word_1_268' title='bbox 131 3878 253 3972; x_wconf 91' lang='grc' dir='ltr'>μόνων</span> <span class='ocrx_word' id='word_1_269' title='bbox 271 3879 313 3960; x_wconf 85' lang='grc' dir='ltr'>τὸ</span> <span class='ocrx_word' id='word_1_270' title='bbox 330 3887 463 3986; x_wconf 81' lang='grc' dir='ltr'>στῖφος</span> <span class='ocrx_word' id='word_1_271' title='bbox 487 3885 739 3986; x_wconf 86' lang='grc' dir='ltr'>ἀναδραμεῖται</span> <span class='ocrx_word' id='word_1_272' title='bbox 761 3881 853 3986; x_wconf 86' lang='grc' dir='ltr'>πρὸς</span> <span class='ocrx_word' id='word_1_273' title='bbox 878 3883 1073 3983; x_wconf 76' lang='grc' dir='ltr'>οἰκειότητα</span> <span class='ocrx_word' id='word_1_274' title='bbox 1091 3881 1157 3981; x_wconf 79' lang='grc' dir='ltr'>τήν</span> <span class='ocrx_word' id='word_1_275' title='bbox 1175 3886 1223 3964; x_wconf 84' lang='grc' dir='ltr'>ὡς</span> <span class='ocrx_word' id='word_1_276' title='bbox 1240 3881 1331 3982; x_wconf 83' lang='grc' dir='ltr'>πρὸς</span> 
     </span>
     <span class='ocr_line' id='line_1_30' title="bbox 132 4001 1330 4107; baseline 0.003 -26"><span class='ocrx_word' id='word_1_277' title='bbox 132 4001 240 4100; x_wconf 85' lang='grc' dir='ltr'>Θεὸν,</span> <span class='ocrx_word' id='word_1_278' title='bbox 259 4005 402 4107; x_wconf 85' lang='grc' dir='ltr'>ε’πείπερ</span> <span class='ocrx_word' id='word_1_279' title='bbox 420 4001 513 4086; x_wconf 82' lang='grc' dir='ltr'>οἶδεν</span> <span class='ocrx_word' id='word_1_280' title='bbox 530 4006 592 4086; x_wconf 81' lang='grc' dir='ltr'>ἕνα</span> <span class='ocrx_word' id='word_1_281' title='bbox 608 4041 647 4088; x_wconf 93' lang='grc' dir='ltr'>τε</span> <span class='ocrx_word' id='word_1_282' title='bbox 667 4011 724 4086; x_wconf 82' lang='grc' dir='ltr'>καί</span> <span class='ocrx_word' id='word_1_283' title='bbox 743 4005 830 4087; x_wconf 87' lang='grc' dir='ltr'>ὅντα</span> <span class='ocrx_word' id='word_1_284' title='bbox 847 4006 1083 4100; x_wconf 82' lang='grc' dir='ltr'>πεπίστευκε;</span> <span class='ocrx_word' id='word_1_285' title='bbox 1112 4007 1170 4085; x_wconf 77' lang='grc' dir='ltr'>καί</span> <span class='ocrx_word' id='word_1_286' title='bbox 1188 4012 1267 4088; x_wconf 85' lang='grc' dir='ltr'>πῶς</span> <span class='ocrx_word' id='word_1_287' title='bbox 1285 4003 1330 4084; x_wconf 86' lang='grc' dir='ltr'>ἀν</span> 
     </span>
    </p>

    <p class='ocr_par' dir='ltr' id='par_1_7' title="bbox 78 4125 1330 4482">
     <span class='ocr_line' id='line_1_31' title="bbox 78 4125 1330 4234; baseline 0 -26"><span class='ocrx_word' id='word_1_288' title='bbox 78 4149 120 4208; x_wconf 81' lang='lat'>30</span> <span class='ocrx_word' id='word_1_289' title='bbox 132 4125 185 4225; x_wconf 87' lang='grc' dir='ltr'>ε’ίη</span> <span class='ocrx_word' id='word_1_290' title='bbox 210 4127 317 4207; x_wconf 84' lang='grc' dir='ltr'>τοῦτό</span> <span class='ocrx_word' id='word_1_291' title='bbox 343 4161 408 4231; x_wconf 89' lang='grc' dir='ltr'>γε;</span> <span class='ocrx_word' id='word_1_292' title='bbox 441 4127 483 4210; x_wconf 81' lang='grc' dir='ltr'>τὸ</span> <span class='ocrx_word' id='word_1_293' title='bbox 508 4129 580 4234; x_wconf 80' lang='grc' dir='ltr'>γὰρ</span> <span class='ocrx_word' id='word_1_294' title='bbox 604 4131 729 4211; x_wconf 77' lang='grc' dir='ltr'>εἰδέναι</span> <span class='ocrx_word' id='word_1_295' title='bbox 746 4128 857 4231; x_wconf 89' lang='grc' dir='ltr'>μόνον</span> <span class='ocrx_word' id='word_1_296' title='bbox 874 4132 1026 4234; x_wconf 83' lang='grc' dir='ltr'>ἀχρεῖον,</span> <span class='ocrx_word' id='word_1_297' title='bbox 1045 4127 1099 4208; x_wconf 78' lang='grc' dir='ltr'>ὅτι</span> <span class='ocrx_word' id='word_1_298' title='bbox 1119 4127 1211 4212; x_wconf 86' lang='grc' dir='ltr'>Θεός</span> <span class='ocrx_word' id='word_1_299' title='bbox 1229 4130 1330 4209; x_wconf 89' lang='grc' dir='ltr'>ε’στιν</span> 
     </span>
     <span class='ocr_line' id='line_1_32' title="bbox 131 4247 1329 4358; baseline 0.003 -30"><span class='ocrx_word' id='word_1_300' title='bbox 131 4248 179 4334; x_wconf 88' lang='grc' dir='ltr'>εῖς</span> <span class='ocrx_word' id='word_1_301' title='bbox 198 4251 218 4329; x_wconf 86' lang='grc' dir='ltr'><strong>ὁ</strong></span> <span class='ocrx_word' id='word_1_302' title='bbox 239 4248 386 4332; x_wconf 82' lang='grc' dir='ltr'>πάντων</span> <span class='ocrx_word' id='word_1_303' title='bbox 403 4253 551 4355; x_wconf 84' lang='grc' dir='ltr'>ποιητής</span> <span class='ocrx_word' id='word_1_304' title='bbox 576 4289 614 4336; x_wconf 89' lang='grc' dir='ltr'>τε</span> <span class='ocrx_word' id='word_1_305' title='bbox 639 4257 698 4335; x_wconf 83' lang='grc' dir='ltr'>καὶ</span> <span class='ocrx_word' id='word_1_306' title='bbox 723 4252 985 4356; x_wconf 87' lang='grc' dir='ltr'>γενεσιουργός·</span> <span class='ocrx_word' id='word_1_307' title='bbox 1015 4255 1087 4332; x_wconf 83' lang='grc' dir='ltr'>δεῖν</span> <span class='ocrx_word' id='word_1_308' title='bbox 1105 4250 1144 4331; x_wconf 77' lang='grc' dir='ltr'>δὲ</span> <span class='ocrx_word' id='word_1_309' title='bbox 1166 4247 1329 4358; x_wconf 78' lang='grc' dir='ltr'>οῖμαιτῇ</span> 
     </span>
     <span class='ocr_line' id='line_1_33' title="bbox 131 4373 1329 4482; baseline 0.002 -28"><span class='ocrx_word' id='word_1_310' title='bbox 131 4373 255 4454; x_wconf 88' lang='grc' dir='ltr'>πίστει</span> <span class='ocrx_word' id='word_1_311' title='bbox 291 4386 608 4482; x_wconf 89' lang='grc' dir='ltr'>συμπαρομαρτεῖν</span> <span class='ocrx_word' id='word_1_312' title='bbox 639 4381 698 4459; x_wconf 82' lang='grc' dir='ltr'>καὶ</span> <span class='ocrx_word' id='word_1_313' title='bbox 735 4382 798 4478; x_wconf 81' lang='grc' dir='ltr'>τῆς</span> <span class='ocrx_word' id='word_1_314' title='bbox 834 4383 883 4462; x_wconf 85' lang='grc' dir='ltr'>εἰς</span> <span class='ocrx_word' id='word_1_315' title='bbox 919 4375 1027 4456; x_wconf 82' lang='grc' dir='ltr'>αὐτὸν</span> <span class='ocrx_word' id='word_1_316' title='bbox 1063 4377 1251 4472; x_wconf 81' lang='grc' dir='ltr'>εὐλαβείας</span> <span class='ocrx_word' id='word_1_317' title='bbox 1286 4376 1329 4457; x_wconf 86' lang='grc' dir='ltr'>τὸ</span> 
     </span>
    </p>
   </div>
   <div class='ocr_carea' id='block_1_6' title="bbox 242 4593 1222 4762">
    <p class='ocr_par' dir='ltr' id='par_1_8' title="bbox 242 4593 1222 4762">
     <span class='ocr_line' id='line_1_34' title="bbox 242 4593 1222 4669; baseline 0.001 -20"><span class='ocrx_word' id='word_1_318' title='bbox 242 4609 285 4666; x_wconf 81' lang='lat'>25.</span> <span class='ocrx_word' id='word_1_319' title='bbox 304 4597 430 4666; x_wconf 83' lang='grc' dir='ltr'>προσερεῖ</span> <span class='ocrx_word' id='word_1_320' title='bbox 441 4595 474 4652; x_wconf 82' lang='grc' dir='ltr'>Ε.</span> <span class='ocrx_word' id='word_1_321' title='bbox 487 4600 542 4654; x_wconf 75' lang='grc' dir='ltr'>πῶς</span> <span class='ocrx_word' id='word_1_322' title='bbox 553 4597 606 4669; x_wconf 77' lang='grc' dir='ltr'>ίρεὶ</span> <span class='ocrx_word' id='word_1_323' title='bbox 619 4595 671 4652; x_wconf 78' lang='lat' dir='ltr'>Ed.</span> <span class='ocrx_word' id='word_1_324' title='bbox 895 4607 938 4668; x_wconf 74' lang='grc' dir='ltr'>ογ.</span> <span class='ocrx_word' id='word_1_325' title='bbox 956 4595 1019 4650; x_wconf 77' lang='grc' dir='ltr'>αὐτὸ</span> <span class='ocrx_word' id='word_1_326' title='bbox 1032 4593 1064 4650; x_wconf 74' lang='grc' dir='ltr'>Β.</span> <span class='ocrx_word' id='word_1_327' title='bbox 1075 4593 1160 4650; x_wconf 78' lang='grc' dir='ltr'>αάτιῖιν</span> <span class='ocrx_word' id='word_1_328' title='bbox 1171 4593 1222 4652; x_wconf 74' lang='lat' dir='ltr'>Ed.</span> 
     </span>
     <span class='ocr_line' id='line_1_35' title="bbox 685 4695 774 4762; baseline 0.011 -19"><span class='ocrx_word' id='word_1_329' title='bbox 685 4699 708 4762; x_wconf 88' lang='lat'>4</span> <span class='ocrx_word' id='word_1_330' title='bbox 722 4697 740 4743; x_wconf 85' lang='lat' dir='ltr'>c</span> <span class='ocrx_word' id='word_1_331' title='bbox 757 4695 774 4744; x_wconf 82' lang='grc' dir='ltr'>ι</span> 
     </span>
    </p>
   </div>
   <div class='ocr_carea' id='block_1_7' title="bbox 0 0 1642 5118">
    <p class='ocr_par' dir='ltr' id='par_1_9' title="bbox 0 0 1642 5118">
     <span class='ocr_line' id='line_1_36' title="bbox 0 0 1642 5118; baseline 0 3"><span class='ocrx_word' id='word_1_332' title='bbox 0 0 1642 5118; x_wconf 95' lang='lat' dir='ltr'> </span> 
     </span>
    </p>
   </div>
  </div>
 </body>
</html>
