3118 5132
286 392 353 458 438
591 395 631 461 B.
655 395 867 462 CYRILLI
896 395 1186 463 ALEXANDR.
1357 393 1421 458 xiv.
1437 410 1504 456 11.

288 555 511 658 Χριστιανὸν
532 565 708 664 προσερεῖ
730 558 795 641 τόν
817 563 910 642 οἴσω
938 560 1190 662 διεσκεμμένον
1216 560 1274 639 καὶ
1301 564 1503 666 πεφρονη-

289 677 378 758 κότα
395 683 476 784 περὶ
494 687 661 785 Χριστοῦ
673 716 684 781 ;
716 683 793 765 ἰδοῦ
817 684 890 788 γάρ
916 683 1003 782 ἰδοῦ,
1020 687 1079 766 καὶ
1103 686 1206 784 μάλα
1231 688 1374 788 σαφῶς,
1394 677 1508 760 Θεὸν

260 800 355 901 ῦμέν
378 802 488 885 αὑτὸν
512 807 627 888 ούκέτι
655 811 773 914 φησὶν
796 812 952 910 ἀληθῶς·
980 809 1242 916 ῥιψοκινδύνως
1270 805 1309 886 δὲ
1335 807 1509 908 περιθεὶς

289 923 331 1005 τό
357 927 496 1030 πρέπον
522 937 597 1016 τοῖς
624 935 804 1032 κτίσμασι
830 933 963 1037 μέτρον
989 935 1098 1040 αὐτῷ,
1123 929 1301 1038 θεοφόρον
1324 927 1405 1009 τινὰ
1431 929 1507 1007 καὶ

289 1053 386 1130 Θεοῦ
417 1051 581 1158 μέτοχον,
611 1054 724 1158 ἤγουν
753 1059 792 1137 έκ
822 1061 919 1137 θεοῦ
950 1057 1165 1158 γεννηθέντα
1192 1054 1289 1135 Θεὸν
1316 1051 1550 1155 κηρύττει.5

287 1172 427 1260 σκοπὸς
454 1175 526 1280 γὰρ
553 1179 650 1288 αύτῷ
677 1178 737 1260 διά
763 1181 908 1280 παντὸς,
931 1183 979 1266 ὡς
1009 1181 1093 1264 έπος
1123 1186 1241 1276 εἰπεῖν,
1263 1176 1399 1280 τρόπου
1430 1177 1505 1254 καὶ

256 1327 262 1334 ·
288 1295 404 1399 λόγου
422 1303 488 1400 τῆς
505 1302 632 1388 σύσίας
650 1311 715 1384 τοῦ
734 1309 831 1384 Θεοῦ
847 1307 906 1384 καὶ
925 1302 1071 1410 Πατρός
1095 1308 1284 1387 παντελῶς
1308 1299 1504 1402 ἀπείργειν

287 1421 407 1522 αὐτόν,
435 1429 494 1505 καὶ
521 1423 677 1507 εῖσάπαν
704 1431 894 1528 ἀποτεμεῖν
922 1432 986 1528 τῆς
1013 1432 1171 1535 φυσικῆς
1205 1428 1264 1507 καὶ
1295 1422 1503 1506 ούσιιόδους

288 1544 511 1647 οἰκειότητος,
529 1549 573 1650 ἧς
592 1549 665 1655 ἔχει
681 1550 773 1654 πρὸς
790 1549 854 1632 τόν
871 1555 997 1632 ἑαυτοῦ
1017 1550 1163 1652 Πατέρα
1181 1554 1240 1630 καὶ
1258 1547 1364 1629 Θεόν.

345 1665 437 1749 Εἶτα
460 1671 498 1750 τί
519 1669 566 1752 ἀν
582 1672 720 1775 γένοιτο
741 1680 814 1754 τῶν
831 1673 1002 1755 τοιούτων
1019 1673 1062 1756 τὸ
1088 1677 1302 1776 ῦπερτερσῦν
1320 1676 1368 1754 εῖς
1393 1671 1499 1750 ἀπο·
1523 1699 1559 1740 1·

287 1793 473 1900 πληξίαν;
502 1792 628 1896 ἢπῦς
654 1799 718 1880 ούκ
743 1798 788 1878 ἀν
805 1833 869 1896 τις,
888 1802 977 1880 ὡσεὶ
1002 1807 1139 1902 νεκροῖς
1162 1797 1230 1898 ἤδη
1255 1798 1314 1876 καὶ
1339 1797 1499 1874 ἀπολω-

253 1914 386 2015 (Ῑλόσι,
408 1917 451 1999 τό
475 1921 514 2000 ἐκ
539 1925 603 2020 τῆς
627 1921 770 2024 ἀγάπης
795 1921 988 2030 ε’πιστάξαι
1014 1921 1168 2026 δάκρυον
1189 1921 1371 2026 ἀχαλίνως
1396 1920 1502 1996 οὕτω

118 2031 193 2150 ff?
288 2043 541 2144 τετραμμένοις
565 2049 614 2130 εῖς
638 2042 820 2141 ἀσέβειαν·
854 2048 927 2150 ε’ρεῖ
947 2045 985 2126 δέ
1010 2049 1069 2126 καὶ
1094 2045 1179 2126 λίαν
1196 2043 1365 2144 εὐκαίρως
1384 2051 1405 2088 “
1423 2041 1502 2125 Τίς

287 2175 310 2212 “
328 2165 440 2248 δόσει
458 2173 504 2274 τῇ
523 2175 668 2276 κεφαλῇ
687 2204 757 2268 μον
773 2173 869 2273 ὕδωρ
888 2171 1036 2254 καὶτοῖς
1054 2171 1261 2276 ὀφθαλμοῖς
1281 2201 1352 2265 μου
1368 2164 1501 2268 πηγὴν

288 2301 310 2340 “
327 2291 504 2395 δακρύων,
537 2296 596 2374 καὶ
632 2294 842 2394 κλαύσομαι
875 2292 940 2374 τὸν
971 2292 1063 2374 λαόν
1098 2302 1227 2374 τοῦτον
1263 2291 1395 2392 ἡμέρας
1432 2293 1499 2368 καὶ
1519 2319 1559 2360 1·

288 2424 311 2462 “
328 2415 455 2500 νυκτός
471 2417 504 2512 ;”
544 2419 601 2498 ε’πὶ
633 2415 706 2520 γάρ
740 2425 815 2502 τοῖς
850 2416 896 2498 τὰ
932 2425 1080 2499 τοιαῦτα
1115 2422 1262 2525 φρονεῖν
1293 2413 1497 2513 ἑλομένοις,

288 2536 438 2640 ἀκρατὲς
461 2539 507 2620 ἀν
529 2574 582 2624 τις
610 2539 754 2626 εἰκότως
780 2540 973 2648 ε’πιστόξαι
1000 2539 1162 2644 δάκρυον.
1204 2536 1324 2637 ἐπειδὴ
1351 2535 1389 2618 δέ
1417 2544 1500 2621 τοῖς

288 2659 332 2768 ἐξ
357 2663 527 2762 ἀληθείας
554 2663 739 2766 δόγμασιν
764 2665 1031 2768 ἀποκρούεσθαι
1056 2669 1129 2746 δεῖν
1152 2663 1218 2750 τοῖς
1244 2661 1329 2766 παρ’
1349 2662 1500 2741 ἐκείνων

288 2787 534 2890 συκοφαντίας
566 2785 762 2890 προσήκειν
790 2788 1053 2887 ἀπολαμβάνω,
1078 2786 1137 2868 διά
1167 2786 1210 2868 τὸ
1241 2793 1315 2870 τοῖς
1346 2785 1493 2866 ἁπλου-

289 2905 429 3011 στέροις
458 2909 657 3008 λυσιτελὲς,
685 2909 771 3017 φέρε
799 2909 914 2992 πόλιν
941 2913 1060 2996 αύτσῖς
1091 2915 1203 2992 ε’κεῖνσ
1235 2909 1409 3012 λέγωμεν,
1436 2906 1497 2988 ὅτι
1513 2939 1557 2980 20

123 3026 225 3144 {iffi
260 3027 478 3132 ,ζηλοῦντες
510 3032 738 3136 ἐζηλώκαμεν
767 3040 819 3142 τῷ
852 3036 986 3143 Κυρίῳ.
1038 3037 1060 3116 ὁ
1096 3033 1169 3138 γάρ
1205 3067 1261 3114 τοι
1297 3035 1496 3115 θεσπέσιος

290 3157 451 3254 Παῦλος,
469 3152 500 3235 ιδ
526 3155 678 3259 οῦτοι,ἢ
704 3159 768 3238 καί
787 3192 841 3242 τις
867 3159 985 3263 ἕτερος
1007 3165 1081 3240 τιῦν
1103 3159 1227 3261 ἁγίων,
1245 3155 1310 3237 τὸν
1329 3154 1498 3259 Χριστὸν

289 3276 429 3382 ἔχοντες
455 3287 533 3365 ταῖς
562 3283 696 3362 έαιπῦν
723 3284 890 3368 διανοίαις
916 3283 1158 3364 ἐνοικισθέντα
1190 3279 1249 3361 διὰ
1277 3288 1342 3360 τσῦ
1371 3277 1492 3360 Πνεύ·

288 3435 412 3502 ματος,
431 3403 545 3508 ἔδρων
563 3405 602 3484 εδ
620 3404 724 3504 μάλα
740 3405 788 3486 τά
805 3410 980 3488 δοκοῦντα
998 3411 1095 3514 Θεῷ,
1116 3408 1174 3486 καὶ
1192 3406 1401 3508 δημιουργοὶ
1420 3409 1497 3484 τιῦν

287 3524 505 3634 παραδόξων
528 3528 729 3634 ἐφαίνοντο.
773 3530 901 3609 οὐκοῦν
920 3529 1102 3633 ἀραρεν,ό
1129 3562 1165 3608 τι
1193 3531 1292 3629 δοίης
1317 3530 1351 3607 δ’
1370 3526 1416 3606 ἀν
1434 3527 1495 3608 καὶ
1511 3555 1552 3617 ²5

288 3647 394 3734 αύτός
423 3647 596 3754 ύπάρχειν
623 3650 766 3752 ἀληθὲς,
789 3655 837 3738 ὡς
865 3651 1052 3756 ἄνθρωποί
1075 3685 1114 3733 τε
1141 3650 1347 3758 τὴνφύσιν
1372 3649 1492 3751 ὼτιίρ·

287 3805 424 3878 χοντες,
451 3775 510 3853 καὶ
542 3772 662 3877 ἕτερόν
690 3808 724 3853 τι
756 3773 848 3856 κατά
879 3773 946 3876 τὴν
973 3777 1103 3856 σύσίαν
1128 3773 1229 3878 παρὰ
1260 3773 1304 3854 τὸ
1336 3775 1496 3854 ἐνοικοῦν

288 3898 409 3982 αῦτσῖς
431 3895 567 3999 Ἀγιον
592 3902 742 3998 Πνεῦμα
771 3904 950 4002 Χριστοῦ,
977 3897 1155 4006 θεόφοβοί
1183 3933 1276 3984 τινες
1305 3897 1404 3999 ἦσαν
1433 3897 1495 3976 καὶ

120 4049 240 4110 vm.
259 4023 452 4126 ελαμπρσὶ
483 4019 543 4102 διά
574 4024 639 4121 τῆς
669 4021 837 4122 δοθείσης
864 4025 984 4110 αὐτοῖς
1013 4021 1112 4126 παρὰ
1139 4027 1306 4124 Χριστοῦ
1333 4019 1492 4126 χάριτσς·

289 4152 449 4249 σννερεῖς
478 4143 517 4226 δέ
546 4143 688 4230 πάντως
721 4146 817 4245 ἡμῖν,
845 4150 893 4232 ὡς
926 4147 1049 4250 ἔρημοι
1081 4145 1147 4246 μὲν
1175 4154 1240 4226 τοῦ
1269 4147 1494 4250 χαρίσματος
1507 4181 1548 4240 3ο

289 4265 388 4368 ἦσάν
413 4300 514 4368 ποτε,
542 4267 733 4369 κέκληνται
760 4268 873 4372 γεμὴν
900 4276 948 4356 είς
975 4269 1078 4368 αὐτὸ,
1109 4269 1221 4378 δόξαν
1249 4271 1342 4350 οὕτω
1371 4275 1493 4352 καλῶς

326 4569 350 4610 ι.
442 4553 788 4628 οάσσισιτιφροπικόιοί
925 4570 967 4610 ιτ.
986 4553 1125 4624 διατάξαι
1139 4553 1172 4610 Ε.
1186 4553 1221 4610 cf.
1234 4553 1324 4625 paullo
1336 4551 1415 4608 infra„
1427 4553 1493 4610 ὀπο-

290 4625 389 4694 στόξαι
446 4665 454 4682 .
