3248 5112
288 258 353 320 484
591 256 630 322 B.
653 255 859 320 OYRILLI
889 253 1176 320 ALEXANDR.
1354 253 1419 318 xiv.
1434 272 1488 320 20.

289 422 489 524 ἀναγκαίως
518 423 552 501 δ’
582 421 646 502 οῦν
675 421 770 520 ὅμως
798 418 1060 524 προβλήσεται,
1088 418 1154 520 τὴν
1183 425 1256 500 τῶν
1283 421 1365 500 καθ’
1395 419 1491 518 ἡμᾶς

290 543 510 650 ἀρχαιότητα
527 545 773 648 παραδεικνύς.
813 542 855 625 τῦ
873 543 945 648 γάρ
971 542 1068 644 οἶμαι
1093 541 1390 647 περιδράττεσθαι
1415 549 1492 623 τῶν

290 668 529 772 θεωρημάτων
547 671 681 750 ε’θέλειν
699 671 824 772 ὀρθῶς,
843 675 916 749 τῶν
934 669 979 776 ἐξ
995 667 1101 749 ὄκνου
1122 667 1362 766 πταισμάτων
1381 669 1487 766 ἀμοι-

289 791 393 896 ρήσει
412 801 609 878 παντελῶς.
647 794 835 894 πεποίηται
854 793 972 872 τοίνυν
991 796 1088 873 τουτὶ
1112 793 1153 872 τὸ
1179 789 1328 895 λογικὸν
1346 793 1403 870 ε’πὶ
1424 793 1491 888 τῆς

121 905 220 1021 ῗζιῆἱ·
258 921 356 1018 ογῆς
386 915 486 1024 ζῷον,
515 920 610 1022 φημὶ
638 915 681 1016 δὴ
709 916 774 996 τὸν
802 917 1004 1020 ἄνθρωπον,
1032 917 1076 1023 ἐξ
1101 919 1215 1020 ἀρχῆς
1237 925 1259 962 “
1271 915 1347 994 κατ’
1371 910 1526 1001 εἰκόνα5

289 1051 311 1088 “
329 1049 393 1120 τοῦ
421 1039 634 1124 κτίσαντος”
654 1039 746 1120 κατὰ
774 1039 838 1124 τάς
865 1040 1023 1147 γραφάς·
1060 1043 1117 1120 καὶ
1142 1039 1314 1146 διάφορος
1337 1035 1403 1136 μὲν
1424 1039 1491 1135 τῆς

288 1162 422 1248 εἰκόνος
441 1167 461 1244 5
479 1166 602 1267 λόγος.
641 1163 744 1244 είκάιν
762 1163 834 1266 γὰρ
861 1167 903 1244 οῦ
928 1166 1011 1244 καθ’
1032 1164 1094 1244 ἕνα
1115 1164 1260 1266 τρόπον,
1277 1161 1377 1242 ἀλλά
1396 1157 1491 1242 κατὰ

287 1287 465 1374 πολλούς·
508 1289 613 1390 μέρος
645 1286 759 1388 γεμὴν
787 1287 829 1368 τῦ
861 1294 934 1368 τῶν
963 1288 1091 1368 ἀλλων
1120 1288 1284 1386 μάλιστα
1317 1284 1487 1391 διαφανέ-

288 1445 427 1493 στατον
444 1415 508 1512 τῆς
526 1410 616 1514 πρὸς
635 1409 699 1492 τὸν
717 1409 921 1511 ποιήσαντα
940 1410 1036 1492 Θεὸν
1054 1411 1252 1517 ἐμφερείας,
1273 1407 1316 1490 τὸ
1342 1410 1486 1516 ἀφθαρ-

287 1570 351 1615 τον
370 1539 428 1616 καὶ
448 1535 665 1638 ἀνώλεθρον.
703 1534 790 1613 ἀλλ’
810 1535 874 1613 ούκ
897 1531 943 1613 ἀν
962 1531 1063 1634 οἶμαί
1084 1569 1172 1615 ποτε
1194 1530 1285 1637 πρὸς
1308 1530 1351 1613 τὸ
1376 1535 1489 1614 οὕτως
1506 1567 1549 1608 10

236 1725 237 1730 1
288 1659 382 1764 ἔχειν
405 1657 582 1738 δύνασθαι
609 1655 651 1737 τῦ
680 1655 770 1762 ζῷον
791 1656 985 1764 ἐξήρκεσεν
1006 1659 1130 1764 ἑαυτῷ,
1149 1657 1240 1738 κατά
1267 1691 1311 1760 γε
1337 1653 1400 1736 τὸν
1424 1659 1489 1755 τῆς

288 1783 378 1866 ἰδίας
402 1780 548 1888 φύσεως
573 1780 701 1882 λόγον·
732 1786 809 1866 πῶς
835 1780 907 1884 γάμ
931 1780 977 1861 ἀν
996 1783 1016 1861 5
1042 1781 1116 1862 ἀπὸ
1140 1785 1207 1884 γῆς
1230 1783 1269 1862 ἐν
1287 1781 1359 1887 ὶδίηι
1377 1777 1489 1885 φύσει

286 1903 329 1986 τῦ
348 1910 412 2006 τῆς
430 1906 639 2012 ἀφθαρσίας
655 1904 793 2009 ἐδείχθη
812 1901 905 2010 ἔχων
923 1904 1104 2010 καύχημα,
1124 1903 1175 2004 μὴ
1199 1906 1278 2009 οὐχὶ
1302 1901 1401 2007 παρά
1423 1909 1488 1981 τοῦ

287 2029 380 2112 κατὰ
398 2029 513 2138 φύσιν
531 2027 719 2136 ἀφθάρτου
741 2063 780 2108 τε
804 2032 862 2108 καὶ
888 2030 1095 2132 ἀνωλέθρου
1114 2035 1209 2109 Θεοῦ
1232 2031 1290 2108 καὶ
1314 2025 1487 2109 ὡσαύτως

120 2170 233 2226 ΒΜ.
256 2153 398 2239 νὸντως
429 2157 492 2250 ἀεὶ,
521 2155 603 2233 καθ’
633 2150 825 2252 ὁμοιότητα
854 2159 927 2232 τῶν
958 2152 1086 2233 ἀλλων
1118 2156 1265 2254 ἀγαθῶν
1292 2154 1351 2232 καὶ
1380 2157 1485 2230 τοῦτο
1505 2178 1544 2239 15

117 2269 199 2399 12⁰?
286 2278 568 2378 πεπλουτηκῶςς
598 2288 621 2325 “
634 2279 686 2358 Τί
707 2275 778 2381 γάρ
803 2275 893 2380 ἔχεις
923 2274 943 2356 5
971 2278 1036 2357 οῦκ
1064 2273 1195 2372 ἔλαβες
1211 2277 1244 2374 ;”
1273 2274 1415 2358 εῑκότως
1442 2308 1486 2377 γε

287 2401 436 2508 σφόδρα
466 2404 524 2481 καὶ
556 2405 701 2500 ἀληθῶς
732 2398 824 2503 πρὸς
860 2401 953 2500 ἡμᾶς
989 2434 1061 2480 που
1093 2403 1210 2506 φησίν
1239 2401 1259 2478 5
1292 2398 1485 2483 θεσπέσιος

288 2530 451 2607 Παῦλος.
501 2525 558 2602 ἵνα
590 2523 710 2603 τοίνυν
739 2521 782 2604 τὸ
815 2523 854 2602 ἐκ
886 2529 950 2603 τοῦ
986 2521 1038 2622 μὴ
1075 2521 1178 2606 ὄντος
1209 2521 1407 2625 παροισθέν
1437 2527 1486 2607 είς

287 2648 430 2748 γένεσιν
460 2645 511 2746 μὴ
543 2644 634 2748 πρὸς
668 2644 734 2746 τὴν
767 2647 898 2726 οίκείαν
931 2648 1188 2745 ύπονοστῆσαν
1219 2643 1345 2752 ἀρχὴν,
1373 2645 1487 2726 πάλιν

285 2770 426 2875 οἴχηται
447 2767 539 2872 πρὸς
560 2767 603 2849 τὸ
627 2768 750 2870 μηδὲν,
772 2768 930 2872 σώζηται
956 2765 993 2848 δὲ
1017 2776 1162 2868 μᾶλλον
1181 2774 1355 2870 διηνεκῶς·
1384 2769 1486 2854 οὗτος
1503 2810 1547 2852 20

286 2893 358 2998 γάρ
385 2893 430 2995 ἦν
454 2896 474 2974 5
501 2901 565 2972 τοῦ
595 2894 786 2978 κτίσαντος
811 2891 960 2976 σκοπός·
993 2891 1146 2998 μέτοχον
1169 2891 1277 2974 αὐτὸν
1304 2899 1368 2994 τῆς
1397 2896 1486 2980 ἲδίας

114 3028 241 3094 θυνίὶο·
287 3017 434 3124 φύσεως
459 3021 631 3098 ἀποτελεῖ
649 3017 753 3103 Θεός.
787 3027 809 3065 “
822 3017 1025 3124 ἐνεφύσησε
1050 3017 1122 3121 γὰρ
1146 3023 1194 3102 εἰς
1219 3017 1261 3097 τὸ
1285 3017 1487 3120 πρόσωπον

286 3153 310 3194 “
325 3145 438 3223 αύτοῦ
465 3141 582 3242 πνοὴν
609 3139 729 3244 ζωῆς,”
750 3143 927 3238 τουτέστι,
955 3139 997 3222 τὸ
1027 3147 1176 3242 Πνεῦμα
1203 3151 1267 3222 τοῦ
1295 3149 1397 3242 Υίοῦ,
1428 3145 1486 3223 καὶ

252 3266 359 3370 ηγάρ
384 3270 484 3347 ε’στιν
506 3265 613 3349 αὐτὸς
640 3265 662 3364 η’
688 3263 759 3366 ζωὴ
785 3265 876 3362 μετὰ
900 3263 1057 3368 Πατρῦς,
1075 3265 1238 3370 συνέχων
1260 3273 1309 3350 είς
1333 3267 1375 3346 τὸ
1400 3263 1486 3346 εἶναι

288 3390 334 3470 τὰ
352 3388 480 3472 πάντα.
519 3395 664 3467 κινεῖται
683 3387 755 3490 γάρ
774 3389 812 3466 ε’ν
830 3390 925 3494 αὐτῷ
945 3422 983 3468 τε
1003 3392 1060 3467 καὶ
1080 3387 1126 3493 ζῇ
1145 3388 1191 3469 τά
1213 3390 1302 3493 ζωῆς
1327 3389 1482 3488 δεκτικά,
1503 3425 1542 3484 25

163 3497 170 3512 ’
234 3501 240 3514 ’
287 3510 379 3592 κατὰ
397 3509 464 3608 τὴν
481 3517 546 3590 τοῦ
565 3509 717 3589 Παύλου
737 3509 871 3615 φωνήν.

343 3635 416 3714 Καὶ
446 3630 497 3732 μή
526 3667 580 3718 τις
609 3633 710 3730 ἡμῶν
741 3633 798 3711 ἐπὶ
827 3631 944 3739 τούτῳ
976 3637 1094 3740 ψευδῆ
1126 3637 1321 3738 κατηχείτω
1354 3634 1483 3740 λόγον,

286 3758 415 3856 οἰηθεὶς
434 3753 601 3836 εἰπεῖντί)
618 3759 716 3834 θεῖον
734 3755 935 3861 ἐμφύσημα
957 3756 1140 3857 γεγονέναι
1166 3763 1218 3863 τῷ
1242 3755 1320 3864 ζῴῳ
1345 3759 1484 3863 ψυχήν·

286 3889 392 3962 τοῦτο
417 3878 488 3982 γάρ
514 3880 556 3958 οῦ
583 3873 712 3987 φαμέν,
732 3883 901 3985 λογισμῷ
926 3882 1065 3986 τοσῷδε
1090 3876 1181 3981 πρὸς
1199 3878 1264 3978 τὴν
1281 3889 1345 3959 τοῦ
1362 3883 1483 3984 πράγ-

286 4038 399 4104 ματος
428 4001 599 4103 ἀλήθειαν
627 4003 956 4105 διακυβερνώμενοι.
1006 4007 1036 4082 εί
1064 3999 1137 4104 γάρ
1165 4001 1300 4081 οἴονταί
1325 4037 1417 4087 τινες
1444 4000 1486 4082 τῦ
1501 4031 1541 4086 30

287 4133 382 4209 θεῖον
406 4126 606 4234 ἐμφύσημα
634 4125 804 4228 γενέσθαι
831 4124 967 4232 ψυχὴν,
985 4125 1197 4228 λεγέτωσαν
1222 4125 1317 4228 ἡμῖν,
1335 4124 1487 4230 πότερόν

324 4365 347 4401 1.
366 4367 409 4418 γρ.
422 4344 585 4416 προβὴσετοι
598 4345 650 4400 Ed.
664 4363 718 4416 mg.
731 4343 912 4416 προβλῆσεται
925 4345 1004 4400 habet
1018 4345 1047 4400 F.
1240 4363 1281 4402 ιο.
1299 4345 1439 4417 ἀνάλεθρον
1451 4347 1485 4402 Ε.

288 4430 329 4486 15.
350 4416 540 4487 Legendumne
552 4416 645 4474 ὅντοςί
781 4433 824 4472 20.
843 4415 944 4487 οἴχηται
956 4415 1095 4472 emendavi
1144 4423 1169 4472 at
1184 4416 1287 4489 Migne.
1301 4416 1400 4490 οἴχεται
1413 4417 1484 4474 Aub.

283 4503 330 4557 μη.
349 4487 505 4556 κατηχείωτο
519 4487 552 4542 Ε.
660 4504 703 4558 29.
722 4488 824 4559 τοσῷδε
839 4485 872 4542 Ε.
887 4487 987 4558 Migne.
1000 4487 1091 4560 τοιῷδε
1129 4487 1156 4543 d.
