3200 5092
271 1121 356 1187 Supra

272 1204 325 1238 ver.
339 1199 378 1249 15.

440 333 482 397 10
741 335 780 398 B.
804 331 1015 398 CYRILLI
1046 329 1339 396 ALEXANDR.

438 495 619 602 ε’κληφθὲν
647 499 883 598 ὑποσημαίνει
910 500 969 578 καὶ
996 505 1114 578 τοῦτο·
1156 499 1214 576 καὶ
1242 491 1466 594 θαυμαστὸν

438 619 616 706 τοιαύταις
639 623 826 718 ἀβουλίαις
843 621 1008 702 Ἰουδαῖοι
1032 619 1364 724 περιπεπτιόκασιν,
1386 621 1442 701 ὡς

440 741 568 846 ζεσθαί
588 779 622 825 τι
647 753 808 825 τοιοῦτον
827 746 885 826 ε’πὶ
903 749 1067 852 Χριστῷ.
1105 740 1201 824 Θεὸν
1219 741 1292 846 γὰρ
1311 741 1409 822 ὄντα
1429 773 1467 819 κι

441 869 503 948 οὑκ
522 865 669 972 ᾔδεσαν,
688 867 856 970 μόνονδὲ
881 875 930 954 είς
954 878 1061 950 τοῦτο
1086 867 1128 950 τὸ
1152 866 1224 951 ἀπὸ
1249 873 1318 972 γῆς
1347 870 1467 972 ὁρῶντ

411 991 631 1094 οάνθρωπον
653 991 813 1074 ἐνενόουν
836 993 898 1074 ἕνα
924 1000 997 1074 τῶν
1019 995 1100 1074 καθ’
1121 993 1223 1092 ἡμᾶς.
1265 991 1325 1072 διά
1355 991 1435 1094 γάρ

442 1119 500 1194 καὶ
517 1113 748 1216 ἐπιπλήττων
765 1117 884 1201 αὑτοῖς
907 1116 1067 1224 ἔφασκεν
1086 1119 1106 1198 ὁ
1126 1116 1255 1220 Σωτήρ
1273 1127 1295 1164 “
1309 1117 1444 1215 Ὑμεῖς

442 1249 465 1288 “
483 1237 605 1342 σάρκα
641 1241 810 1343 κρίνετε.”
858 1241 1017 1348 ἀφιστὰς
1055 1249 1246 1344 τοιγαροῦν
1282 1236 1419 1322 αὐτοῦς
1460 1271 1467 1316 τ

441 1365 694 1467 μειρακιώδους
722 1367 780 1444 καὶ
808 1372 1049 1470 χαμαιπετοῦς
1077 1366 1223 1462 ε’ννοίας,
1252 1363 1420 1444 διδάσκει
1452 1395 1467 1441 τ

442 1489 484 1566 οὑ
502 1488 587 1590 περί
601 1523 696 1573 τινος
714 1493 786 1585 τῶν
804 1491 842 1568 έν
859 1491 997 1589 γενέσει
1016 1493 1074 1568 καὶ
1093 1491 1216 1595 φθορᾷ
1234 1485 1467 1589 διαλογίζοντ

441 1613 521 1715 περὶ
548 1609 586 1690 δὲ
613 1620 677 1691 τοῦ
701 1611 837 1692 ἀνωθεν
856 1615 915 1691 καὶ
938 1613 977 1690 έκ
997 1617 1093 1691 Θεοῦ
1113 1609 1258 1714 Πατρὺς
1277 1643 1468 1712 γεγεννημι

442 1734 625 1834 ἀλήθειαν.
665 1733 818 1837 ἁρμόσει
836 1744 1026 1838 τοιγαροῦν
1043 1737 1107 1815 οὑκ
1131 1738 1207 1832 ἐμοὶ
1232 1742 1381 1835 μᾶλλον
1400 1732 1444 1813 τὸ
1467 1771 1468 1784 ¹

443 1861 548 1964 φησὶ,
566 1860 625 1937 καὶ
643 1859 800 1964 φεὺγειν,
820 1858 956 1938 ἀνωθεν
974 1857 1046 1962 γάρ
1064 1865 1144 1957 είμι,
1162 1857 1339 1947 τουτέστι,
1361 1854 1459 1940 Θεὸς

442 1979 574 2085 τὸγὰρ
593 1981 667 2062 ἀνω
685 1980 832 2062 πάντων
851 1982 953 2066 Θεός·
984 1983 1065 2083 ὑμῖν
1084 1981 1122 2062 δὲ
1144 1991 1251 2062 τοῦτο
1275 1979 1468 2085 προσέστα

275 2131 392 2188 503A.
413 2103 623 2210 αδέστερον.
663 2104 821 2187 κάτωθεν
840 2103 912 2210 γάρ
938 2109 1032 2205 ε’στε,
1050 2105 1217 2186 τουτέστι
1245 2107 1392 2214 φύσεως
1419 2107 1468 2183 ὑπ

443 2265 482 2311 τε
510 2229 663 2339 θανάτιρ,
693 2235 751 2310 καὶ
780 2228 1054 2331 ὑποπιπτοὺσης
1084 2235 1206 2337 φθορᾷ
1233 2233 1292 2310 καὶ
1320 2229 1448 2334 δειλίᾳ·

443 2362 633 2456 τοιγαροῦν
661 2353 917 2457 διαλογίζεσθε,
947 2355 1053 2459 φησὶ,
1080 2361 1244 2433 τοιοῦτον
1270 2351 1390 2452 μηδὲν,
1417 2349 1468 2449 τὴν

443 2477 593 2582 ἀφέντες
612 2475 812 2556 ἀσθένειαν·
842 2479 884 2556 οὑ
900 2473 972 2580 γὰρ
995 2474 1159 2573 ἰσότιμον
1178 2483 1229 2584 τῷ
1248 2473 1422 2580 Δεσπότῃ
1441 2472 1468 2554 τί

444 2607 496 2709 τῷ
522 2599 656 2681 ἄνωθέν
674 2635 712 2680 τε
731 2603 789 2680 καὶ
806 2602 845 2680 ἐκ
864 2605 960 2680 Θεοῦ
979 2597 1125 2704 Πατρός
1149 2599 1391 2707 γεγεννημένῳ
1417 2596 1459 2678 τῦ

445 2727 505 2804 καὶ
523 2723 595 2804 ἀπὸ
613 2729 677 2824 τῆς
695 2728 773 2827 γῆς.

494 2847 584 2928 ’Ότι
611 2848 649 2928 δὲ
676 2847 719 2928 τό
740 2845 907 2928 Ἀνωθεν
931 2843 999 2948 τὴν
1024 2848 1062 2926 ἐκ
1090 2851 1186 2926 Θεοῦ
1213 2845 1358 2950 Πατρός
1385 2847 1469 2948 γένυι

445 2975 535 3050 Υίοῦ
569 2973 819 3071 ὑποσημαίνει,
855 2975 913 3050 καὶ
949 2967 1129 3072 λογισμὸς
1167 2970 1259 3069 ἡμᾶς
1295 2968 1469 3049 ἀναπείσει

445 3101 599 3178 τοπικῶς
637 3097 703 3194 μὲν
735 3093 807 3196 γὰρ
844 3091 1026 3197 ε’κληφθέν
1056 3091 1098 3173 τό
1129 3091 1306 3191 Ἀνωθεν,
1339 3092 1378 3172 τὸ
1410 3092 1452 3198 ἐξ

412 3217 615 3318 δδηλονότι
643 3221 757 3319 δηλοῖ,
783 3219 869 3297 ἀλλ’
890 3215 990 3297 οὑδέν
1018 3220 1056 3296 έν
1075 3221 1152 3324 Υίῷ
1179 3215 1222 3297 τὸ
1249 3217 1422 3324 ἐξαίρετον
1444 3251 1469 3294 π

448 3342 544 3421 κάτω
577 3346 635 3421 καὶ
671 3341 902 3440 ὑποκειμένην
934 3346 984 3448 τῷ
1018 3346 1102 3450 Θεῷ
1140 3341 1269 3438 κτίσιν,
1303 3340 1384 3420 ὅταν
1414 3339 1469 3443 έρχ

448 3465 599 3566 οὑρανοῦ
636 3463 757 3564 μόνον,
794 3466 873 3543 ε’πεί
906 3498 961 3543 τοι
998 3467 1056 3542 καὶ
1096 3463 1267 3566 ἀγγέλων
1302 3469 1333 3544 οἱ
1367 3465 1469 3544 πλείοι

448 3585 628 3666 διακονίαν
650 3585 962 3686 ἀποστελλόμενοι
990 3585 1087 3666 κάτω
1114 3587 1303 3692 βαδίζουσι
1329 3592 1469 3667 διοικοῦν

448 3718 521 3791 τῶν
539 3714 596 3791 ε’πὶ
615 3715 679 3810 τῆς
697 3713 765 3812 γῆς
789 3710 925 3790 ἀνωθεν
944 3711 1002 3789 καὶ
1028 3711 1072 3818 έξ
1094 3713 1246 3814 οὐρανοῦ
1271 3713 1469 3805 καταβαίνον

449 3835 586 3939 μάρτυς
618 3834 702 3933 ἡμῖν
735 3834 754 3912 ὁ
789 3831 917 3936 Σωτὴρ
951 3833 1070 3934 λέγων
1101 3845 1123 3880 “
1141 3834 1260 3935 Ἀμὴν
1291 3833 1379 3934 ἀμὴν
1407 3835 1469 3935 λέγι

449 4077 1469 4220 ..ενοιτιςμεπυιτιιτπκυτι·.ι

448 4224 575 4289 τοιοῦτον,
586 4219 664 4292 φησί,
676 4219 858 4290 διαλογίζεσθε
871 4217 923 4272 Ed.
1096 4236 1139 4274 20.
1157 4223 1188 4274 τό
1201 4219 1346 4273 emendavit
1357 4237 1369 4273 e
1381 4219 1431 4272 Cat.
1442 4229 1467 4272 ut

448 4291 496 4359 τὴν
510 4290 547 4344 Β.1
607 4289 727 4364 γέννησιν
738 4293 785 4342 τοῦ
796 4291 859 4343 Υίοῦ
871 4306 895 4343 a.
908 4293 954 4343 τοῦ
966 4290 1022 4343 υίοῦ
1034 4289 1080 4358 τὴν
1091 4291 1213 4362 γέννησιν
1227 4290 1259 4343 Β.
1271 4292 1326 4344 υίοῦ
1337 4291 1376 4358 τὴν
1386 4289 1469 4360 γέννησι

451 4361 548 4416 Statim
560 4360 729 4430 ὑποσημαίνει
746 4377 771 4416 a.
783 4359 943 4428 ε’πισημσίνει
957 4359 1009 4414 Ed.
1136 4377 1177 4414 22.
1197 4359 1363 4430 έκληφθέντος
1375 4360 1401 4414 Β.
1414 4360 1469 4414 Ηῑ.ι

450 4431 510 4486 Cat.
523 4440 554 4484 ut
566 4430 675 4485 adnotat
687 4431 745 4502 ipse
757 4429 908 4485 emendavit
921 4429 992 4484 Aub.
1030 4429 1126 4484 Statim
1139 4433 1169 4484 τὸ
1181 4431 1278 4485 ἄνωθεν
1290 4433 1319 4485 τὸ
1330 4448 1342 4484 e
1353 4430 1402 4484 Cat.
1414 4429 1462 4484 ead.

450 4501 522 4554 Aub.
607 4516 649 4571 23.
669 4501 789 4569 δηλονότι
803 4500 893 4554 omisit
905 4499 977 4554 Aub.
990 4509 1031 4554 est
1043 4510 1069 4553 et
1081 4501 1108 4554 in
1121 4519 1145 4555 a.
1228 4517 1271 4568 25.
1289 4503 1359 4569 μόνον
1369 4502 1393 4569 έξ
1403 4501 1469 4570 οῦρσν

450 4569 543 4624 ordine
555 4588 579 4624 a.
689 4572 731 4624 28.
751 4569 823 4641 ὑμῖν]
840 4576 869 4634 -1-
883 4569 981 4638 άπσρτί
994 4571 1042 4625 Ht.
1057 4570 1106 4624 Ed.
