3274 5118
110 331 186 398 xvi.
203 351 320 420 23‚24.
345 334 400 400 IN
431 334 465 400 S.
490 335 747 401 JOANNEM.
793 335 973 402 LIB.XI.
1019 335 1194 402 CARII.
1258 335 1320 400 645

112 499 381 602 γεγραμμένον,
397 503 456 580 καί
474 506 518 606 τῇ
536 509 601 582 τοῦ
620 499 830 600 Πυεῦματος
849 503 1021 610 δᾳδουχίᾳ
1038 499 1322 604 λελαμπρυσμέ-

114 657 176 703 νοι
195 623 259 704 τὸν
274 632 367 722 νοῦν,
381 623 500 705 πάντα
518 623 648 706 λοιπὸν
662 624 835 706 δύνωνται
853 633 956 722 νοεῖν,
968 629 1026 706 καὶ
1044 631 1074 706 εἰ
1092 623 1141 724 μὴ
1159 623 1323 727 παρόντα

114 745 233 852 τυχόν
247 751 439 857 διερωτῷεν
453 748 572 832 αὐτόν.
599 751 642 830 οῦ
660 749 732 853 γὰρ
750 749 805 830 ὅτι
824 748 1013 850 δεήσονται
1032 747 1097 847 μέν
1111 749 1225 830 οῦκέτι
1244 756 1322 855 φω-

115 873 305 975 ταγωγίας
332 877 395 973 τῆς
422 876 505 978 παρ’
526 875 634 954 αὐτοῦ
662 873 709 954 τά
731 872 878 954 τοιαῦτά
900 881 1016 980 φησιν
1035 875 1055 952 5
1078 871 1217 976 Σωτὴρ,
1235 873 1320 952 ἀλλ’

80 1017 102 1078 5
119 995 179 1076 ὅτι
197 995 240 1077 τό
258 996 347 1077 ίδιον
365 999 474 1078 αὐτοῦ
492 997 678 1106 δεξάμενοι
699 1003 849 1097 Πνεῦμα
872 1001 929 1079 καί
952 1001 1108 1078 ἐνοικοῦν
1127 997 1267 1103 ἔχοντες
1286 999 1324 1076 ἐν

120 1123 295 1226 καρδίαις,
314 1125 501 1226 ἀπροσδεᾶ
517 1122 652 1207 παντὸς
674 1125 814 1224 ἀγαθοῦ
832 1125 890 1202 καὶ
910 1124 1079 1225 γνώσεως
1101 1127 1165 1220 τῆς
1189 1131 1317 1202 τελεω·

120 1243 235 1345 τάτης
268 1247 459 1328 ἀνάπλεων
486 1246 552 1346 τὴν
579 1245 736 1326 διάνοιαν
763 1246 898 1354 ἕξουσι.
945 1249 1084 1326 τελείαν
1115 1244 1153 1325 δέ
1185 1252 1353 1347 γνῶσινο

122 1366 217 1449 εἰναί
232 1378 363 1476 φαμεν,
382 1369 448 1472 τὴν
467 1369 578 1474 ὀρθήν
598 1405 636 1450 τε
662 1373 720 1450 καὶ
742 1370 998 1477 ἀδιάστροφον,
1017 1373 1075 1451 καὶ
1100 1369 1235 1475 ἀπηχές
1258 1369 1324 1468 μέν

122 1491 268 1597 οῦδένῆ
296 1495 481 1650 φρονεῖνῆ
507 1495 668 1650 λέγειν’
647 1495 875 1600 ανεχομένην,
894 1497 1009 1598 ὀρθῶς
1037 1492 1074 1574 δέ
1099 1493 1324 1602 δοξάζουσαν

67 1651 110 1692 10
122 1652 205 1721 περι
231 1623 295 1718 τῆς
320 1621 424 1722 ἁγίας
450 1655 487 1700 τε
512 1624 570 1699 καὶ
596 1619 790 1719 ὁμοουσίου
808 1618 975 1724 Τριάδος.
1016 1625 1045 1699 εἰ
1067 1617 1139 1722 γάρ
1157 1653 1214 1698 και
1203 1619 1321 1715 βλέ-
1368 1621 1473 1750 51ξῇἓῆ

122 1775 241 1840 πομεν
266 1743 346 1846 ἀρτι
375 1745 455 1824 δι”
437 1741 618 1846 εσόπτρου
646 1746 704 1822 καὶ
730 1745 768 1823 ἐν
793 1744 987 1846 αἰνίγματι,
1012 1747 1070 1824 καὶ
1098 1743 1325 1846 γινώσκομεν
1370 1767 1393 1818 9-

125 1867 165 1945 ἐκ
192 1865 331 1970 μέρονς,
354 1867 446 1949 κατά
472 1868 538 1969 τὴν
563 1877 627 1948 τοῦ
654 1868 807 1948 Παύλου
835 1867 971 1975 φωνὴν,
999 1867 1100 1948 ἀλλά
1126 1903 1169 1972 γε
1197 1873 1261 1969 τῆς
1288 1873 1326 1949 ἐν

125 1997 200 2074 τοῖς
232 1989 413 2092 δόγμασιν
445 1994 625 2097 ἀκριβείας
662 1995 726 2072 οῦκ
764 1993 835 2100 ἐξω
871 1993 1064 2091 βαίνοντες,
1098 2006 1322 2073 κατακολου-

127 2117 273 2200 θοῦντες
300 2117 337 2198 δέ
362 2124 414 2226 τῷ
439 2122 568 2225 σκοπῷ
596 2121 660 2216 τῆς
685 2117 788 2219 ἀγίας
815 2119 872 2196 καί
897 2113 1137 2197 θεοπνεόστου
1162 2123 1323 2225 γραφῆς,

74 2269 112 2330 15
126 2245 266 2339 γνῶσιν
289 2241 417 2346 ἔχομεν
441 2242 505 2321 οὐκ
532 2244 655 2340 ἀτελῆ,
680 2239 725 2340 ἣν
750 2241 814 2320 οῦκ
842 2239 887 2320 ἀν
911 2238 989 2319 ἕλοι
1016 2273 1070 2325 τις
1098 2243 1236 2343 ἐτερως,
1262 2242 1359 2323 οῦκδ

125 2363 402 2470 ἐπιλάμψαντος
430 2367 526 2472 αὐτῷ
554 2374 618 2446 τοῦ
640 2365 768 2467 Ἀγίου
789 2364 1010 2464 Πνεῦματος.
1052 2363 1112 2444 διά
1137 2399 1192 2445 τοι
1220 2373 1326 2446 τοῦτο

126 2487 361 2591 παροτρόνων
391 2487 474 2575 τοῦς
494 2511 498 2520 ’
510 2487 672 2588 μαθητάς
709 2494 758 2573 εἰς
795 2488 940 2588 αἴτησιν
973 2495 1046 2569 τῶν
1077 2495 1327 2588 πνευματικῶν

127 2608 375 2716 χαρισμάτων,
404 2615 494 2713 ὁμοῦ
523 2610 560 2693 δέ
587 2611 704 2698 διδοῦς
731 2611 774 2693 τό
803 2615 956 2717 θαῤῥεΐν,
982 2617 1031 2698 ὡς
1057 2617 1235 2696 αἰτοῦντες
1261 2615 1326 2692 οῦκ

128 2735 395 2842 ἀποτεόξονται,
414 2742 460 2844 τῇ
481 2745 545 2817 τοῦ
563 2734 667 2844 Ἀρίμ
685 2735 879 2843 προσθήκῃ
903 2745 1047 2833 βεβαιοῖ
1066 2736 1157 2840 πρὸς
1181 2737 1323 2836 πίστιν,

78 2901 117 2940 ιο
130 2859 176 2943 ὡς
201 2859 235 2940 εἰ
255 2895 289 2940 τι
310 2895 380 2964 περ
401 2860 447 2941 ἀν
469 2861 624 2943 ἐθέλοιεν
639 2860 853 2963 προσιόντες
880 2866 999 2960 αἰτεῖν,
1017 2862 1201 2968 λήψονται
1225 2863 1326 2966 παρὰ

128 2991 192 3062 τοῦ
210 2985 367 3086 Πατρός,
386 2987 495 3068 αὑτοῦ
514 2986 682 3085 δηλονότι
704 2989 762 3065 καί
784 2985 1032 3084 μεσιτεύοντος
1054 2988 1112 3064 καὶ
1134 3019 1323 3091 συγχορη-

129 3113 277 3207 γοῦντος
302 3114 353 3217 τῷ
373 3109 505 3212 Πατρί.
546 3117 652 3189 τοῦτο
677 3109 749 3212 γάρ
774 3111 854 3189 ἐστι
878 3108 920 3188 τό
941 3114 996 3188 Ἐν
1014 3117 1062 3218 τῷ
1085 3113 1221 3214 ὀνόματί
1243 3137 1322 3216 μου·

128 3228 305 3333 πρόσιμεν
324 3231 395 3336 γὰρ
413 3235 480 3380 οὐχ
498 3233 623 3336 ἑτέρως
642 3269 693 3342 τερ
676 3239 797 3342 θεῷ
815 3268 873 3314 και
860 3235 1069 3336 Harp5,‘
1042 3267 1070 3312 ει
1088 3269 1138 3334 μη
1123 3231 1200 3313 55
1220 3238 1323 3314 Υίοῦ.

130 3356 233 3434 διΗ
191 3365 300 3436 αυτοῦ
317 3355 388 3459 γάρ
406 3367 427 3406 “
437 3391 503 3456 την
522 3356 770 3511 προσαγωγὴν
787 3353 992 3510 ἐσχήκαμεν
1013 3357 1051 3436 ἐν
1074 3391 1124 3438 ενι
1111 3357 1403 3478 Πνειίματι8
1339 3393 1357 3437 ο
1371 3361 1464 3426 Eph
1446 3379 1474 3416 ¹¹·

82 3507 118 3568 25
132 3492 152 3529 ‘⁴
169 3481 260 3584 πρὸς
285 3481 349 3560 τὸν
370 3481 544 3585 Πατέρα,”
565 3479 656 3578 κατά
682 3480 724 3562 τό
743 3515 1008 3636 γεγραμρενον.
1053 3479 1112 3562 διά
1137 3489 1243 3562 τοῦτο
1269 3483 1331 3562 καί

132 3611 245 3712 φησιν
265 3615 286 3654 “
299 3603 444 3707 Ἐγω’
416 3641 486 3704 ειμι
509 3606 704 3709 ἡθιίρα·
685 3605 756 3709 εγοί
780 3611 850 3705 εἰμι
874 3640 897 3704 η
887 3603 1018 3692 ὁδός·
1050 3605 1213 3690 οὐδεὶς
1189 3641 1329 3711 ερχεται
1374 3625 1456 3688 Βῃιν·

132 3739 152 3778 “
169 3727 260 3833 πρὸς
287 3727 350 3809 τὸν
370 3729 565 3833 Πατέρα’
537 3765 566 3809 ει
594 3729 644 3830 μὴ
673 3728 754 3810 διΗ
735 3730 854 3830 εμοῦ.”
883 3725 1000 3836 ᾗμέν
1025 3727 1098 3882 γάρ
1123 3733 1223 3810 ἐστιν
1241 3728 1330 3816 Υἱός
1374 3700 1463 3805 ἀπ’6.
1490 3837 1496 3840 -

132 3887 187 3934 και
174 3853 347 3949 Θεὸς,
331 3861 421 3952 ομοῦ
437 3889 488 3962 τιρ
471 3857 626 3957 Πατρί
644 3862 796 3959 χορηγεῖ
810 3861 883 3938 τοῖς
903 3855 1018 3956 ἁγίοις
1041 3852 1088 3934 τά
1113 3851 1249 3956 ἀγαθά,
1271 3857 1329 3933 καὶ

131 3975 308 4080 σννδοτὴρ
342 3982 405 4076 τῆς
438 3985 486 4062 εἰς
518 3979 611 4080 ἡμᾶς
641 3979 807 4082 εῦλογίας
836 3978 1049 4082 εῦρίσκεται·
1103 3981 1161 4058 καί
1191 3985 1279 4080 γοῦν
1308 3980 1330 4058 5

84 4136 121 4194 30
133 4099 324 4185 θεσπέσιος
355 4107 503 4187 Παῦλος
541 4102 748 4210 φανοτάτην
777 4103 861 4201 ἡμῖν
889 4103 993 4182 ἐτίθει
1025 4098 1092 4200 τὴν
1122 4103 1179 4182 ἐπὶ
1213 4101 1329 4211 τοιίτερ

132 4225 255 4306 πίστιν
285 4227 378 4306 οὕτω
411 4225 564 4334 γράφων
594 4237 615 4275 “
628 4227 743 4332 Χάρις
775 4229 857 4326 ῦμίν
887 4229 944 4305 καί
977 4225 1097 4329 εἰρήνη
1130 4224 1202 4306 ἀπὸ
1233 4230 1329 4306 Θεοῦ
1374 4231 1449 4362 ξω·
1462 4231 1481 4284 ¹·

117 4443 210 4552 1⁹3⁰·
209 4427 394 4555 διὶροτᾷενίἰ.
388 4427 462 4484 ..Ed
475 4445 530 4500 mg.
543 4429 656 4501 διερωτῷ
670 4427 722 4484 Ed.
841 4426 867 4482 6.
885 4427 1093 4498 τελειότητοςΕ.
1214 4443 1254 4482 12.
1276 4430 1331 4485 τοίς

200 4521 223 4554 ις

436 4515 478 4570 23.
496 4502 548 4571 πρό
516 4498 702 4572 ρόσιμιν]ρό
650 4522 671 4555 π
670 4501 755 4571 ερόισι
767 4497 996 4570 μίνΜίριιοιιιαι
1009 4499 1146 4554 οουοιιΙΙίι
1159 4497 1330 4554 Αιιδεηίειι-

134 4569 302 4640 οωρίιιτίδιιε.
