3248 5112
297 243 363 308 536
601 243 641 310 Β.
664 243 874 312 CYRILLI
903 242 1192 312 AIAEXANDR.
1415 263 1466 306 xv.
1479 260 1502 304 1.

300 402 500 507 ὁσιότητος·
541 407 664 516 τρέφει
695 408 736 490 δέ
769 407 860 512 πρὸς
890 409 1087 508 εὐσέβειαν,
1118 411 1177 490 καὶ
1205 407 1361 509 ἁπάσης
1393 407 1505 488 αὐτοῖς

299 532 427 634 ἀρετῆς
449 535 508 612 καὶ
530 533 773 636 ἀγαθουργῶς
796 533 934 634 εἴδησιν
958 531 1191 638 ἐνεργάζεται.

357 655 506 764 Γιωργὶν
530 655 573 736 δέ
596 663 692 763 φησι
718 655 782 738 τὸν
805 656 962 759 Πατέρα,
988 655 1048 738 διό
1073 658 1182 739 ποίαν
1208 655 1280 759 ἄρα
1310 657 1377 735 καὶ
1406 662 1507 736 τοῦτο

298 781 437 874 αἰτίαν;
477 779 557 860 οὐδὲ
584 779 656 884 γὰρ
682 780 863 896 ἄπρακτος
890 779 914 882 ἢ
942 781 1070 886 όίεργος
1099 787 1149 866 είς
1174 781 1268 880 ἡμᾶς
1302 780 1324 858 ὀ
1360 777 1507 879 Πατήρ,

298 901 492 1009 τρέφοντός
509 939 546 984 τε
564 907 622 985 καὶ
640 901 856 1010 συνέχοντος
877 911 927 990 εἰς
950 903 993 985 τὸ
1018 901 1107 986 εἶναι
1132 910 1253 988 καλῶς
1270 909 1338 983 τοῦ
1360 908 1460 983 Υίοῶ
1477 905 1536 986 ένε

270 1025 413 1135 0Ἀγίῳ
442 1026 635 1128 Πνειίματι,
661 1027 749 1129 ὀλης
777 1026 815 1110 δέ
842 1025 967 1132 ῶσπερ
995 1033 1059 1129 τῆς
1087 1029 1193 1130 ἁγίας
1220 1028 1277 1108 καὶ
1307 1027 1511 1125 ὁμοουσίου
1607 1027 1608 1030 '

298 1149 453 1252 Τριόδος
478 1150 583 1254 ἔργον
600 1153 701 1232 ἐστὶν
723 1152 747 1252 ἡ
772 1154 945 1233 τῶνκαθ’
964 1152 1055 1252 ἡμᾶς
1078 1149 1338 1254 ἐπανόρθωσις,
1359 1153 1426 1230 καὶ
1456 1149 1512 1228 διὰ

296 1270 420 1373 πόσης
437 1273 575 1380 ἔρχεται
593 1279 658 1376 τῆς
675 1277 772 1360 θείας
791 1275 936 1383 φύσεως
951 1276 974 1376 ἡ
992 1278 1048 1384 ἐφ’
1064 1273 1181 1357 ἅπασι
1199 1281 1274 1358 τοῖς
1290 1274 1383 1376 παρ’
1398 1274 1512 1372 σὴς

297 1397 487 1498 δρωμένοις
506 1397 653 1499 θέλησίς
672 1433 711 1480 τε
730 1402 789 1479 καὶ
807 1399 967 1497 δύναμις.
1007 1397 1066 1480 διὰ
1083 1407 1191 1480 τοῦτο
1208 1401 1266 1479 καὶ
1288 1396 1512 1500 ὁλοκλήρως

297 1521 356 1600 καὶ
387 1524 426 1601 ἑν
457 1523 507 1602 ἑνὶ
537 1522 725 1631 προσώπῳ
756 1525 841 1627 παρ’
871 1524 973 1624 ἡμῶν
1000 1523 1195 1630 δοξάζεται.
1242 1525 1399 1623 σωτῆρα
1436 1519 1511 1625 γὰρ
1526 1556 1563 1598 ιο

162 1703 167 1710 .
297 1652 478 1742 καλοῦμεν
494 1642 558 1726 τὸν
577 1643 682 1744 Θεὸν,
701 1647 765 1727 οὐκ
783 1645 853 1726 ἀνὰ
874 1647 982 1749 μέρος
1005 1645 1071 1746 μὲν
1089 1649 1140 1754 τῷ
1158 1647 1287 1748 Πατρὶ,
1306 1643 1380 1724 ἀνῶ
1398 1645 1513 1746 μέρος

297 1763 337 1846 δὲ
362 1767 458 1876 αὐτῷ
482 1775 535 1878 τῷ
551 1775 640 1879 Υίῶ,
659 1769 738 1872 ἤτοι
763 1775 815 1878 τῶ
832 1769 948 1877 Ἀγίῳ
967 1770 1151 1868 Πνεόματι
1168 1769 1215 1849 τὰ
1234 1765 1290 1874 ἐφ’
1311 1765 1366 1852 οἷς
1389 1767 1510 1868 ἡλεή-
1607 1797 1608 1876 η

296 1895 395 1990 μεθα
401 1893 673 1998 ὀποκομίφιντες
686 1890 913 2000 χαριστήρια,
926 1895 1011 1972 ἀλλ’
1025 1891 1136 1976 ὅντως
1154 1897 1219 1992 τῆς
1235 1896 1319 1990 μιᾶς
1332 1891 1512 1992 θεότητος

263 2013 512 2119 ᾱκατόρθωμα
529 2018 696 2121 λέγοντες
713 2016 780 2118 τὴν
793 2017 929 2098 ἑαυτῶν
947 2016 1141 2119 σωτηρίαν.
1170 2013 1238 2096 κᾶν
1251 2023 1340 2118 γοῦν
1356 2013 1510 2122 ἑκάστῳ

296 2139 484 2248 προσώπῳ
502 2141 735 2240 διανέμεσθαί
751 2175 785 2222 τι
804 2144 892 2244 δοκῇ
910 2145 983 2220 τῶν
1002 2145 1050 2224 εἰς
1068 2140 1160 2239 ἡμᾶς
1186 2135 1404 2242 γεγονότων,
1423 2139 1508 2238 ἤτοι
1524 2171 1557 2230 15
1607 2149 1608 2174 *

296 2268 370 2341 τῶν
388 2264 648 2366 ἐνεργουμένων
665 2267 746 2368 περὶ
769 2263 835 2364 τὴν
853 2263 982 2362 κτίσιν,
1001 2265 1086 2344 ἀλλ’
1106 2260 1209 2344 οόδὲν
1227 2263 1333 2364 ἦττον
1349 2263 1507 2343 πιστειί-

297 2419 383 2482 ομεν
410 2385 465 2466 ὅτι
494 2385 613 2468 πάντα
639 2389 718 2468 ἐστὶ
744 2385 843 2491 παρὰ
872 2385 1018 2491 Πατρός
1046 2384 1089 2466 δι’
1115 2392 1207 2468 Υίοῦ
1234 2388 1273 2466 ἑν
1296 2385 1502 2484 Πνεόματι.
1607 2379 1608 2414 ¹

157 2613 162 2620 Ι
297 2506 439 2608 νοήσεις
466 2511 529 2590 οὖν
557 2511 627 2612 ἄρα
654 2513 713 2590 καὶ
741 2512 824 2590 λίαν
851 2512 978 2620 ὀρθῶς,
1004 2510 1059 2592 ὅτι
1085 2510 1209 2616 τρέφει
1235 2508 1300 2610 μέν
1327 2509 1425 2607 ἡμᾶς
1455 2517 1506 2594 εἰς

296 2631 482 2728 εὐσέβειαν
509 2635 529 2712 ὁ
558 2632 689 2737 Πατὴρ
717 2636 759 2712 δι’
789 2639 880 2714 Υίοῦ
907 2636 946 2716 ἑν
975 2634 1168 2734 Πνειίματι·
1209 2639 1362 2738 γεωργεῖ
1387 2632 1427 2713 δέ
1457 2635 1506 2714 αὖ

296 2753 420 2853 πόλιν,
438 2757 634 2856 τουτέστιν,
655 2759 770 2864 ἐφορᾷ
793 2791 833 2838 τε
858 2761 917 2838 καὶ
943 2759 1193 2840 έπισκέπτεται
1220 2760 1279 2838 καὶ
1304 2759 1504 2862 φροντίδος
1518 2793 1555 2836 το

199 2961 202 2974 ,
294 2882 360 2978 τῆς
386 2880 655 2984 έπανορθοόσης
682 2880 782 2988 ὀξιοῖ
806 2883 849 2961 δι’
869 2887 961 2962 Υἱοῦ
988 2883 1026 2962 ἑν
1045 2881 1239 2981 Πνειίματι.
1277 2882 1502 2981 λογιούμεθα

294 3001 367 3105 γὰρ
393 3009 539 3104 μῶλλον
566 3006 678 3090 οὕτως
711 3007 827 3108 ὀρθῶς
859 3005 951 3108 ἤπερ
981 3006 1045 3086 οὖν
1072 3004 1213 3109 ἑτέρως,
1243 3001 1335 3086 κατό
1361 3037 1405 3104 γε
1433 3003 1502 3084 τὸν

266 3125 464 3231 οήμέτερον
491 3137 585 3210 νοῦν·
622 3133 653 3208 εί
684 3128 756 3232 γὰρ
783 3126 924 3236 ἑκάστῳ
953 3129 1117 3236 δωσόμεν
1145 3127 1213 3209 ἀνὰ
1245 3127 1352 3231 μέρος
1382 3127 1495 3229 ἐργό-

292 3253 439 3332 σασθαί
461 3287 497 3331 τι
525 3259 598 3332 τῶν
625 3254 708 3332 καθ’
735 3253 840 3351 ἡμᾶς,
867 3249 888 3331 ὀ
916 3251 1005 3352 μήτε
1032 3261 1097 3334 τοῦ
1124 3251 1243 3355 ἑτέρου
1269 3247 1380 3355 τυχὸν
1407 3245 1502 3330 εἶναι’

293 3379 424 3478 φαμεν,
453 3381 531 3458 πῶς
559 3377 623 3456 οὐκ
650 3379 914 3480 ἀναμφίλογον,
942 3379 991 3460 ῶς
1019 3377 1161 3479 ε’πείπερ
1189 3374 1353 3475 ἄμπελος
1380 3371 1448 3471 μὲν
1476 3375 1551 3466 ὅτε
1607 3429 1608 3436 1

292 3493 380 3580 Υὶός
408 3496 616 3596 ὠνόμασται
644 3507 718 3588 νῦν,
742 3497 902 3601 γεωργὸς
926 3495 962 3579 δὲ
988 3500 1009 3578 ὀ
1035 3498 1173 3602 Πατὴρ,
1196 3495 1402 3605 τρεφόμεθα
1428 3494 1497 3592 μὲν

293 3623 421 3717 ίδικῶς,
449 3618 674 3724 συνεχόμεθό
703 3653 741 3700 τε
775 3621 866 3725 πρὸς
898 3619 941 3702 τὸ
972 3622 1011 3701 εὖ
1044 3619 1132 3702 εἶναι
1159 3619 1260 3725 παρὰ
1289 3620 1401 3719 μόνου
1429 3627 1497 3700 τοῦ

291 3747 394 3823 Υίοῦ·
420 3742 520 3847 παρὰ
538 3745 581 3824 δέ
595 3777 637 3846 γε
654 3751 718 3823 τοῦ
738 3743 883 3847 Πατρός
906 3743 1024 3851 ψιλὴν
1042 3743 1170 3850 ἔχομεν
1188 3743 1254 3844 τὴν
1272 3744 1493 3846 ἑπίσκεφιη

292 3865 441 3976 ἀμπέλῳ
458 3864 523 3967 μὲν
541 3866 613 3970 γὰρ
637 3865 679 3946 τὸ
702 3869 845 3975 τρέφειν
864 3873 990 3950 οἰκεῖον
1008 3866 1054 3947 τὰ
1078 3868 1150 3950 ἴδια
1174 3866 1357 3968 κλήματα,
1379 3870 1432 3972 τῷ
1456 3865 1495 3946 δέ

125 4015 243 4073 em.
262 3999 506 4094 ιγηπονοῦντι
524 3989 566 4070 τὸ
583 3989 874 4072 ἐπισκέπτεσθαι.
914 3991 998 4070 ἀλλ’
1019 3990 1053 4071 εἴ
1072 4023 1114 4094 γε
1140 3997 1340 4096 φρονοῦμεν
1358 3989 1491 4090 ὀρθῶς,
1506 4025 1548 4082 30

290 4115 502 4219 ἡγησόμεθα
529 4113 573 4214 δὴ
600 4113 754 4212 πάντως,
777 4111 833 4193 ότι
859 4114 940 4194 οὔτε
966 4116 1076 4197 έκεῖνο
1103 4120 1212 4220 χωρὶς
1239 4121 1304 4194 τοῦ
1327 4111 1490 4216 Πατρός,

324 4355 351 4400 4.
368 4333 450 4389 αἴτιον
461 4335 494 4392 Ε.
616 4331 857 4422 14.nyofiv]ussvE.
978 4349 1019 4404 17.
1038 4335 1133 4392 πάντες
1145 4333 1178 4391 Ε.
1231 4331 1315 4460 md}
1333 4339 1362 4396 4-
1377 4335 1425 4387 rofi
1439 4331 1492 4388 Ed.

287 4404 371 4458 invito
384 4405 416 4459 E.
559 4405 599 4461 .’
653 4425 688 4459 ων
725 4443 734 4460 .
842 4401 885 4458 26.
903 4406 1064 4476 τρεφόμενος
1076 4405 1109 4460 Ε.
1226 4404 1298 4475 ομί
1340 4408 1443 4460 uicem.
1457 4403 1490 4460 E.
