3274 5118
121 388 177 432 xv.
194 386 243 454 19.
308 367 366 434 IN
396 367 430 434 S.
454 369 710 436 JOANNEM.
756 368 851 436 LIB.
875 369 917 438 X.
962 369 1065 436 CAP.
1088 368 1136 435 11.
1257 367 1322 433 589

122 531 180 612 ὁτι
207 532 246 613 δὲ
271 535 326 616 ἐπ’
345 533 484 645 ὀλέθρῳ
510 539 574 637 τῆς
600 537 736 618 ἑαυτῶν
762 538 925 646 κεφαλῆς
951 539 1011 618 καὶ
1037 532 1147 617 αύτὸν
1165 531 1320 635 μεμισή-

122 690 214 738 κασι
240 655 304 738 τὸν
322 658 498 762 Χριστὸν,
526 665 560 740 οῖ
585 658 633 742 τὸ
658 663 697 742 ε’ν
724 659 852 770 κὸσμιρ
883 665 1028 769 φρονεῖν
1055 658 1233 765 ᾑρημένοι,
1261 659 1321 738 καὶ

121 787 199 861 τῶν
234 782 405 886 οὐρανίων
437 783 774 938 ύπερφρηνήσαντες
804 787 962 888 ἀγαθῶν,
992 783 1056 864 οὐκ
1088 784 1195 932 ἕργην
1223 778 1321 883 οἶμαι

122 905 302 989 δεικνύειν.
353 907 423 1015 εφη
450 907 522 1058 γὰρ
551 906 658 997 αὐτὸς
689 911 727 990 ε’ν
752 917 827 996 τοῖς
855 910 1075 1062 εὐαγγελίοις
1102 907 1193 1011 πρός
1220 939 1320 992 τινας

86 1037 146 1114 5“
165 1030 224 1109 Οὐ
247 1030 433 1111 δύναται
417 1066 438 1111 ο
462 1031 600 1133 κόσμος
624 1041 742 1132 μισεῖν
764 1036 864 1134 ὑμᾶς,
887 1035 947 1134 ε’με
936 1032 1015 1114 δὲ
1041 1039 1149 1134 μισεῖ,
1169 1031 1224 1112 ὁτι
1248 1029 1447 1166 ε’γὸοΒΨ*

124 1160 334 1258 “μαρτυριὸ
365 1189 446 1260 περι
478 1157 587 1237 αὐτοῦ
618 1155 674 1238 ὁτι
704 1155 751 1237 τὰ
782 1157 872 1261 ἔργα
898 1159 1007 1238 αὐτοῦ
1036 1154 1177 1260 πονηρά
1205 1156 1318 1238 ἐστι.”

121 1275 237 1358 τύπον
259 1279 370 1358 οὖν’
342 1314 414 1382 αρα
439 1287 514 1366 τοῖς
541 1281 655 1384 ἁγίοις
682 1281 905 1367 ἀποστόλοις
930 1316 977 1363 τα
961 1279 1120 1362 καθ’
1103 1278 1229 1362 εαντὸν
1252 1281 1320 1361 κάν

121 1400 239 1511 τούτῳ
266 1401 311 1503 δή
337 1401 450 1484 πάλιν
477 1407 658 1560 παραθεὶς,
686 1411 891 1511 ίχιηλατεῖν
918 1404 1051 1487 κελεύει
1080 1408 1139 1484 καὶ
1167 1401 1234 1504 τὴν
1262 1407 1320 1486 ἐπὶ

120 1525 260 1610 τούτοις
286 1527 425 1626 ὁδὸν,
405 1561 464 1608 οτε
492 1562 551 1609 και
537 1528 768 1634 διαῤῥήδην
794 1526 919 1632 ἔλεγεν
943 1529 1090 1633 ἕτερωθί
1113 1563 1177 1610 ποι
1203 1525 1319 1610 πάλιν

66 1679 109 1722 10
123 1659 146 1698 ‘⁶
167 1649 399 1754 Μακάριοίῖ
381 1685 464 1733 εστι
496 1651 583 1732 ὁταν
609 1653 836 1760 διώξασα
818 1660 908 1753 υμᾶς
939 1687 997 1733 και
984 1653 1230 1734 ὁνειδίσωσι
1257 1654 1317 1732 καὶ

122 1775 291 1856 “είπωσι
318 1782 391 1856 πᾶν
416 1775 575 1880 πονηρὸν
602 1779 730 1858 καθ’
712 1784 811 1876 υμῶν
834 1773 1096 1885 ψευδόμενοι]
1074 1810 1189 1858 ενεκεν
1216 1778 1317 1877 ἐμοῦ·

123 1907 146 1950 “
162 1901 302 2007 χαίρετε
334 1901 393 1981 καὶ
429 1902 670 2002 ἀγαλλιᾶσθε,
698 1899 753 1982 ὁτι
786 1903 807 1981 ὁ
839 1901 971 2000 μισθὸς
1005 1903 1104 1998 ὑμῶν
1134 1902 1251 1987 πολύς
1282 1903 1321 1983 ἐν

122 2033 146 2072 “
163 2031 237 2108 τοῖς
273 2026 446 2127 οὐρανοῖς·
491 2025 584 2106 ούτιυ
615 2023 688 2128 γὰρ
719 2025 870 2134 ἐδίωξαν
901 2023 984 2109 τούς
1014 2023 1206 2133 προφήτας
1237 2023 1321 2111 τούς

124 2157 146 2196 “
163 2147 236 2254 πρὸ
265 2147 398 2249 ὐμεὸν.”

1364 1646 1490 1698 ΒΗΜιιίιίι

1365 1727 1437 1776 τ.,ιι
1449 1727 1488 1763 ιι.

1332 2277 1352 2318 α
1373 2261 1492 2324 em.

71 2368 109 2431 15
126 2363 162 2432 Εἰ
189 2367 226 2433 ὲκ
252 2370 310 2434 τοῦ
335 2368 457 2446 κόσμου
482 2361 588 2451 διαί)
613 2367 733 2448 κόσμοι
760 2367 800 2435 ἂν
823 2367 861 2436 τὸ
888 2362 971 2435 ι’ὁιον
991 2366 1111 2456 ἐφίλει·
1130 2368 1192 2435 -ὄτι
1219 2367 1256 2434 δὲ
1281 2367 1319 2434 ὲκ
1336 2383 1373 2444 19

174 2498 231 2558 τοῦ
268 2495 389 2594 κὸομου
423 2494 482 2560 οὐκ
517 2495 601 2578 ὲοιὲ,
630 2495 699 2562 ἀλλ’
734 2495 802 2574 esd»
835 2495 1038 2572 ἐξελεξάμην
1073 2495 1156 2573 ὑμᾶς
1190 2493 1227 2562 ὲκ
1262 2497 1320 2561 τοῦ

175 2619 306 2700 κόσμου,
333 2619 386 2686 διὰ
413 2627 511 2688 τοῦτο
535 2617 622 2700 μισεῖ
648 2625 731 2701 ὑμᾶς
758 2625 776 2693 ὁ
804 2624 933 2702 κόσμοι.

176 2789 369 2902 ,Ἐλαφρὸν
387 2795 425 2874 ἐκ
444 2792 572 2900 τέχνης
590 2797 648 2876 καί
666 2791 708 2875 τὸ
726 2793 872 2876 πάντων
890 2793 945 2875 ὅτι
962 2791 1128 2894 μάλιστα
1144 2792 1324 2899 δυσαχθί-

124 2951 272 3015 στατον,
300 2920 360 2998 καὶ
387 2919 443 3024 ἐφ’
473 2915 571 3026 ᾧπερ
601 2918 648 3022 ἦν
679 2917 773 3004 είκὸς
803 2920 846 3000 οὐ
879 2919 1029 3021 μετρίως
1062 2918 1321 3022 δυσχεραίνειν,

72 3065 112 3107 ²0
123 3037 337 3148 παραδόξως
373 3043 522 3143 ἥδεσθαι
557 3049 661 3124 ποιεῖ.
716 3040 888 3148 φορτικὸν
923 3039 989 3141 μὲν
1020 3039 1094 3144 γάρ
1131 3040 1243 3124 ὄντος
1280 3039 1324 3122 τὸ

123 3171 311 3264 μισεῖσθαι
331 3163 423 3272 πρὸς
439 3199 557 3264 τινων,
575 3164 634 3246 διὰ
650 3164 697 3246 τά
714 3167 872 3245 ε’ντεύθεν
890 3163 971 3244 ἔσθ’
991 3163 1051 3245 ὅτε
1069 3163 1356 3250 διεκκύπτονταὸ

124 3287 250 3392 βλάβη
283 3292 341 3370 καῖ
373 3287 567 3391 ἀδοκήτους
599 3286 806 3387 ε’πιβουλάς,
831 3290 916 3370 ἀλλ’
942 3285 1010 3389 ήδύ
1038 3290 1098 3369 καῖ
1127 3297 1235 3370 τοῦτο
1265 3287 1325 3368 διὰ

126 3411 231 3513 Θεὸν,
259 3416 319 3496 καὶ
345 3412 433 3496 ὁταν
459 3412 644 3519 συμβαίνῃ
675 3410 719 3492 δι’
747 3411 942 3512 εὐσέβειαν,
970 3410 1154 3521 ἀπόδειξιν
1180 3415 1325 3519 ε’ναργε-

125 3537 265 3638 στάτην
291 3537 449 3648 είσφέρει
474 3545 539 3619 τοῦ
565 3535 616 3638 μή
644 3533 732 3618 εἶναι
761 3533 946 3638 κοσμικὸν,
974 3535 1040 3618 τὸν
1066 3538 1123 3643 ἐφ’
1153 3534 1251 3645 φτερ
1279 3533 1357 3618 ἀν.

75 3659 316 3766 ὀπράττοιτο
342 3661 443 3767 παρά
469 3695 585 3744 τινων.
623 3657 748 3764 ιὸσπερ
774 3659 848 3766 γάρ
874 3660 1066 3766 σωμάτων,
1085 3664 1199 3747 οὕτως
1226 3657 1326 3762 οἶμαι

125 3790 182 3868 καὶ
201 3783 345 3889 τρόπον
362 3787 572 3891 συγγενείας
590 3783 801 3891 εὑρήσομεν,
820 3789 878 3866 καὶ
895 3791 969 3867 τῶν
986 3787 1079 3866 ε’θῶν
1096 3785 1119 3886 ή
1125 3783 1325 3940 ταυτότης,

127 3913 183 3991 καὶ
205 3945 227 4010 η
253 3909 345 3992 κατά
368 3916 442 3992 πᾶν
459 3911 577 3991 ὁτιοῦν
595 3908 771 4012 ὁμοιότης,
789 3908 857 4011 τήν
875 3909 983 4018 ε’ξ”’
942 3943 1090 4010 αιματος
1112 3911 1407 4085 ἀγχιστείανεπ

127 4035 368 4138 ὑποδραμεῖν
358 4033 473 4136 ικανή·
463 4045 514 4082 ·“
526 4032 674 4115 Πᾶν
628 4068 701 4192 γαρ
717 4036 845 4142 ζῳον’
824 4040 977 4190 αγαπῶν
994 4033 1037 4115 τὸ
1056 4033 1181 4132 ὅμοιον
1194 4034 1322 4142 αὐτῷ,”

127 4155 217 4238 κατά
237 4158 281 4239 τὸ
302 4157 558 4262 γεγραμμένον,
577 4168 600 4206 “
612 4193 671 4240 και
695 4165 748 4266 τῷ
773 4160 883 4267 ὁμοίῳ
907 4159 1016 4239 αὐτου
998 4155 1324 4310 προσκαλληθη-

79 4322 116 4382 30
128 4291 148 4330 ‘⁶
165 4315 269 4362 σεται
304 4281 430 4386 ἀνήρ·”
478 4286 542 4384 τῆς
579 4281 617 4363 δὲ
653 4282 841 4383 ὁμοηθείας
877 4280 1045 4382 δηλονότι
1082 4277 1147 4364 τὸν
1178 4283 1303 4381 τῆν’
1274 4313 1352 4370 ειςο

127 4404 311 4510 ἀλλήλους
339 4404 481 4510 ἀγάπης
508 4405 727 4508 ἀνανεούσης
756 4403 876 4506 νόμον,
897 4401 999 4508 ἅγιος
1025 4402 1090 4506 μὲν
1115 4404 1207 4515 ἁγίῳ
1234 4437 1325 4488 σνν-

498 4627 539 4683 ι9.
556 4607 627 4686 ᾇπερ
639 4611 672 4670 Ε.
686 4609 738 4668 Εὐ.
752 4627 808 4684 mg.
820 4607 885 4682 δπιρ
898 4607 950 4666 Ed.

1367 4034 1479 4166 ιη,ιύ
