3238 5114
91 341 177 408 xvii.
191 361 242 421 20,
254 361 305 410 21.
336 341 391 408 IN
420 343 737 410 S.'JOANNEM.
782 345 879 412 ῙιΙΒ.
902 345 963 412 XI.
1009 347 1111 413 CAP.
1127 344 1190 410 XI.
1235 342 1298 410 ⁷33

94 511 336 614 ἀλογώτατον
348 545 359 610 ;
395 510 469 593 ἀπὸ
496 510 569 616 γάρ
595 520 668 594 τῶν
691 511 874 595 ἰσυτύπων
898 511 945 594 τά
962 512 1155 620 ἀρχέτυπα,
1173 511 1299 593 καὶεέκ

92 639 165 735 τῆς
192 631 283 716 κατά
310 638 463 738 μίμησιν
490 634 695 738 ὁμοιότητος
727 635 794 739 τὴν
821 635 993 738 ἀλήθειαν
1019 635 1295 743 οηργματίζίνυσι·

94 766 270 858 τιμῶντες
288 758 355 861 μέν
373 768 445 846 τοῖς
470 761 643 864 δευτέροις
667 760 714 843 τά
737 760 804 862 τήν
821 761 969 866 πρώτην
987 762 1160 868 ἐπέχοντα
1177 759 1296 864 τάξιν,

94 881 166 983 τὴν
193 882 232 964 δέ
260 891 333 965 τῶν
358 883 513 989 πρώτων
541 883 729 992 ὑπόληψιν
756 893 831 971 τοῖς
859 882 950 986 μετὰ
981 893 1095 967 ταῦτα
1126 885 1332 988 δευτέροιςλ

31 1029 69 1089 5
95 1005 300 1110 ἐπάγοντες.

155 1131 264 1211 Ἀλλ’
293 1131 351 1212 ἵνα
383 1131 434 1233 μὴ
466 1133 551 1213 λίαν
582 1139 657 1218 τοῖς
688 1135 769 1238 περὶ
800 1131 938 1214 τούτων
967 1136 1300 1241 έμφιλοχωροῦντες

97 1251 226 1358 λόγοις
253 1255 324 1363 ἔξω
350 1291 422 1338 που
448 1263 522 1338 τῶν
547 1257 787 1362 προκειμένων
813 1257 900 1339 ἰέναι
927 1261 1097 1356 δοκῶμεν,
1119 1257 1228 1336 έκεῖνο
1253 1253 1298 1356 δὴ

97 1379 216 1460 πάλιν
234 1381 434 1483 ἀναγκαίως
451 1383 608 1485 ε’ροῦμεν,
626 1385 675 1466 ὡς
696 1388 745 1466 εἰς
769 1381 886 1462 εἰκόνα
904 1384 963 1463 καί
981 1380 1095 1462 πόντον
1111 1385 1175 1481 τῆς
1193 1383 1296 1461 ιίδια·

98 1500 275 1584 σπάστου
299 1505 424 1612 φιλίας
447 1539 486 1586 τε
511 1509 570 1585 καί
595 1505 762 1605 ὁμονοίας
787 1510 846 1586 καὶ
870 1505 1044 1606 ἑνόιητος,
1062 1509 1126 1605 τῆς
1150 1507 1189 1585 έν
1207 1506 1297 1605 ἀμο-

13 1667 81 1708 ιο
98 1629 220 1736 ψυχίᾳ
237 1629 437 1729 νοουμένης,
455 1626 521 1729 τήν
539 1630 697 1730 οῦσιάδη
714 1629 941 1734 παραλαβὼν
958 1628 1108 1730 ἑνότητα
1125 1627 1299 1731 Χριστός,

98 1749 147 1851 ἣν
164 1751 236 1856 ἔχει
257 1752 323 1852 μέν
347 1756 368 1834 ὁ
394 1753 524 1858 Πατὴρ
548 1751 639 1857 πρὸς
663 1751 783 1853 αὑτὸν,
801 1753 907 1838 αὐτὸς
935 1751 974 1833 δὲ
1002 1753 1048 1834 αὖ
1074 1752 1188 1834 πάλιν
1209 1751 1300 1857 πρὸς

99 1875 165 1957 τὸν
185 1877 341 1981 Πατέρα·
370 1882 701 1981 συνανακιρνᾶσθαι
725 1875 860 1981 τρόπον
881 1875 961 1959 τινὰ
984 1879 1043 1958 καί
1061 1878 1153 1978 ἡμᾶς
1177 1875 1298 1978 ἀλλή-

100 2009 181 2086 λοις
199 2001 380 2100 βούλεται,
399 2004 437 2083 ἐν
456 1999 600 2102 δυνάμει
619 2005 732 2101 δῆλον
749 2001 804 2082 ότι
822 2006 887 2102 τῆς
904 2001 1010 2104 ἁγίας
1028 2003 1143 2082 τεκαὶ
1166 2002 1295 2102 ὁμοαν·

100 2126 186 2206 σίου
213 2125 380 2230 Τριάδος,
408 2129 456 2210 ὡς
485 2123 523 2206 ἓν
550 2131 709 2206 νοεῖσθαι
736 2124 779 2206 τὸ
807 2126 958 2226 σύμπαν
986 2130 1051 2226 τῆς
1077 2125 1328 2227 Ἐκκλησίοιςο

31 2282 48 2321 ¹
60 2275 86 2336 5
101 2256 221 2351 σῶμα,
245 2248 305 2332 διά
332 2247 488 2331 συνόδου
514 2253 574 2330 καί
600 2252 805 2354 συνδρομῆς
832 2256 905 2330 τῶν
926 2248 990 2331 δύο
1017 2255 1119 2330 λαῶν
1146 2255 1194 2334 εἰς
1221 2247 1299 2335 ένίις

101 2376 238 2456 τελείου
262 2374 449 2455 σύστασιν
466 2375 662 2468 ἀναθαῖνον
679 2376 718 2454 έν
735 2379 898 2482 Χριστῷ.
935 2377 984 2458 ὡς
1008 2372 1079 2479 γὰρ
1107 2374 1300 2459 ὁΠαῦλός

102 2504 220 2604 φησιν
247 2508 270 2546 “
284 2496 403 2584 Αύτίις
439 2497 511 2600 γάρ
541 2499 643 2577 ἐστιν
669 2497 693 2595 ἡ
724 2497 844 2602 εἰρήνη
876 2497 985 2597 ἡμῶν,
1014 2499 1035 2577 ῦ
1065 2496 1223 2600 ποιήσας
1252 2499 1300 2580 τὰ
1343 2489 1448 2622 ¹32¹}ss

103 2633 126 2670 “
143 2621 331 2730 ἀμφότερα
356 2623 395 2704 ἓν
417 2625 478 2703 καί
500 2617 543 2703 τῦ
567 2619 784 2728 μεσότοιχον
800 2631 865 2704 τοῦ
890 2629 1063 2730 φραγμοῦ
1087 2621 1215 2721 λύσας,
1234 2622 1300 2724 τὴν

104 2757 126 2795 “
144 2747 286 2853 ἔχθραν,
313 2749 351 2828 ἐν
381 2749 427 2853 τῇ
458 2751 569 2849 σαρκὶ
601 2747 720 2844 αὐτοῦ,
747 2745 812 2827 τὸν
841 2743 951 2847 νόμον
977 2753 1051 2827 τῶν
1079 2748 1236 2829 ἐντολῶν
1263 2751 1302 2829 έν

41 2909 90 2952 20
105 2882 126 2920 “
145 2871 305 2974 δόγμασι
321 2869 566 2974 καταργήσας,
583 2871 642 2951 ἵνα
660 2867 742 2956 τοῦς
761 2869 824 2951 δύο
842 2873 951 2976 κτίσῃ
975 2871 1015 2950 έν
1030 2871 1143 2979 ἑαυτῷ
1168 2878 1216 2957 εἰς
1239 2871 1303 2953 ἕνα

104 3005 127 3044 “
145 2993 267 3076 καινὸν
291 2996 492 3099 ἄνθρωπον,
510 3001 623 3076 ποιῶν
645 2993 797 3098 εἰρήνην,
817 2997 875 3074 καί
903 2994 1191 3102 ἀποκαταλλάξῃ
1217 2995 1302 3080 τοῦς

104 3128 126 3167 “
145 3119 368 3225 ἀμφοτέρους
397 3121 435 3199 έν
465 3120 516 3198 ένί
544 3117 689 3219 σώματι
721 3124 773 3226 τῷ
805 3123 888 3226 Θεῷ
924 3117 982 3198 διὰ
1019 3127 1084 3200 τοῦ
1121 3125 1335 3224 σταυροῦ,ἆ

103 3253 125 3292 “
143 3245 352 3328 ἀποκτείνας
369 3241 435 3344 τὴν
453 3242 586 3348 ἔχθραν
603 3246 642 3324 έν
659 3244 790 3352 αύτῷ·”
820 3241 840 3322 ἰν
859 3241 903 3344 δή
922 3246 980 3323 καί
996 3239 1216 3342 τετέλεσται,
1228 3250 1301 3324 τῶν

102 3365 379 3460 πιστευσάντων
405 3373 454 3452 εἰς
486 3365 653 3470 Χριστὸν
683 3365 1001 3474 ὁμοψνχησάντων
1032 3367 1212 3468 ἀλλήλοις
1242 3369 1302 3448 καὶ
1359 3391 1371 3438 .ῖ

46 3528 89 3589 25
104 3493 251 3595 καρδίαν
268 3489 528 3589 ἀναλαβόντων
546 3494 650 3572 οἱονεὶ
666 3491 762 3590 μίαν,
777 3489 835 3571 διοί
852 3495 917 3591 τῆς
935 3495 983 3574 εἰς
1001 3487 1098 3572 άπαν
1117 3491 1302 3598 έμφερείας

102 3621 167 3717 τῆς
194 3617 271 3698 κατ’
300 3619 493 3715 εὐσέβειαν,
522 3619 580 3698 καί
609 3619 674 3717 τῆς
702 3618 740 3696 ἐν
767 3621 819 3725 τῷ
848 3615 1030 3697 πιστεύειν
1057 3617 1214 3718 ῦπακοῆς
1244 3620 1304 3699 καὶ

104 3741 300 3848 φιλαρέτου
315 3739 558 3848 φρονήματος.

160 3871 234 3946 Καὶ
261 3868 363 3946 ταυτὶ
389 3864 455 3966 μέν
481 3865 595 3969 ἔγωγε
622 3871 765 3947 σκοποῦ
791 3871 857 3944 τοῦ
884 3864 1084 3967 πρέποντος
1113 3864 1177 3944 ούκ
1210 3862 1298 3962 ἀπο,

103 3987 252 4075 δεόντως
272 3988 310 4071 δέ
328 3997 473 4091 μᾶλλον
491 3998 555 4071 νῦν
568 3994 732 4094 εἰρῆσθαι
750 3985 891 4090 νομίζω.
920 3984 1039 4086 ἐπειδὴ
1058 3987 1096 4067 δὲ
1114 3993 1188 4068 τῶν
1204 4021 1298 4090 προ·

49 4156 91 4215 30
103 4114 270 4214 κειμένων
287 4115 310 4216 ή
329 4113 475 4214 δύναμις
493 4112 693 4218 ἐκβιάζεταί
707 4147 783 4197 πως
802 4113 894 4212 ἡμᾶς
911 4109 1118 4215 βαθυτέρων
1130 4109 1195 4210 μέν
1213 4110 1301 4192 εἵσω

103 4237 270 4342 γενέσθαι
294 4236 542 4343 θεωρημάτων,
561 4235 763 4343 παραθήγει
787 4233 827 4316 δὲ
851 4235 1018 4338 μάλιστα
1042 4238 1099 4316 καί
1125 4237 1145 4316 ὁ
1172 4233 1330 4338 Σωτήρο

142 4441 384 4534 16.,ἀνοβαίνοντος
397 4439 508 4525 (enqrq)
523 4439 605 4497 Cord.
660 4511 666 4524 ⁶
757 4510 771 4534 ¹
819 4453 862 4532 ηε.
880 4437 998 4510 τήν(εαδ
1011 4437 1254 4532 λαλοίἀμφηιριίας)
1267 4438 1301 4496 B.

107 4513 149 4568 28.
168 4535 215 4569 ουκ
232 4513 293 4577 ἀπο,
305 4513 414 4570 δεόντως
428 4511 500 4568 οδιᾶι
517 4529 549 4567 ex
566 4511 610 4576 E„
622 4529 669 4584 qul
687 4509 734 4566 οῦκ
753 4510 914 4570 αποδεόντως
929 4511 1046 4568 ειίὶιίκΐ.
1058 4533 1126 4580 ,ουκ
1140 4511 1302 4569 αποδιόντιις

106 4582 156 4640 Ed.
263 4599 307 4653 31.
325 4581 468 4655 παραθήγει
480 4581 544 4638 EAE.
558 4581 609 4640 Ed.
622 4599 678 4655 mg.
689 4580 835 4654 παραθήσει
848 4581 899 4638 Ed.
