3142 5118
368 340 432 405 188
554 391 555 394 ,
669 344 709 410 B.
733 343 941 410 CYRILLI
971 339 1260 409 ALEXANDR.
1449 335 1489 399 ix.

367 505 464 615 αύτῷ
487 505 691 610 λελάληκεν
709 511 730 589 ὀ
749 505 857 606 Θεὸς,
878 514 955 592 πῶς
980 508 1044 588 οῦκ
1068 509 1177 612 ἐχρῆν
1193 513 1299 586 τοῦτο
1321 505 1406 606 δρῦν
1423 503 1476 581 καὶ

368 633 532 740 Χριστῷ,
562 631 676 712 καίτοι
713 631 906 737 διαρῤήδην
937 627 1220 735 ἀνακεκραγότος·
1255 627 1437 708 ἀκούοντες
1465 633 1485 670 “

369 765 391 802 “
408 753 552 858 ῥήματα
571 752 596 834 ἃ
613 753 684 858 ε’γιὸ
703 763 820 854 λαλῶ,
840 756 905 836 οῦκ
927 756 1028 836 ἔστιν
1046 753 1124 855 ε’μὸ,
1143 751 1244 834 ἀλλὰ
1267 760 1332 832 τοῦ
1355 750 1493 854 πέμψαν

272 866 297 916 ’“
369 889 391 926 “
409 913 453 977 με
479 877 660 983 Πατρός·”
694 882 753 960 καὶ
777 879 892 961 πόλιν
911 889 933 928 “
950 877 1035 960 Ἀπ’
1055 881 1208 977 ἐμαυτοῦ
1233 877 1275 956 ού
1300 881 1416 971 λαλῶ,
1436 878 1493 952 ἆλτ’

369 1014 391 1050 “
409 1003 560 1112 πέμψας
577 1038 622 1104 με
641 1002 772 1108 Πατὴρ
798 1003 903 1088 αύτός
929 1037 990 1101 μοι
1014 1002 1165 1102 ε’ντολὴν
1184 1001 1314 1082 δέδωκε
1337 1001 1376 1080 τί
1395 997 1478 1078 εἴπω

369 1138 390 1176 “
409 1127 448 1208 τί
475 1127 633 1230 λαλήσω
646 1127 899 1234 ς”,πρόφασις
929 1129 991 1208 οῦν
1019 1127 1090 1229 ἄρα
1119 1129 1178 1206 καὶ
1210 1130 1399 1227 λογισμῶν
1425 1127 1493 1200 εἰκα

369 1251 552 1356 εὑρήματα
568 1259 641 1333 τῶν
661 1251 872 1356 Φαρισαίων
891 1257 923 1331 οἱ
947 1250 1064 1354 λόγοι.
1105 1257 1134 1331 εί
1158 1248 1231 1353 γὰρ
1257 1247 1317 1328 διὰ
1339 1243 1442 1326 τοῦτό
1466 1249 1493 1346 φ

341 1383 530 1457 θΜωυσεῖ
552 1383 699 1476 μᾶλλον
725 1375 877 1456 ἕπεσθαι
905 1378 987 1471 δεῖν,
1016 1375 1160 1475 ἐπείπερ
1188 1374 1285 1478 αύτῷ
1316 1368 1493 1466 λελάληκε

371 1499 475 1599 θεὸς,
500 1501 540 1580 τί
563 1497 613 1600 μὴ
640 1509 755 1580 ταῦτα
782 1505 983 1604 φρονοῦσιν
1010 1501 1067 1578 ε’πὶ
1096 1501 1259 1604 Χριστῷ,
1281 1499 1395 1575 καίτοι
1422 1490 1493 1593 λέγ.

370 1630 503 1730 σαφῶς
528 1619 619 1726 ἅπερ
645 1624 774 1727 ἀρτίως
799 1622 1012 1726 είρήκαμεν;
1044 1622 1129 1700 ἀλλ’
1150 1624 1189 1700 έν
1207 1620 1302 1724 μέρει
1320 1624 1486 1716 τιμῶντες

371 1747 490 1848 νόμον,
514 1749 573 1827 καὶ
600 1746 739 1827 σεπτὸν
766 1747 934 1848 ἡγεῖσθαι
961 1742 1266 1849 προσποιούμενοι
1293 1741 1336 1823 τὸ
1364 1746 1492 1822 δοκοῦν

371 1876 465 1979 Θεῷ,
483 1869 712 1972 πλήττουσιν
737 1869 863 1973 ἑτέρως
890 1869 1058 1975 χειρόνως
1086 1867 1314 1972 ἀτιμάζοντες
1342 1864 1399 1947 διὸ
1427 1872 1493 1944 τοῦ

370 1993 638 2100 παραδέχεσθαι
662 1992 782 2074 θέλειν
800 1991 842 2073 τὸ
866 1995 1094 2096 καιριώτερον
1108 1990 1291 2096 κήρυγμα·
1331 1999 1437 2070 τοῦτο
1462 1987 1493 2067 δι’

371 2117 414 2199 τὸ
432 2121 489 2200 ἐπὶ
508 2124 660 2226 Χριστῷ
686 2117 744 2198 διὸ
771 2115 836 2218 τήν
854 2115 946 2216 μετὰ
969 2115 1105 2221 σαρκὸς
1132 2115 1334 2216 οἰκονομίαν
1352 2118 1400 2198 ὡς
1419 2117 1493 2192 έντ

371 2241 490 2347 φήτου
507 2241 608 2350 τάξει
626 2241 930 2344 κατηγγελμένον.

340 2366 362 2431 d

370 2488 377 2509 Ι
498 2487 504 2509 Ι
588 2488 596 2510 l
893 2488 900 2510 ἱ
951 2483 964 2509 9
1088 2488 1096 2510 1
1140 2483 1153 2501 ⁸
1202 2487 1210 2508 D
1342 2487 1350 2508 Ι
1466 2485 1474 2506 ἱ

323 2499 362 2558 30
384 2488 548 2577 Απεκριθιι
584 2512 602 2554 o
637 2489 812 2578 ἅνθρωποι·
849 2513 901 2554 και
934 2511 1024 2556 ειπεν
1061 2510 1171 2554 αυτοιι
1220 2486 1261 2552 Εν
1296 2509 1402 2570 τουτῳ
1439 2507 1493 2573 suff

425 2614 611 2692 θαυμαστόν
633 2615 730 2694 ἐστιν,
749 2617 799 2682 ὅτι
824 2611 915 2692 ὑμεῖς
940 2616 998 2680 οὐκ
1023 2609 1137 2680 οἴδατε
1161 2615 1261 2680 πόθεν
1283 2611 1362 2691 ἐστὶ,
1382 2611 1438 2676 καὶ
1465 2611 1493 2675 εἴ

320 2778 323 2786 ·
424 2761 485 2816 μου
512 2763 589 2807 τουα
616 2741 819 2828 ὀφθαλμούς.

432 2913 760 3014 Χαταπέπληγμαι,
794 2915 898 3020 φησὶ,
930 2916 988 2992 καὶ
1026 2908 1175 3016 σφόδρα
1212 2915 1334 2992 καλῶς
1370 2913 1402 2986 εί
1440 2903 1493 2986 τὸν

375 3033 537 3138 ἁγιότητι
557 3037 717 3142 τοσαύτῃ
742 3039 800 3116 καὶ
825 3041 1017 3139 θεοπρεπεῖ
1039 3035 1233 3140 δυναστεία
1255 3033 1298 3112 δι’
1318 3027 1368 3110 ὧν
1387 3030 1493 3133 ε’ίργα

374 3157 664 3264 μαρτυρούμενον
682 3159 892 3261 ἠγνοηκέναι
911 3157 1015 3265 φατέ,
1036 3161 1095 3238 καὶ
1119 3157 1160 3238 τὸ
1184 3153 1439 3260 προσεδρεύειν
1459 3155 1493 3233 ἀι

376 3283 555 3369 σπύστως
577 3289 629 3391 τῷ
646 3289 729 3392 Θεῷ
752 3282 981 3386 νομιζόμενοι,
1000 3285 1059 3362 καὶ
1088 3279 1199 3380 νόμου
1223 3276 1493 3383 προεστηκότες

348 3415 454 3492 οταῖς
473 3413 580 3511 ἱεραῖς
599 3409 841 3512 ἐντρυφῶντες
860 3411 1082 3502 συλλαβαῖς,
1101 3409 1160 3485 καὶ
1185 3403 1360 3510 λαχόντες
1387 3404 1493 3504 ἡγεμι

376 3529 478 3632 ήκαὶ
495 3528 661 3631 μάλιστα
678 3527 721 3610 τὸ
740 3527 898 3632 ἀγαθούς
922 3527 1046 3610 εἰδέναι
1070 3529 1304 3637 φροντισταῖς.
1341 3528 1414 3606 τίνι
1439 3524 1493 3628 γὸ

377 3656 436 3734 καὶ
452 3651 582 3756 πρέποι
601 3649 642 3734 τὸ
662 3654 788 3733 εἰδέναι
808 3660 929 3738 καλῶς
947 3650 1029 3736 τοῦς
1047 3659 1376 3756 τερατουργοῦντας
1395 3649 1456 3728 διὰ
1480 3657 1493 3726 ί

376 3776 475 3878 εἰμὴ
495 3784 568 3862 τοῖς
590 3781 648 3857 καὶ
674 3781 837 3881 ἱερᾶσθαι
863 3776 1202 3881 προστεταγμένοις,
1221 3779 1279 3854 καὶ
1306 3773 1358 3858 οἷς
1387 3779 1440 3856 είς
1467 3781 1493 3876 φ

378 3903 458 3982 τίδα
482 3900 524 3982 τὸ
550 3901 687 3982 σεπτὸν
710 3903 915 4002 ἀπενεμήθη
939 3901 1164 4003 μυστήριον,
1195 3897 1491 3997 καταπλήττεσθ

378 4025 496 4130 λέγων
528 4028 577 4111 ὡς
609 4023 830 4129 ἠγνοηκότας
862 4031 991 4131 κομιδῇ
1024 4023 1088 4105 τὸν
1119 4025 1232 4108 οὕτως
1262 4021 1493 4127 ἀξιοίγαστοι

379 4149 486 4257 ξένην
516 4155 566 4235 είς
598 4148 708 4230 αὑτὸν
738 4149 996 4230 ἐπιτελέσαντα
1027 4146 1094 4248 τήν
1121 4147 1330 4248 θεοσημίαν,
1359 4148 1493 4226 ῦποπλ

414 4397 440 4451 9.
459 4377 508 4452 μη]
525 4385 554 4443 ÷
570 4379 612 4434 ευ
624 4378 697 4434 κω.
746 4377 844 4434 statim
856 4377 936 4432 ..με
949 4377 1057 4450 conjicit
1070 4377 1170 4448 ωερε.
1307 4391 1348 4447 13.
1368 4339 1493 4446 ταφαί.

383 4465 423 4517 ¹5.
443 4450 651 4520 κατογγελμένου
664 4447 698 4504 B.
711 4449 917 4521 κατηγγελμένον
929 4447 981 4503 Ed.
1075 4465 1117 4502 τι.
1137 4449 1220 4540 mlv?
1240 4447 1329 4534 Ικαίτοι
1343 4445 1482 4500 κατοικίαι

380 4517 1155 4661 κατοικεῖται.....ηιιιιιίιιιικ
1192 4541 1215 4572 “
1229 4515 1493 4644 ...κειται
