3238 5114
550 1297 790 1374 ΚΕΦΑΛΗ
834 1297 879 1374 Ε.

139 1587 212 1654 Ὀτι
234 1595 286 1654 τοῦ
309 1591 384 1656 εἶναι
407 1589 488 1658 Θεὸς
509 1591 650 1671 ἀληθινὸς
671 1593 688 1655 ὁ
710 1590 781 1659 Ύίδς
802 1591 854 1656 αιἰκ
877 1589 934 1671 ἔξω
957 1592 1096 1666 κείσεται,
1120 1589 1173 1654 κᾶν
1193 1591 1288 1671 μόνον

368 1712 416 1776 καὶ
435 1710 577 1792 ἀληθινὸν
598 1710 726 1798 δνομθζη
749 1712 832 1776 Θεὸν
852 1711 906 1776 τδν
928 1712 1060 1793 Πατέρα.

142 1991 228 2056 Αῦτιι
256 1989 292 2056 δὲ
318 1989 405 2058 ἐστιν
433 1993 451 2055 ιλ
481 1986 614 2058 αἰώνιος
641 1991 718 2081 ζωίι,
744 1991 797 2056 ἵνα
825 1989 1008 2066 τινὼοκωοί
1034 2014 1070 2056 σε
1097 1990 1154 2058 τὸν
1180 1993 1280 2068 μόνον
1324 2015 1342 2072 3

82 2127 101 2187 5
231 2117 387 2186 ἀληθινὸν
415 2117 508 2199 Θεὸν,
536 2118 589 2183 καὶ
615 2117 652 2184 ὃν
680 2117 1019 2184 ἀπέστειλαεῚιιοοῦν
1047 2117 1193 2206 Χριστόν.

1322 2285 1344 2350 b

172 2379 393 2454 MHTEPA
411 2379 476 2473 τῆς
493 2377 635 2456 αἰωνίου
651 2373 741 2476 ζωῆς
759 2373 825 2475 τῆν
842 2376 967 2456 πίστιν
985 2375 1153 2479 ὡρίσατο,
1172 2380 1230 2457 καὶ
1248 2381 1312 2476 τῆς

114 2499 272 2597 ἀληθοῦς
299 2501 521 2602 θεογνωσίας
549 2499 616 2597 τῆν
643 2497 793 2599 δύναμιν
819 2501 1006 2603 παραίτιον
1032 2501 1188 2581 ἔσεσθαί
1217 2509 1313 2608 φησι

113 2626 178 2721 τῆς
196 2627 244 2706 εἰς
261 2629 372 2702 αἰῶνα
391 2628 558 2724 διαμοιῆς
576 2629 640 2724 τῆς
657 2626 695 2704 ἐν
713 2625 904 2731 ἀφθαρσίᾳ
928 2624 1095 2725 δηλονότι
1118 2629 1175 2706 καὶ
1199 2661 1314 2723 μακα-

113 2744 249 2848 ριότητι
277 2751 334 2826 καὶ
359 2749 542 2856 ἁγιασμῷ.
581 2752 701 2848 ἀληθῆ
727 2747 765 2828 δὲ
790 2749 1011 2851 θεογνωσίαν
1033 2747 1124 2831 εἷναί
1139 2756 1267 2856 φαμεν,
1289 2749 1313 2849 ἣ

63 2915 101 2956 ιο
113 2877 187 2951 τῶν
203 2873 438 2971 ἐγκλημάτων
456 2873 687 2973 ἀπήλλακται
706 2877 770 2971 τῆς
786 2871 877 2975 πρὸς
895 2871 1014 2976 ἕτερόν
1028 2909 1063 2954 τι
1080 2878 1314 2976 παρατροπῆς

114 2998 173 3074 καὶ
198 2996 254 3101 ἐφ’
274 2993 365 3095 ἀμῆ
383 3001 567 3099 προσῆκεν
592 2991 810 3098 ἀποδραμῆς.
851 2995 1113 3099 λελατρειίκασι
1130 2997 1202 3098 γάρ
1221 3029 1312 3080 τινες
1357 3035 1429 3086 κω,
1438 3037 1454 3086 i.

115 3129 137 3166 ‘⁶
155 3123 200 3223 τῆ
218 3119 332 3198 κτίσει
350 3117 450 3222 παρὰ
469 3117 532 3199 τὸν
551 3117 755 3218 κτίσαντα,”
776 3121 834 3198 καὶ
852 3121 904 3226 τῷ
920 3117 1022 3228 ξιίλιρ
1049 3119 1312 3218 τετολμήκασιν
1358 3115 1398 3164 ²⁵'

115 3247 224 3324 εἰπεῖν
249 3253 271 3289 “
286 3241 415 3346 Πατήρ
439 3278 509 3342 μου
532 3241 566 3324 εἷ
587 3242 647 3341 σὺ,
667 3245 726 3322 καὶ
750 3248 801 3350 τῷ
824 3242 916 3350 λίθιρ
936 3241 990 3323 Σθ
1011 3279 1054 3342 με
1080 3242 1309 3344 ἐγέννησας.”
1323 3282 1340 3326 ο
1355 3239 1434 3368 ξιξ·

114 3365 205 3470 πρὸς
239 3365 311 3470 γάρ
347 3366 391 3467 δῆ
428 3376 604 3448 τοσοῦτον
641 3371 674 3448 οἱ
711 3365 859 3446 δείλαιοι
895 3367 1125 3448 κατοίλισθον
1159 3369 1312 3466 ἀμαθίας

63 3533 76 3572 ι
82 3527 101 3589 5
115 3492 253 3594 μέτρον,
273 3494 322 3575 ὠς
349 3493 408 3572 καὶ
424 3499 502 3576 ταῖς
520 3489 726 3591 αἰσθήσεως
751 3491 981 3594 ἀμοιροιίσαις
1001 3493 1113 3591 ὕλαις,
1130 3491 1197 3591 τῆν
1215 3492 1313 3573 θείαν

115 3616 241 3698 ἁπλῶς
268 3615 471 3714 ἐπωνυμίαν
493 3615 728 3720 χαρίσασθαι,
752 3617 811 3695 καὶ
838 3619 902 3714 τῆς
929 3613 976 3695 τὰ
1001 3615 1121 3696 πάντα
1150 3617 1310 3718 ὑπερκει-

114 3738 221 3839 μένης
248 3740 373 3824 οὐσίας
400 3735 466 3854 τῆν
488 3740 642 3844 ἀρῤητον
666 3743 857 3840 περιθεῖναι
881 3735 1002 3846 δόξαν.
1044 3741 1137 3846 μίνιι
1164 3739 1227 3820 οὖν
1254 3744 1313 3822 καὶ

115 3862 261 3958 ἀληθιάν
286 3861 446 3967 ὀνομάζει
469 3863 551 3946 Θεάι
572 3863 636 3944 τὸν
661 3863 822 3966 Πατέρα,
842 3869 915 3948 τοῖς
942 3863 1189 3968 ψευδωνύμως
1217 3867 1312 3944 ἀντι-

114 3991 230 4086 τιθεὶς,
263 3992 322 4070 καὶ
354 3995 427 4073 τοῖς
464 3988 746 4088 πεπλανημένως
782 3987 1048 4087 ὡνομασμένοις
1081 3994 1172 4070 θεοῖς
1209 3989 1307 4065 ἀντι·

60 4158 102 4198 το
114 4109 330 4220 παρεξάγων
355 4111 480 4215 ὥσπερ
503 4109 567 4192 τὸν
585 4115 714 4211 ἀληθῆ·
752 4109 890 4196 σκοπὸς
914 4109 985 4213 γάρ
1003 4111 1106 4194 οὗτος
1123 4114 1175 4218 τῷ
1194 4108 1307 4216 λόγῳ.

115 4237 302 4340 χρησίμως
326 4234 364 4316 δὲ
388 4235 472 4316 λίαν
489 4234 551 4316 ἕνα
574 4237 632 4316 καὶ
659 4235 752 4342 μίιιι
777 4234 886 4315 εἰπὼν
909 4233 973 4314 τὸν
993 4233 1149 4337 Πατέρα,
1168 4237 1226 4313 καὶ
1248 4237 1344 4334 τῆςιί

114 4362 240 4440 ἑαυτοῦ
268 4360 498 4460 διαμέμνηται
525 4358 634 4466 δόξης
662 4356 779 4460 λέγων
808 4364 873 4437 Καὶ
899 4358 932 4438 ’ὃν
959 4354 1172 4444 ἀπίστειλας
1195 4361 1313 4454 Ἰησοῦν

625 4639 674 4694 1-3
693 4639 747 4678 om.
760 4621 794 4678 E.

668 4723 764 4786 4Q2
