3184 5104
374 323 437 388 172
624 301 628 312 “
673 319 713 383 Β.
737 317 947 383 cmm
978 313 1263 380 ALEXANDR.
1364 278 1433 373 ἀ.
1448 307 1493 386 18,

374 491 419 592 τῇ
452 491 525 566 τῶν
553 485 665 590 ἁγίων
692 484 793 591 τάξει
824 485 942 582 τιθεὶς,
967 482 1141 589 προφήτην
1168 481 1356 579 ἀποκαλεῖ.
1405 477 1493 554 δοκεῖ

373 645 435 711 μοι
460 609 590 692 λοιπὸν
611 611 653 690 ού
677 607 826 715 σφόδρα
852 613 925 687 τῶν
949 611 1104 704 νομικῶν
1125 606 1393 703 μεταποιεῖσθαι
1418 603 1493 679 διατ

374 737 509 837 μάτων.
560 735 601 814 ού
628 732 700 838 γάρ
728 731 773 812 ἃν
800 730 981 830 ἐθαύμασε
1009 736 1186 809 τοσοῦτον
1213 725 1332 823 αὐτὸν,
1358 725 1433 804 οὐδ’
1461 722 1493 801 ἂι

374 857 565 968 προφήτου
592 857 692 964 τάξει
722 855 944 962 παρεδέξατο
974 852 1037 934 τὸν
1065 852 1203 954 ἰατρὸν,
1235 852 1348 931 καίτοι
1375 859 1493 950 παραλ

344 981 438 1063 ατὸν
465 986 523 1064 ἐπὶ
551 987 603 1089 τῷ
633 979 814 1089 σαββάτῳ
842 983 1016 1060 δοκοῦντα
1049 973 1200 1076 θεσμόν.
1253 959 1481 1080 ὠφελημένος

375 1107 446 1210 ἄρα
483 1112 534 1216 τῷ
572 1105 738 1206 θαύματι,
770 1107 829 1185 καὶ
866 1102 958 1207 πρὸς
992 1102 1067 1210 ἕξιν
1099 1100 1168 1201 ἤδη
1200 1103 1265 1198 τῆς
1288 1099 1474 1178 ΙἸουδαίων

374 1233 558 1334 κρείττονα
593 1228 828 1329 διαβεβηκὼς,
859 1232 911 1334 τῷ
943 1229 1205 1332 θαυματουργῷ
1238 1223 1280 1303 τὸ
1312 1226 1440 1328 χρήναι
1472 1255 1493 1299 ν

374 1356 541 1456 ἀπονέμει
568 1353 717 1454 νομικὴν
742 1351 954 1454 ἐπετήρησεν
980 1349 1188 1431 αἰνυπαίτιον
1212 1353 1399 1430 παντελῶς
1426 1341 1491 1444 τήν

375 1473 525 1582 ἀγαθοῖς
551 1477 752 1586 ποιουμένῳ
778 1474 1005 1580 παράβασιν.

326 1737 362 1793 18
378 1729 446 1796 Οὐκ
481 1727 673 1794 ἐπίστευσαν
705 1724 735 1792 οἰ
762 1723 917 1793 Ἰουδαῖοι
953 1724 1029 1814 περὶ
1064 1724 1171 1804 αὐτοῦ,
1206 1743 1257 1787 οτι
1291 1719 1414 1810 τυφλδο
1450 1717 1489 1786 ἦν

428 1855 619 1936 ἀνέβλεψεν,
646 1855 711 1918 ἓωο
738 1854 815 1922 ὅτου
842 1849 1020 1939 ἒφὼνιισαν
1047 1848 1124 1916 τοὺς
1151 1841 1255 1922 πονεῖο
1284 1845 1383 1913 αὐτοῦ
1411 1849 1468 1913 τοῦ

326 2006 362 2064 19
429 1981 611 2062 βλέψαντος
638 1977 691 2044 καί
715 1975 891 2067 ιἰρῶτιιοαν
913 1975 1032 2042 αὐτοὺς
1056 1978 1206 2052 κὲτοντεο
1230 1968 1334 2040 Οὗτόο
1358 1973 1482 2041 ἒοτινὸ

342 2083 364 2148 d
429 2107 519 2186 ὑμῶν
542 2108 578 2173 ὃν
600 2104 690 2184 ὑμεῖς
717 2105 828 2180 Λέπετε
855 2107 906 2174 ὅτι
932 2102 1056 2192 τυφλὸς
1082 2103 1260 2187 ἐπιγείους
1292 2103 1364 2169 πῶς
1388 2095 1444 2167 οὖν
1464 2112 1493 2178 βι

428 2257 522 2324 αρτιρ

435 2397 516 2476 Ούκ
543 2397 584 2503 ἐᾷ
608 2394 844 2477 πιστεύεσθαι
867 2393 910 2476 τὸ
937 2401 1053 2476 πᾶσιν
1071 2393 1361 2499 ὁμολογούμενον
1379 2389 1493 2495 δριμύι

376 2522 415 2600 ἐν
443 2521 561 2602 αὐτοῖς
589 2522 609 2602 ὁ
637 2517 730 2600 κατὰ
757 2529 821 2600 τοῦ
852 2519 1141 2622 θεραπεύσαντος
1171 2520 1317 2627 φθόνος,
1346 2519 1405 2598 καὶ
1433 2519 1486 2622 τῷ

377 2645 507 2744 μανίας
525 2643 661 2752 οἴστρῳ
679 2642 952 2746 τυραννούμενοι
970 2641 1081 2748 μικρά
1099 2642 1164 2742 μὲν
1182 2647 1310 2748 κομιδῇ
1328 2645 1393 2742 τῆς
1411 2642 1493 2738 άληι

378 2765 620 2874 φροντίζουσι,
639 2770 877 2873 ψευδηγορεῖν
894 2799 933 2846 τε
952 2765 1044 2846 κατὰ
1062 2773 1238 2870 Χριστοῦ,
1259 2769 1317 2846 καὶ
1334 2762 1444 2845 αύπδν
1462 2799 1493 2862 μι

378 2891 534 2992 πράτοις
561 2889 786 2997 ἐξεβιάζοντα
813 2889 877 2970 τὸν
905 2889 1058 2997 τυφλὸν,
1086 2889 1188 2970 οὐδὲν
1215 2888 1253 2970 δὲ
1281 2889 1390 2990 ἦττον
1418 2889 1493 2966 νυνὶ

275 3073 279 3084 ·
349 3011 461 3100 οτούς
488 3013 656 3099 τεκόντας
681 3011 790 3094 αὐτὸν
814 3019 1115 3098 είκαιοπονοῦντες
1140 3014 1365 3110 ἁλίσκονται,
1390 3009 1484 3114 πρὸς

378 3141 585 3223 τούναντίον
614 3138 851 3238 ἐκβεβηκότας
883 3145 947 3218 τοῦ
978 3136 1203 3241 πράγματος.
1256 3133 1493 3240 περιττοτάτη

378 3263 527 3372 σφόδρα
555 3262 621 3365 τήν
648 3271 778 3344 πεῦσιν
801 3261 1036 3366 προσάγουσι
1063 3268 1137 3346 τοῖς
1166 3259 1400 3365 γεγεννηκύσι
1428 3258 1493 3340 τὸν

380 3393 538 3491 θριοπον,
563 3389 625 3468 καί
646 3421 707 3485 μοι
732 3392 903 3467 δοκοῦσιν
927 3387 972 3496 ἐξ
996 3386 1151 3490 ἀμέτρου
1179 3385 1404 3480 δυσβουλίας
1432 3387 1491 3464 καὶ

381 3513 425 3590 δι’
445 3515 566 3595 αἰδοῦς
584 3512 703 3595 αὐτοῖς
723 3509 810 3592 ὄντα
829 3515 888 3592 καὶ
905 3511 1054 3618 σφόδρα
1072 3508 1385 3613 συνηγορούμενον
1403 3512 1493 3605 ἀτιρο

382 3632 504 3732 νόμον.
554 3633 645 3736 ἦγον
671 3632 836 3740 μὲνγὰρ
867 3641 900 3715 οὶ
932 3635 1097 3738 γείτονες,
1126 3632 1220 3714 καθὰ
1248 3633 1463 3736 γέγραπται,
1487 3641 1493 3678 “

382 3770 403 3810 “
421 3792 509 3840 ποτε
535 3757 708 3866 τυφλὸν,”
729 3761 788 3838 καὶ
815 3765 889 3842 τοῖς
916 3766 1030 3838 ταῦτα
1057 3761 1255 3862 διερωτῶσι
1283 3760 1358 3838 νυνὶ
1386 3791 1493 3859 παραι

381 3917 513 3969 σαντες
535 3882 678 3968 πάντας
704 3881 821 3982 δήπου
847 3885 905 3962 καὶ
928 3881 983 3962 ὅτι
1001 3881 1142 3989 τυφλὸς
1159 3879 1330 3984 ἐγεννήθη
1347 3878 1493 3982 διήγγελ

381 4009 441 4088 καὶ
467 4005 522 4088 ὅτι
548 4015 612 4088 νῦν
630 4006 836 4114 ἀνέβλεψεν
854 4005 1087 4110 ἐμαρτύρουν.
1127 4001 1205 4086 εἶτα
1228 4013 1293 4085 τοῦ
1316 4002 1428 4104 νόμου
1453 4037 1493 4081 σι

215 4150 325 4276 ῳρῳια.
353 4133 439 4212 οέπὶ
471 4129 654 4232 στόματος
686 4131 751 4211 δύο
781 4135 838 4212 καὶ
868 4137 976 4236 τριῶν
1005 4128 1197 4234 μαρτύρων
1227 4127 1360 4230 ἀληθές
1391 4124 1481 4206 εἶναι

215 4293 319 4355 ¹³⁰¹&
419 4341 446 4396 8.
463 4340 510 4410 τήν
523 4341 556 4396 Β.
569 4343 623 4398 τοῖς
636 4340 727 4396 Holst.
740 4339 793 4396 Ed.
902 4357 942 4396 ιο.
961 4339 1119 4396 ἐπίστευσαν
1150 4345 1180 4406 ’ί-
1195 4337 1325 4395 ῠῦνᾸῑὼ·
1433 4353 1476 4392 ¹¹·

386 4410 435 4466 Ην.
447 4411 509 4466 ὅπου
521 4411 671 4467 emendavit
683 4411 756 4468 Aub.
866 4427 907 4482 13.
924 4411 1017 4483 λέγετε
1031 4409 1064 4465 Β.
1076 4411 1182 4483 ι’λιγιτι
1196 4411 1245 4466 flt.
1259 4409 1310 4466 Ed.
1430 4423 1474 4462 20.

383 4484 521 4536 πονοῦντες
532 4481 685 4537 ἁλίσκονται
698 4481 731 4538 B.
743 4483 792 4537 Ht.
805 4481 829 4536 εί
841 4503 882 4536 και
893 4504 927 4536 ιπ
945 4483 1044 4554 αμφοῖν
1055 4483 1286 4551 ματαιοπονοῦντεε
1298 4497 1313 4535 ο
1325 4478 1385 4536 cat.
1400 4479 1482 4536 Harl.

384 4555 460 4604 notat
472 4551 529 4620 ipse
541 4549 614 4606 Aub.
627 4561 653 4607 et
665 4552 702 4606 itu
713 4570 748 4616 a„
761 4553 807 4624 qui
820 4559 909 4608 tamen
922 4561 948 4608 et
959 4552 1111 4608 ἁλίσκονται
1122 4549 1241 4606 exhibet.
