3274 5118
129 368 316 437 xv.12,13.
350 349 407 415 IN
437 350 470 424 S.
495 348 751 416 JOANNEM.
796 348 892 414 ΙιΙΒ.
916 347 958 414 Χ.
1004 347 1177 414 CARII.
1216 449 1219 455 r
1264 348 1328 412 575

130 515 190 592 καὶ
202 520 307 597 σκιάς
323 514 509 622 ἐξίπταται
527 515 641 616 δίκην.
671 512 797 615 ὥσπερ
815 513 952 595 τέλειον
969 519 1078 614 μῖσος
1096 509 1186 593 εἶναί
1197 517 1328 620 φαμεν,

131 635 174 718 τὸ
205 637 346 722 δικαίως
376 673 415 720 τε
447 642 506 720 καὶ
538 641 654 742 ὀρθῶς
682 640 743 720 ἐπί
773 673 849 718 τισι
885 641 968 742 παρ’
996 639 1098 738 ἡμῶν
1127 635 1363 740 γινόμενονδ

130 757 257 864 ὥσπερ
276 763 339 842 οὖν
355 763 480 862 ἀμέλει
502 766 560 844 καὶ
579 765 599 844 ό
618 761 791 865 μακάριος
810 764 944 842 Δαυεὶδ
961 768 1041 865 περὶ
1059 767 1132 841 τῶν
1150 763 1327 861 ἀνθεστη-
1374 845 1434 896 M

131 883 248 964 κότων
279 892 326 992 τῇ
358 887 447 994 δόξη
479 895 543 968 τοῦ
576 892 672 967 θεοῦ
703 893 798 992 φησι
831 885 1012 966 “Τέλειον
1043 892 1152 984 μῖσος
1182 885 1329 984 ἐμίσουν
1374 883 1493 962 cxxiffii.

94 1017 154 1089 5“
174 1009 338 1094 αιἰτούς·”
377 1011 517 1090 τελείαν
544 1009 581 1091 δέ
610 1010 764 1112 ἀγάπην,
790 1009 856 1110 τὴν
884 1008 1093 1113 ὁλοκλήρως
1120 1012 1329 1089 ἀνακεῖσθαι
1376 991 1416 1028 '²'

131 1137 217 1238 Θεῷ
242 1132 588 1237 παρασκευάζουσαν
605 1133 687 1219 τούς
715 1132 864 1218 ἑλόντας
891 1134 1002 1233 αὐτὴν
1020 1136 1057 1212 ἐν
1076 1137 1160 1241 Θεῷ
1189 1136 1247 1213 καὶ
1270 1130 1329 1214 διά

132 1255 242 1348 Θεὸν,
262 1259 304 1336 ού
331 1255 398 1358 τὴν
425 1259 486 1339 ἐπί
509 1292 606 1339 τισιν
629 1259 795 1360 ἐπιγείοις
820 1259 879 1338 καὶ
905 1255 1019 1360 λόγου
1043 1256 1193 1358 μηδενός
1216 1257 1330 1365 ἀξίοις

131 1377 359 1483 πράγμασιν.

130 1642 218 1709 Αύτει
242 1642 330 1710 ἐστὶν
349 1644 368 1708 ύ
388 1644 506 1712 ὲντολύ
527 1646 546 1712 ίι
567 1644 640 1726 ἑμύ,
658 1645 712 1711 ἴνα
737 1645 886 1722 ἀτυττᾶτε
908 1645 1084 1726 ἀλλήλους,
1104 1642 1213 1712 καθὼι
1238 1643 1328 1718 κύει-ὼ
1347 1669 1380 1708 12

78 1766 117 1806 ¹⁰
184 1769 335 1844 εἰτάπεισιι
365 1771 459 1847 ὑμᾶς·
502 1769 629 1862 μείζονα
657 1773 777 1838 τυύτιιι
804 1772 933 1847 ἀτύπυν
960 1771 1069 1838 οὐδεὶς
1095 1771 1172 1859 ἔχει,
1198 1771 1252 1838 ἵνα
1278 1793 1326 1838 τιο
1344 1801 1380 1858 ¹3

183 1891 243 1960 τάν
269 1894 376 1983 ψυχύν
403 1898 502 1962 αὑτοῦ
530 1901 569 1987 θῇ
597 1896 679 1987 ὑπὲρ
705 1897 772 1964 τῶν
799 1895 907 1985 φίλων
934 1898 1045 1964 αὐτού.
1341 1883 1358 1926 ⁹

189 2067 488 2174 Ἐμφανεστέραν
510 2069 578 2170 ἤδη
598 2069 793 2169 καθίστησι
812 2067 870 2148 διά
892 2073 956 2170 τῆς
974 2067 1110 2149 τούτων
1128 2070 1328 2169 ἐπαγωγῆς,

134 2197 206 2270 τῶν
225 2193 292 2293 ἤδη
310 2193 571 2296 προειρημένων
587 2191 653 2292 τὴν
671 2192 835 2293 δύναμιν,
851 2192 1026 2289 τουτέστι,
1038 2190 1081 2271 τὸ
1099 2195 1228 2296 χρῆναι
1246 2190 1330 2275 τούς

134 2314 297 2415 μαθητάς
323 2313 390 2416 τὴν
408 2317 516 2396 αὐτοῦ
541 2315 657 2422 χαράν
676 2317 768 2422 ἐχειν
797 2319 835 2396 ἐν
863 2317 1013 2400 ἑαυτοῖς
1053 2314 1261 2421 ἀναφανδόν
1289 2318 1331 2395 δέ

80 2477 119 2538 15
135 2443 262 2546 φησιν,
291 2438 345 2519 ότι
369 2448 476 2519 τοῦτο
504 2437 728 2539 ἐντέλλομαι,
759 2442 817 2520 καὶ
846 2447 952 2520 τοῦτο
984 2437 1143 2518 διδάσκω
1172 2441 1261 2542 δρᾶν
1289 2473 1328 2520 τε

134 2565 194 2672 καὶ
213 2569 358 2670 φρονεῖν
375 2571 458 2648 τοῦς
482 2565 633 2644 ἔπεσθαι
660 2568 731 2644 δεῖν
749 2562 925 2662 οἰομένους
950 2565 1038 2664 ἐμοὶ,
1056 2558 1329 2665 τοιουτότροπον

133 2693 184 2771 εἱς
211 2685 398 2788 ἀλλήλους
425 2691 618 2788 ἐκμελετᾶν
646 2683 713 2787 τὴν
742 2687 898 2790 ἀγάπην,
927 2689 1054 2768 ὁποίαν
1080 2684 1152 2789 ε’γάι
1180 2687 1328 2793 φθάσας

132 2810 368 2917 ἐπεδειξάμην
385 2815 443 2891 καὶ
464 2809 698 2915 πεπλήρωκα.
737 2819 842 2892 ποῖον
860 2813 924 2892 οὖν
942 2811 1012 2915 ἀρα
1029 2808 1071 2891 τό
1089 2809 1218 2914 μέτρον
1235 2816 1324 2890 θεω-

131 2933 246 3040 ρῆσαι
272 2970 325 3019 τις
353 2934 398 3015 ἀν
424 2941 488 3036 τῆς
515 2935 658 3038 ἀγάπης
689 2943 752 3015 τοῦ
770 2940 946 3038 Χριστοῦ,
964 2932 1077 3016 πάλιν
1104 2932 1210 3019 αότός
1238 2933 1357 3017 ἀπό-ι
1378 2959 1496 3021 em.

77 3091 118 3132 20
134 3065 258 3166 φηνεν,
283 3057 401 3157 εἰπὼν,
430 3061 472 3140 τὸ
499 3059 616 3162 μεῖζον
644 3055 731 3138 εἶναι
758 3059 868 3159 μηδὲν
895 3063 959 3157 τῆς
981 3056 1145 3156 τοιαύτης
1173 3055 1327 3158 ἀγάπης,

133 3183 158 3286 ἦ
186 3189 245 3266 καὶ
276 3184 387 3285 αὐτὴν
415 3185 591 3289 προέσθαι
618 3180 684 3282 τὴν
712 3183 838 3290 ψυχὴν
866 3179 955 3286 ύπέρ
983 3187 1055 3261 τῶν
1083 3181 1329 3283 ἀγαπωμένων

133 3309 382 3391 διακελεύεται.
420 3311 458 3389 ἐκ
487 3307 531 3408 δὴ
559 3305 695 3388 τούτων
717 3306 885 3387 ἁπάντων
912 3307 1102 3410 μονονουχὶ
1129 3311 1203 3388 τοῖς
1231 3307 1329 3390 ἰδίοις

134 3432 372 3513 διακελεύεται
408 3438 594 3532 μαθηταῖς,
627 3429 682 3510 ότι
713 3428 888 3533 προσήκει
920 3436 1096 3509 τοσοῦτον
1127 3425 1329 3534 ἀφεστάναι

134 3565 199 3636 τοῦ
229 3557 375 3638 δεδιέναι
399 3562 521 3664 φιλεῖν
548 3555 629 3638 τοὺς
658 3552 746 3657 ύπέρ
771 3561 843 3634 τῶν
866 3551 1078 3654 σωφιμένων
1100 3553 1252 3653 ἀγῶνας,
1271 3555 1329 3632 καὶ

77 3711 117 3769 25
135 3680 244 3760 αὐτὸν
262 3681 459 3762 ἀοκνότατα
487 3683 544 3759 καὶ
570 3680 654 3758 λίαν
675 3677 823 3778 ἑτοίμως
851 3677 940 3782 ἔχειν
963 3677 1162 3776 ἀποστῆναι
1184 3675 1249 3757 τόν
1265 3681 1329 3777 τῆς

134 3803 271 3907 σαρκός
290 3802 457 3885 θάνατον·
498 3803 661 3884 καθίκετο
679 3797 750 3904 γάρ
768 3802 828 3881 καὶ
855 3800 960 3906 μέχρι
981 3805 1083 3881 τοῦδε
1101 3809 1165 3881 τοῦ
1183 3801 1325 3904 μέτρου,

133 3933 198 4030 τῆς
227 3937 291 4010 τοῦ
321 3933 488 4032 Σωτῆρος
518 3928 619 4029 ἡμῶν
649 3923 792 4027 ἀγάπης
821 3925 844 4025 ἦ
874 3925 1033 4022 δύναμις.
1073 3922 1115 4004 τό
1145 3923 1183 4005 δέ
1215 3933 1361 4008 ταῦταύ

134 4055 254 4156 λέγειν
282 4053 401 4156 ἕτερον
428 4051 472 4155 ἦν
501 4057 655 4155 δρῶντος
683 4047 794 4146 οὐδὲν,
824 4045 848 4148 ἢ
881 4047 1153 4152 παραθήγοντος
1182 4046 1247 4146 μὲν
1280 4055 1328 4134 είς

135 4179 300 4286 ὑπερφυᾶ
326 4211 364 4257 τε
390 4179 448 4256 καὶ
471 4176 650 4283 ἐξαίρετον
668 4175 831 4278 ἀνδρείαν
848 4169 931 4256 τούς
957 4169 1128 4272 μαθηςάς,
1147 4171 1329 4252 διανιστά-

80 4335 122 4393 3ο
135 4301 324 4408 νοντοςζδέ
351 4301 435 4381 λίαν
453 4306 501 4384 είς
528 4297 769 4400 ἀκμαιοτάτην
796 4295 1054 4405 φιλαδελφίαν,
1074 4298 1131 4377 καὶ
1160 4293 1353 4406 φρόνημα

174 4534 197 4573 1.
215 4515 279 4572 εἶναι
291 4525 318 4572 et
330 4525 390 4572 ante
403 4525 429 4572 et
441 4523 503 4588 post
514 4517 593 4583 μῖσος
604 4511 711 4569 exhibet
723 4511 755 4566 Ε.
1026 4509 1068 4566 16.
1086 4513 1285 4580 τοιούτύτροπον
1298 4511 1331 4570 Ε.

138 4605 180 4643 21.
199 4586 227 4661 η]
241 4587 256 4657 ἢ
271 4587 302 4642 E.
465 4586 527 4659 ,28.
545 4583 739 4656 παροθίγγοντος
753 4581 816 4638 EAE.
832 4581 883 4639 Ed.
896 4599 951 4654 mg.
964 4581 1161 4654 ποροθίγσοντος
1175 4581 1226 4640 Εύ.
