3274 5118
124 393 223 456 xv.8.
313 393 370 458 IN
401 393 435 456 S.
460 391 718 458 JOANNEM.
764 389 860 454 LIB.
884 389 926 454 X.
971 384 1143 452 cAP.11.
1259 377 1323 444 565

127 555 293 641 ποδαπὸς
312 557 376 636 τὸν
396 557 531 660 τρόπον
554 559 574 636 ό
593 553 881 660 προσευχόμενος
902 556 960 634 καὶ
985 549 1186 650 λαμβάνειν
1213 547 1326 655 ἀξιῶν

127 677 220 781 ἅπερ
236 677 283 760 ἂν
300 681 477 782 βούληται
494 682 593 782 παρὰ
612 687 717 778 Θεοῦ,
732 678 797 779 τὸν
811 679 945 758 ἑαυτῶν
959 681 1008 761 εἰς
1026 683 1131 756 τοῦτο
1152 668 1327 752 διαπλάτ-

128 837 247 904 τωμεν
274 805 468 902 πολιτείαν,
487 811 515 884 εἰ
543 811 660 909 τυχεῖν
688 802 862 908 εὐχόμεθα
888 805 952 900 τῆς
980 799 1115 881 ἄνωθεν
1139 798 1326 896 εὐμενείας.

129 932 161 1006 εὶ
198 925 236 1006 δὲ
273 925 323 1028 μὴ
356 927 493 1008 σαυτὸν
524 924 633 1007 οἶσθα
669 924 843 1030 γεγονότα
879 932 1052 1022 τοιοῦτον,
1087 925 1211 1004 ὁποῖον
1243 923 1328 1022 ἡμῖν

97 1053 260 1152 5ἁρτίως
282 1051 461 1158 ὑπέδειξεν
484 1053 503 1132 ὁ
528 1049 699 1154 Χριστὸς,
724 1049 774 1150 μὴ
802 1049 978 1156 δυσφόρει
1002 1045 1326 1151 παρακρουόμενος.

130 1180 162 1254 εἰ
191 1173 234 1253 δέ
261 1210 323 1255 σοι
357 1180 456 1256 δοκεῖ
485 1173 527 1254 τὸ
560 1181 712 1277 πρᾶγμα
742 1170 925 1278 φορτικὸν,
953 1169 1253 1276 συμπαραζεόξας
1283 1176 1329 1272 τῇ

129 1299 253 1378 πίστει
272 1297 318 1378 τὰ
336 1301 375 1379 ἐκ
393 1302 456 1398 τῆς
474 1299 715 1401 ἀγαθουργίας
731 1297 954 1402 κανχήματα·
976 1303 1081 1375 τοῦτο
1099 1294 1170 1396 γάρ
1188 1297 1268 1373 ε’στι
1286 1293 1328 1374 τὸ

131 1420 250 1518 μένειν
277 1423 315 1501 ἐν
342 1427 496 1531 Χριστῷ
524 1425 583 1502 καὶ
608 1422 701 1526 ἔχειν
728 1423 766 1502 ἐν
798 1422 911 1528 ἐαυτῷ
935 1418 1016 1504 τοῦς
1045 1417 1177 1520 λόγους
1206 1419 1327 1498 αὐτοῦ·

130 1544 280 1647 πρόσιθι
316 1544 506 1644 πεποιθὼς,
535 1550 593 1626 καὶ
625 1544 732 1652 λήψῃ
762 1547 820 1626 καὶ
853 1544 959 1630 αὐτὸς
995 1549 1214 1642 μελλησμοῦ
1246 1541 1359 1647 δίχαο

80 1709 118 1748 ιο
132 1668 279 1768 παντὸς,
297 1669 385 1773 ὅπερ
402 1667 448 1748 ἂν
467 1669 617 1777 αἰτήσῃς
635 1668 734 1774 παρὰ
754 1674 862 1749 Θεοῦ.

128 1953 191 2020 Ἔν
216 1953 323 2042 τούτῳ
346 1955 510 2026 ὲδοξάοθιι
539 1957 557 2022 ὁ
590 1955 706 2046 Πατήρ
732 1977 804 2036 μου,
829 1951 883 2020 ἵνα
912 1951 1036 2044 καρπὸν
1063 1951 1166 2019 πολὺν
1194 1951 1363 2041 φέριιτε,3

465 2079 518 2148 καί
546 2083 719 2158 ςενιίοεοθε
744 2081 819 2158 ἐμοὶ
849 2077 1000 2157 μαθηταί.

191 2260 424 2368 Δεδοξοίσθαι
443 2265 537 2368 φησὶ
555 2262 619 2342 τὸν
637 2264 763 2343 ἑαυτοῦ
781 2262 927 2366 Πατέρα
946 2262 1003 2340 καὶ
1018 2259 1122 2356 Θεὸν,
1142 2260 1194 2339 ἐπ’
1215 2260 1328 2360 ἀσυγ-

136 2387 246 2491 κρίτιρ
275 2385 415 2468 δικαίως
443 2383 709 2490 θαυμαζόμενον
737 2383 941 2487 ἀγαθότητι,
970 2386 1028 2463 καὶ
1055 2387 1118 2482 τῆς
1147 2388 1194 2465 εἰς
1222 2383 1333 2484 ἄκρον

84 2538 122 2598 15
136 2507 261 2607 ῐοόσης
299 2505 513 2610 ἡμερότητος
541 2507 702 2611 καθάπερ
731 2508 811 2590 τινὰ
839 2510 1023 2614 στέφανον
1060 2505 1332 2606 ἀναδησάμενον

134 2630 203 2732 τὴν
221 2631 415 2738 ἀπόδειξιν·
451 2631 679 2734 “Ἠγόπησε
698 2631 770 2736 γὰρ
789 2635 882 2714 οὕτω
900 2629 964 2713 τόν
982 2630 1155 2732 κόσμον,”
1176 2630 1268 2711 κατὰ
1291 2629 1332 2712 τὸ
1377 2637 1464 2752 ἓξὲξ

134 2755 396 2858 γεγραμμένων,
414 2767 435 2802 “
449 2754 545 2836 ὥστε
573 2755 636 2835 τὸν
652 2754 743 2836 Υίὸν
766 2757 874 2836 αὐτοῦ
901 2755 965 2836 τὸν
984 2759 1175 2856 Μονογενῆ
1194 2754 1368 2852 έδωκεν,ᾱ

137 2891 160 2926 “
178 2879 237 2958 ἵνα
254 2885 325 2962 πᾶς
354 2881 373 2958 ὁ
391 2878 573 2960 πιστεύων
592 2885 639 2962 είς
658 2879 768 2960 αὐτὸν
785 2877 835 2979 μὴ
855 2879 1035 2980 ἀπόληται
1053 2881 1137 2957 ἀλλ’
1158 2879 1222 2985 ἔχῃ
1242 2879 1334 2982 ζωὴν

137 3013 159 3048 “
179 3001 355 3090 αἱώνιον.”
393 3001 529 3104 καρπὸς
558 3004 621 3082 οὖν
650 3005 719 3106 ἄρα
743 3007 807 3102 τῆς
829 3003 1043 3106 ἡμερότητος
1068 3009 1133 3082 τοῦ
1155 3007 1251 3081 Θεοῦ
1277 3007 1335 3082 καὶ

82 3163 124 3203 20
140 3123 299 3228 Πατρός,
318 3126 340 3224 ἡ
365 3125 510 3206 πάντων
534 3127 615 3230 ζωὴ,
633 3125 863 3230 πληρουμένη
888 3125 1055 3227 δηλονότι
1082 3124 1140 3205 διὰ
1158 3131 1333 3228 Χριστοῦ.

138 3247 198 3330 διὰ
225 3258 331 3329 τοῦτο
359 3253 418 3330 καὶ
446 3249 552 3335 αὐτὸς
580 3251 651 3356 ἔφη
678 3286 760 3348 που,
779 3249 1033 3350 διαλεγόμενος
1055 3253 1103 3334 ὡς
1129 3250 1220 3351 πρὸς
1240 3247 1335 3329 Θεὸν

138 3375 198 3452 καὶ
218 3373 365 3477 Πατέρα
387 3383 408 3422 “
422 3373 521 3476 Ἐγώ
540 3408 585 3454 σε
604 3373 763 3481 ἐδόξασα
789 3376 846 3454 ἐπὶ
863 3376 927 3472 τῆς
946 3376 1013 3474 γῆς
1032 3371 1074 3451 τὸ
1094 3373 1199 3476 ἔργον
1216 3382 1331 3453 τελει·
1380 3385 1452 3501 {23⁶

140 3507 163 3544 “
181 3496 281 3581 ιόσας
299 3495 319 3578 ὃ
339 3495 493 3582 δέδωκάς
519 3533 580 3597 μοι
600 3497 659 3577 ἵνα
681 3497 869 3601 πληρῶσω
888 3495 1012 3576 αὖτό.”
1049 3493 1336 3601 ἐγχειρισόμενος
1435 3465 1480 3516 ⁸⁴⁰

139 3619 212 3724 γὰρ
231 3623 331 3724 παρὰ
353 3630 417 3701 τοῦ
438 3620 583 3723 Πατρός
606 3621 729 3725 ὥσπερ
753 3621 819 3721 τὴν
842 3617 1011 3701 ἁπάντων
1036 3621 1136 3720 ἡμῶν
1154 3622 1366 3725 σωτηρίανο

85 3745 161 3834 255
183 3743 404 3848 Μονογενὴς,
422 3746 460 3824 εὖ
478 3744 580 3844 μα’λα
607 3745 850 3846 κατώρθωκεν,
869 3746 933 3825 οῦκ
957 3747 995 3824 έν
1020 3745 1214 3849 ὑπουργίας
1238 3744 1338 3852 τάξει

140 3872 404 3975 παραληφθεὶς,
435 3871 520 3948 ἀλλ’
557 3871 761 3976 αότοσοφία
791 3873 849 3948 καὶ
880 3869 1027 3967 δύναμις
1056 3876 1119 3950 τοῦ
1152 3867 1339 3974 φύσαντος

142 3990 326 4094 ὑπάρχων,
345 3991 387 4092 ἧς
407 3994 464 4071 καὶ
483 3989 566 4096 δίχα
583 3993 722 4094 γένοιτο
740 3989 782 4072 τὸ
801 3990 974 4094 παράπαν
991 3992 1101 4073 οὐδέν.
1129 3991 1247 4072 πάντα
1266 3991 1338 4097 γὰρ

142 4113 186 4193 δι’
215 4115 335 4213 αὐτοῦ,
362 4113 455 4195 κατὰ
481 4113 545 4196 τὸν
567 4112 672 4218 ἅγιον
701 4116 990 4218 Εὐαγγελιστὴν,
1013 4115 1198 4222 ἐξαιρεπως
1226 4114 1263 4196 δέ
1292 4117 1338 4196 τὰ

142 4239 219 4319 καθ’
249 4239 354 4338 ἡμᾶς.
408 4246 466 4318 καὶ
499 4247 588 4341 γοῦν
623 4243 644 4319 ὁ
676 4238 849 4342 μακάριος
877 4242 1011 4319 Δαυεὶδ
1036 4245 1110 4318 τῶν
1139 4238 1217 4320 καθ
1247 4240 1338 4339 ἡμᾶς

83 4409 128 4468 30
141 4363 367 4470 πραγμάτων
398 4361 463 4464 τὴν
501 4363 715 4462 οἶκονομίαν,
749 4365 806 4443 καὶ
843 4366 906 4462 τῆς
944 4359 1113 4444 ἁπάντων
1149 4362 1237 4467 ζωῆς
1274 4363 1340 4465 την

179 4573 203 4611 2.
217 4558 414 4624 διαπλόπωμεν
426 4555 459 4610 Ε.
471 4555 574 4628 Migne.
586 4556 776 4627 διπλόπομεν
788 4553 839 4610 Ed.
1016 4571 1059 4628 23.
1077 4553 1294 4628 έγχιιρησιίμενος
1306 4555 1339 4614 Ε.

142 4627 184 4682 28·
197 4627 321 4698 μακάρων
333 4645 382 4698 pro
394 4627 467 4698 ἅγιον
479 4627 511 4681 Β.
