3274 5118
311 315 376 378 580
612 315 652 381 Β.
676 315 887 382 ΟΥΒΙΙιΙιΙ
916 312 1205 380 ALEXANDR.
1319 333 1373 376 xv.
1390 328 1441 392 14,
1458 322 1512 392 15.

312 477 449 558 δύσατο
479 478 656 584 καύχημα·
703 485 761 560 καὶ
791 482 869 586 οῦχὶ
898 487 1005 560 τοῦτο
1037 478 1159 578 μόνον,
1187 474 1289 556 ἀλλὰ
1314 476 1373 554 καὶ
1403 473 1511 552 θείων

313 599 450 706 ἠξιώθη
479 599 610 704 λόγων,
640 607 698 682 καὶ
729 603 868 703 βουλὴν
900 603 992 705 έγνω
1023 608 1129 700 Θεοῦ,
1159 599 1225 700 τὸν
1257 595 1309 678 ἐπ’
1340 592 1512 700 ἐσχάτοις

313 724 505 826 γενομένην
538 733 683 828 καιροῖς.
733 729 790 807 ἐπὶ
822 729 1011 832 συντελείᾳ
1040 723 1112 827 γὰρ
1141 730 1214 803 τῶν
1247 721 1385 802 αἰώνων
1419 715 1512 820 ῦπέρ

314 845 416 944 ἡμῶν
442 847 617 928 ἀπέθανεν
636 849 655 926 ό
675 847 847 951 Χριστὸς,
866 848 908 929 τό
932 839 1030 952 ’ἱερὸν
1057 847 1169 931 ὅντως
1196 848 1255 926 καὶ
1280 842 1384 945 ἅγιον
1411 847 1512 940 θῦμα

315 966 357 1048 τὸ
376 965 476 1070 αι’ρον
493 970 559 1070 τὴν
579 973 755 1074 ἁμαρτίαν
773 981 837 1053 τοῦ
854 973 1003 1068 κόσμου.
1524 987 1543 1048 5

371 1093 479 1172 Ἀλλ’
500 1093 567 1195 όρα
589 1130 649 1192 μοι
674 1095 787 1176 πόλιν
805 1095 851 1176 τό
874 1097 939 1176 ’ίσα
962 1094 1194 1198 πληρούμενα
1212 1096 1270 1173 καὶ
1287 1095 1343 1173 ἐπὶ
1361 1097 1436 1170 τῶν
1453 1088 1512 1168 διὰ

315 1216 472 1299 πίστεως
500 1221 547 1300 είς
575 1219 703 1324 φιλίαν
731 1219 998 1312 ἀναβαινόντων
1020 1227 1084 1298 τοῦ
1105 1221 1272 1318 Σωτῆρος
1294 1217 1394 1315 ἡμῶν
1413 1218 1509 1316 Χρι-

317 1347 420 1418 στοῦ·
458 1339 620 1439 ἤκουσαν
648 1344 706 1421 καὶ
732 1343 836 1421 αὐτοί
859 1340 1053 1448 “”Εξελθε
1079 1343 1116 1420 ἐκ
1143 1344 1207 1440 τῆς
1225 1343 1292 1440 γῆς
1310 1337 1414 1418 σον.”
1451 1338 1512 1415 καὶ

148 1461 271 1577 {hb-¹¹³³·
318 1459 372 1540 ότι
400 1462 593 1565 δεδράκασι
620 1463 822 1567 προθύμως,
842 1465 946 1546 όίκουε
970 1467 1008 1544 τί
1030 1471 1146 1570 φασιν
1175 1474 1197 1512 “
1212 1465 1271 1544 Οὐ
1293 1461 1364 1566 γὰρ
1382 1461 1512 1566 ἔχομεν

288 1593 340 1656 ο“
357 1581 425 1664 ὧδε
452 1586 633 1684 μένουσαν
660 1586 779 1686 πόλιν,
808 1587 909 1668 ἀλλὰ
936 1588 1002 1687 τὴν
1029 1586 1241 1686 μέλλουσαν
1267 1585 1509 1688 ἐπιζητοῦμεν·
1528 1615 1570 1659 10

149 1693 190 1746 lb.
203 1695 237 1746 ἡ
319 1717 340 1756 “
357 1705 399 1806 ἧς
427 1709 588 1814 τεχνίτης
615 1714 673 1790 καὶ
701 1711 915 1815 δημιουργός
942 1714 962 1791 ό
990 1708 1117 1796 θεός.”
1159 1709 1312 1809 μέτοικοι
1340 1707 1412 1810 γάρ
1440 1713 1514 1787 εἰσι

319 1832 377 1908 καὶ
403 1832 642 1933 παρεπίδημοι
670 1836 728 1913 ε’πὶ
754 1838 818 1932 τῆς
846 1838 923 1936 γῆς,
947 1842 1020 1918 τοῖς
1046 1834 1121 1913 ἅνω
1147 1828 1424 1932 πολιτευόμενοι,
1452 1834 1513 1910 καὶ

318 1949 384 2050 τὴν
401 1952 466 2051 μέν
484 1957 700 2058 ένεγκοῦσαν
718 1959 878 2063 ἀφέντες,
891 1957 982 2037 ὅσον
999 1957 1082 2057 ἧκεν
1096 1961 1204 2036 εἰπεῖν
1222 1961 1269 2038 είς
1289 1953 1458 2061 φρόνημα
1470 1951 1513 2034 τό

319 2075 504 2182 φιλόθεον,
526 2077 734 2184 γλιχόμενοι
753 2079 791 2160 δέ
810 2085 873 2180 τῆς
892 2080 965 2160 ἅνω
988 2083 1110 2179 μονῆς.
1150 2078 1283 2179 ταύτην
1301 2077 1372 2180 γὰρ
1392 2078 1513 2160 αι’ποῖς

320 2199 340 2277 ό
360 2197 487 2304 Σωτὴρ
510 2200 667 2310 ὑπέδειξε
696 2205 814 2305 λέγων
842 2215 863 2251 “
879 2202 1082 2306 Πορεύομαι
1107 2205 1166 2282 καὶ
1193 2200 1372 2298 ἑτοιμάσω
1399 2199 1514 2280 τόπον
1528 2233 1566 2294 ¹5

320 2333 341 2369 “
362 2325 454 2421 ὑμῖν·
499 2324 558 2406 ὅτε
586 2325 623 2404 δέ
652 2325 759 2422 έλθω,
777 2324 1044 2431 παραλήψομαι
1070 2328 1159 2422 ὑμᾶς
1180 2325 1255 2422 μετ’
1274 2326 1437 2420 ἐμαυτοῦ,
1455 2323 1514 2403 ἵνα

321 2455 342 2492 “
361 2445 451 2526 ὅπου
479 2453 547 2545 είμὶ
572 2447 720 2551 ἐγὼκαὶ
743 2451 840 2546 ὑμεῖς
867 2446 961 2547 ἦτε.”
999 2447 1160 2547 ἤκουσαν
1178 2447 1337 2554 ἐξελθεῖν
1354 2445 1428 2526 ἀπὸ
1448 2449 1514 2542 τῆς

320 2570 527 2670 συγγενείας
560 2572 690 2651 αὐτῶν.
741 2577 800 2651 καὶ
831 2579 908 2655 πῶς
940 2580 1046 2652 τοῦτο
1079 2570 1266 2677 δείξομεν,
1309 2569 1417 2650 αὐτόν
1449 2603 1514 2650 σοι

288 2691 541 2793 δπαροίσομεν
569 2694 724 2794 λέγοντα
755 2694 818 2774 τὸν
850 2694 1014 2798 Χριστόν
1047 2706 1068 2742 “
1086 2693 1135 2773 ‘O
1169 2699 1289 2800 φιλῶν
1320 2695 1457 2795 πατέρα
1492 2691 1516 2792 ἦ

321 2824 343 2864 “
359 2813 493 2919 μητέρα
523 2815 609 2919 ὑπὲρ
628 2815 688 2915 ε’μέ
711 2819 775 2896 οὐκ
793 2818 872 2897 έστι
897 2853 967 2916 μου
990 2815 1121 2923 ἅξιος.”
1157 2816 1212 2896 ότι
1240 2814 1278 2895 δέ
1306 2815 1518 2918 συγγενείας
1532 2851 1571 2892 ιο

321 2941 385 3037 τῆς
411 2940 566 3041 ε’πιγείου
593 2941 651 3019 καὶ
674 2945 847 3041 σαρκικῆς
872 2942 1126 3043 προτετίμηται
1145 2938 1190 3020 τὰ
1212 2939 1312 3042 παρὰ
1330 2943 1438 3035 θεοῦ,
1457 2943 1517 3018 καὶ

321 3061 418 3142 πολῦ
446 3061 491 3162 δὴ
520 3063 687 3164 κρείττων
711 3066 733 3162 ἡ
758 3070 805 3146 είς
829 3061 992 3166 Χριστόν
1019 3062 1144 3166 όγιίπη
1172 3062 1332 3158 τέθειται,
1354 3061 1453 3162 παρά
1476 3095 1518 3163 γε

322 3191 396 3268 τοῖς
423 3187 632 3282 σεβομένοις
665 3185 773 3266 αὐτὸν
801 3191 946 3286 ἀληθῶς
978 3187 1041 3264 οὐκ
1069 3187 1288 3292 ἀμφίλογον.
1328 3187 1386 3264 καὶ
1408 3187 1429 3264 ό
1450 3184 1519 3282 μέν

323 3307 494 3410 μακόριος
512 3307 684 3411 Ἀβραὰμ
713 3309 776 3388 τὸν
804 3309 893 3388 ίδιον
919 3307 995 3388 υἱόν
1012 3313 1060 3392 είς
1086 3307 1207 3407 ὀσμὴν
1224 3308 1369 3392 εὐωδίας
1395 3341 1516 3409 προσ·

324 3439 473 3532 αγαγεῖν
486 3438 537 3538 τῷ
553 3437 635 3537 Θεῷ
649 3433 872 3512 διεκελεύετο·
905 3437 938 3510 οί
956 3431 993 3510 δέ
1012 3430 1078 3531 τὴν
1092 3435 1130 3510 έν
1147 3434 1269 3512 πίστει
1289 3431 1519 3531 δικαιοσύνην
1533 3459 1571 3520 ι5

324 3551 611 3657 περιζωσάμενοι,
636 3557 703 3659 οὐχ
727 3555 864 3658 ἑτέρους
890 3561 1150 3657 προσαγαγεῖν,
1179 3555 1262 3632 ἀλλ’
1293 3551 1435 3638 ἑαυτοὺς
1462 3557 1519 3634 έκ-

158 3679 233 3795 ffi
295 3675 565 3775 θελεύσθησαν·
606 3676 866 3780 παραστήσατε
902 3677 975 3780 γοίρ
1003 3684 1098 3782 φησι
1128 3687 1150 3724 “
1164 3674 1210 3758 τὰ
1237 3677 1392 3774 σώματα
1420 3679 1521 3775 ὑμῶν

327 3808 349 3845 “
367 3797 498 3877 θυσίαν
527 3799 657 3901 ζῶσαν,
689 3801 805 3901 ἁγίαν,
838 3799 1031 3902 εὐάρεστον
1067 3805 1118 3905 τῷ
1149 3805 1242 3906 Θεῷ,
1270 3797 1337 3898 τὴν
1367 3797 1521 3900 λογικὴν

327 3933 348 3970 “
366 3920 533 4023 λατρείαν
553 3924 684 4020 ῦμῶν·”
723 3922 782 4002 ὅτε
808 3926 865 4002 καὶ
892 3923 1091 4025 γέγραπται
1111 3925 1191 4024 περὶ
1209 3924 1327 4002 αὐτῶν
1346 3927 1430 4002 “Oi
1447 3921 1521 4024 γὰρ

326 4055 348 4092 “
364 4053 428 4124 τοῦ
445 4051 609 4149 Χριστοῦ
627 4045 751 4144 Ἰησοῦ
775 4045 840 4144 τὴν
857 4043 979 4146 σάρκα
1003 4043 1240 4148 ἐσταύρωσαν
1256 4045 1327 4124 σῦν
1345 4051 1419 4128 τοῖς
1443 4079 1517 4126 πα·
1535 4075 1575 4134 30

327 4178 349 4214 “
368 4165 506 4266 θήμασι
536 4171 594 4248 καὶ
621 4175 698 4251 ταῖς
727 4167 958 4266 ε’πιθυμίαις.”
1001 4168 1166 4268 ἔγνωσαν
1196 4166 1234 4248 δέ
1266 4171 1325 4246 καὶ
1351 4169 1451 4246 αὐτοὶ
1478 4167 1522 4246 τὸ

327 4292 365 4368 ἐν
396 4295 548 4397 Χριστῷ
581 4288 792 4394 μυστήριον.
842 4288 947 4372 ’ίσασι
984 4287 1056 4393 γὰρ
1090 4301 1111 4338 “
1125 4287 1288 4390 δυνάμεις
1321 4287 1522 4389 μέλλοντος

149 2197 230 2274 δαρςα

151 2277 201 2312 nv.
210 2275 234 2325 3.

152 2685 275 2736 matth.

153 2766 178 2799 x.
189 2760 229 2816 ³7·
241 2789 244 2798 .

158 3916 215 3966 (Μ.
224 3931 248 3966 v.

161 3995 199 4046 ²4·

159 4282 227 4410 ξοδ.
239 4282 273 4332 vi.

576 4531 619 4574 20.
637 4515 702 4588 ίπίρ
714 4516 776 4588 ε’μοῦ
790 4517 822 4574 E.
1023 4517 1066 4572 26.
1085 4517 1229 4592 προσάγειν
1240 4517 1273 4574 Ε.
