3142 5118
385 304 447 366 192
687 305 726 371 B.
750 305 959 370 CYRILLI
990 305 1279 371 ALEXANDR.
1471 300 1490 364 i:

334 533 370 591 3²
455 520 516 587 Ἐκ
543 527 599 588 τοῦ
624 520 745 590 αἰῶνος
772 524 832 590 οὐκ
858 524 1001 592 ἠκούσθη
1028 527 1078 592 ὅτι
1106 525 1215 595 ἀνοιξὲ
1242 547 1290 590 τις
1316 519 1490 612 ὀφθαλμοῦ

708 731 713 736 ¹
784 655 909 740 τυφλοῦ
939 652 1181 728 τετευνιιμὲνου.

445 807 693 909 Καταδηχθεὶς
717 809 765 890 ὡς
788 805 900 886 έοικεν
921 807 963 886 οὐ
987 813 1131 909 μικρῶς,
1150 804 1366 908 ε’παλγήσας
1392 800 1430 882 δέ
1458 800 1490 880 ὥ

387 933 464 1011 ταῖς
502 930 559 1008 ε’πὶ
590 935 744 1038 Χριστῷ
779 930 973 1033 λοιδορίαις
1006 933 1065 1010 καὶ
1096 929 1287 1036 ἀφορήτως
1320 939 1490 1026 λελυπημ

220 1043 328 1159 ῗξξῖχ
388 1050 530 1154 ἐπείπερ
557 1055 606 1138 ῶς
634 1054 856 1158 ὀνειδίζοντες
884 1055 1030 1160 ἔφασαν
1059 1063 1080 1100 “
1097 1052 1150 1135 Σὺ
1179 1051 1343 1154 μαθητὴς
1372 1048 1404 1130 εί
1432 1055 1490 1130 ε’κε

354 1185 411 1254 b“
430 1176 528 1276 ἡμεῖς
565 1177 604 1258 δὲ
640 1187 704 1260 τοῦ
743 1182 932 1263 Μωυσέως
969 1176 1080 1277 ἐσμέν
1115 1179 1302 1278 μαθηταὶ,”
1333 1210 1490 1276 συναγορ

389 1301 563 1403 ἐπείγεται
594 1308 646 1410 τῷ
678 1305 792 1412 οἰκείῳ
826 1308 1021 1408 καθηγητῇ,
1056 1305 1114 1382 καὶ
1147 1299 1420 1408 ἀντιπαρεξάγει
1450 1333 1490 1401 τρ

389 1422 469 1504 τινὰ
505 1433 579 1510 τοῖς
614 1425 673 1507 διὰ
711 1427 900 1511 Μωυσέως
937 1425 1202 1525 τετελεσμένοις
1242 1425 1288 1505 τὰ
1329 1423 1484 1527 λαμπρὰ

391 1553 558 1654 Σωτῆρος
586 1551 686 1650 ἡμῶν
714 1553 985 1655 κατορθώματα,
1014 1550 1092 1658 θσιρ
1119 1551 1246 1654 μείζων
1273 1553 1373 1629 ε’στὶν
1400 1554 1447 1632 εἱς
1478 1583 1490 1626 τ

390 1675 570 1776 τουργίαν,
588 1675 753 1784 τοσούτῳ
773 1674 907 1760 δεικνὺς
924 1678 961 1755 έν
980 1677 1175 1774 ἀμείνοσιν.
1217 1672 1240 1775 ἢ
1264 1673 1336 1777 γὰρ
1361 1674 1425 1753 οάκ
1446 1675 1490 1750 ἀι

390 1793 454 1875 τὸν
472 1804 535 1876 τοῦ
553 1798 710 1902 μείζονος
728 1797 979 1898 ἀποτελεστὴν
996 1795 1083 1878 εἶναι
1103 1797 1147 1898 δὴ
1165 1797 1307 1883 πάντως
1327 1801 1385 1877 καὶ
1407 1797 1490 1875 κατέ

391 1919 504 2027 δόξαν
531 1923 736 2030 ὑπερφερῆ;
767 1925 852 2004 ἀλλ’
873 1923 974 2003 ἔστιν
999 1925 1064 2002 οὐκ
1092 1921 1313 2029 ἀμφίβολον.
1354 1923 1443 2019 ὁμοῦ
1475 1926 1490 2000 ί

362 2043 480 2130 αεὶκὸς
501 2051 609 2146 δηλοῖ
622 2083 657 2128 τι
675 2057 846 2146 τοιοῦτον,
861 2045 1099 2152 ἀρχαιοτάτης
1116 2045 1181 2146 μέν
1198 2045 1427 2153 προᾳδοθσης
1443 2080 1490 2148 πρ

223 2171 345 2301 ἔξω·
391 2171 498 2267 τείας,
519 2171 674 2276 ε’χοθσης
692 2169 728 2253 δὲ
747 2169 815 2252 ὧδε
832 2176 912 2275 περὶ
933 2176 997 2272 τῆς
1016 2177 1182 2273 Χριστοῦ
1200 2171 1399 2271 παρουσίας
1416 2181 1439 2216 “
1454 2175 1490 2248 Τ

392 2297 518 2400 φησὶν,
538 2306 559 2344 “
573 2297 851 2403 ἀναχθήσονται
879 2298 1065 2406 ὀφθαλμοὶ
1091 2295 1273 2402 τυφλῶν,”
1299 2295 1408 2379 οὐδεὶς
1436 2293 1490 2392 μέ

391 2415 568 2521 πρότερον
592 2419 752 2502 τοιοῦτόν
780 2456 815 2501 τι
842 2421 1019 2524 δεδρακὼς
1046 2416 1269 2518 ἐθαυμάσθη,
1290 2417 1490 2522 πεπλήρωτ

393 2540 452 2622 διά
470 2543 597 2624 τούτου
614 2548 672 2624 καὶ
696 2543 808 2644 μόνον
833 2543 874 2625 ὃν
893 2547 990 2644 ὑμεῖς
1016 2544 1080 2624 οὐκ
1106 2539 1175 2622 οἷδ’
1196 2542 1304 2640 ὅπως,
1323 2545 1450 2648 φησὶν,
1473 2545 1490 2620 θ

393 2664 514 2747 τωλάν
531 2670 727 2750 ἀποκαλεῖν
747 2671 789 2749 οὐ
807 2666 1105 2772 κατεναρκήσατε.
1135 2666 1249 2746 καίτοι
1267 2665 1383 2750 πολὺς
1400 2665 1468 2764 μὲν
1486 2709 1490 2742 ι

393 2799 593 2897 προφητῶν
610 2795 794 2899 ἀνεδείχθη
813 2792 932 2899 χορὸς,
953 2793 1017 2872 οὐκ
1041 2793 1267 2894 εὐαρίθμητοι
1292 2787 1329 2869 δὲ
1352 2790 1490 2870 δικαίων

395 2914 453 2995 διὰ
478 2923 550 2996 τῶν
569 2922 671 3020 ἱερῶν
690 2919 860 3024 φέρονται
884 2915 1116 3020 γραμμάτων,
1135 2917 1220 2994 ἀλλ’
1240 2921 1304 2996 Ἐκ
1324 2917 1379 3002 τῶ
1398 2913 1490 2993 αἰῶνι

361 3039 532 3136 (Ιῆκιθσθη
560 3041 606 3122 ’ίτι
637 3039 741 3149 ἧνωξέ
762 3079 813 3128 τις
844 3037 1043 3148 ὀφθαλμοῖς
1075 3042 1206 3145 τυφλοῖ
1235 3039 1483 3143 γεγεννημένου.

394 3165 497 3250 οὗτος
515 3167 578 3246 οὖν
595 3162 666 3270 ἀρά
684 3169 783 3247 ἐστιν
801 3167 821 3246 ὁ
841 3165 1003 3268 Χριστὸς
1029 3166 1049 3244 ὁ
1074 3165 1184 3266 πέρας
1210 3161 1407 3265 ἐπενεγκὼν
1427 3170 1490 3242 τοῑ

393 3298 592 3398 προφητῶν
613 3290 831 3392 μηνύμασιν,
853 3291 873 3370 ὁ
900 3286 992 3393 πρὸς
1019 3285 1126 3373 τέλος
1154 3287 1380 3394 διεξαγαγῶν
1404 3285 1453 3366 τὰ
1485 3323 1490 3365 ·.

394 3409 663 3516 διηγγελμένα;
700 3421 730 3495 εί
757 3413 829 3518 γάρ
858 3414 970 3497 οὐδείς
997 3448 1050 3498 τις
1077 3413 1162 3516 παρ’
1187 3411 1296 3492 αὑτὸν
1316 3413 1452 3514 ἀνοίγει
1485 3425 1490 3488 ι’

394 3545 545 3648 τυφλῶν
570 3539 794 3646 ὀφθαλμοὺς,
814 3539 852 3618 τί
874 3535 1005 3618 λοιπὸν
1028 3535 1285 3637 ἀντιστατήσει
1309 3542 1355 3643 τῇ
1380 3538 1490 3616 πίστι

395 3662 433 3743 δὲ
460 3662 654 3770 ἀνατρέψει
679 3662 747 3764 τὴν
767 3665 821 3743 ἐπ’
846 3664 943 3770 αὐτῷ
970 3661 1202 3755 συναίνεσιν;
1233 3658 1255 3761 ἢ
1283 3667 1361 3745 πῶς
1390 3661 1434 3740 οὐ
1463 3696 1490 3740 π

394 3787 609 3886 ε’νδοιασμοῦ
636 3785 828 3889 γεγονότος
853 3783 1023 3884 ἐκποδῶν,
1050 3783 1109 3865 διὰ
1136 3783 1322 3884 λειοτάτης
1350 3781 1484 3886 ῶσπερ

394 3917 510 4012 μεῖται
527 3914 591 4012 τῆς
609 3911 694 3991 ὁδοῦ
711 3915 775 4012 τῆς
793 3912 847 3992 ἐπ’
858 3912 964 4018 αὐτῷ
983 3909 1153 4013 γνώσεως
1172 3907 1215 3990 τὸ
1233 3907 1461 4011 μυστήριονς

431 4202 458 4257 5.
476 4186 503 4244 εἶ
510 4189 625 4260 μαθητὴς
636 4189 743 4244 inverso
755 4187 848 4244 ordine
861 4205 884 4243 a.
959 4205 1002 4256 14.
1014 4192 1083 4255 τότε,
1096 4187 1203 4262 φησίν,]
1217 4187 1257 4244 ὅτι
1269 4191 1329 4243 τότε
1341 4206 1365 4243 a.
1444 4203 1490 4255 151

396 4259 457 4316 B.a.
471 4259 562 4315 Holst.
577 4260 637 4315 Cat.
655 4259 731 4315 Harl.
750 4270 781 4315 ut
799 4260 909 4315 adnotat
926 4259 984 4330 ipse
998 4261 1071 4316 Aub.
1088 4260 1176 4330 μέντοι
1195 4278 1242 4332 per
1260 4259 1363 4314 scribae
1383 4267 1414 4314 ut
1433 4261 1490 4314 vid:

395 4347 511 4385 errorem
524 4331 596 4386 Aub.
795 4389 799 4398 .
848 4329 889 4385 16.
906 4329 1089 4402 πεπλῆρυντιιι
1103 4331 1136 4385 B.
1148 4329 1398 4385 emendaviteCat
1416 4341 1447 4384 ut
1462 4333 1490 4386 vi

396 4414 439 4524 M.
458 4399 506 4456 οἶδ’
518 4401 588 4457 ὅπως
600 4419 624 4456 α.
637 4399 723 4456 οἴδατε
735 4400 805 4458 ὅπως
817 4401 851 4456 Β.
865 4401 918 4456 Ed,
1104 4419 1144 4471 19.
1163 4400 1234 4472 ἐμοὶ]
1248 4401 1325 4469 ἑσμοὶ
1337 4401 1490 4456 emendant

429 4471 500 4541 igne.
537 4471 720 4527 Abbreviata.
843 4488 886 4526 21.
905 4472 954 4543 οὐχ
966 4481 1137 4544 assumptum
1150 4490 1182 4526 ex
1195 4490 1218 4526 α.
1346 4487 1390 4539 ²4·
1408 4495 1450 4528 τις
1464 4492 1490 4527 τυ

396 4540 483 4609 ἔτερος
494 4540 554 4611 παρ’
568 4542 647 4597 αὐτὸν
657 4539 755 4614 ἀνοίγει
767 4541 874 4597 inverso
887 4543 979 4597 ordine
992 4560 1016 4596 a.
1126 4543 1168 4598 26.
1188 4541 1297 4598 σύνεσιν
1308 4561 1331 4599 a.
1345 4541 1408 4598 Cat,
1424 4544 1490 4598 Har
