3118 5132
286 324 352 389 436
589 329 628 394 Β.
652 328 863 395 CYRILLI
893 327 1182 394 ALEXANDR.
1352 321 1417 386 xiv.
1434 336 1499 384 11.

288 489 404 588 μαίνει
423 490 460 572 δὲ
480 491 534 573 ὅτι
552 498 616 593 τῆς
639 494 777 575 ἀνωθεν
795 495 908 594 οῦσης
933 496 993 574 καὶ
1017 497 1081 592 τῆς
1107 499 1181 575 τοῖς
1207 489 1496 589 ὅλοιςέτοχου-

289 613 397 714 μένης
414 617 539 701 οὐσίας
557 617 679 724 ε’ξέφυ.
714 624 791 703 πῶς
810 618 873 698 οῦν
891 613 1029 716 ἀληθῆς
1047 614 1281 723 ἀναφαίνεται
1299 607 1440 706 λοιπὸν,
1461 612 1502 686 εἰ

289 737 391 817 κοινά
417 737 508 842 πρὸς
536 739 602 841 τῆν
629 741 752 844 ἑτέραν
779 741 851 846 έχει
883 741 1004 820 κτίσιν
1031 738 1078 820 τὰ
1109 736 1292 838 σωμάτων
1319 735 1402 832 ἴδια,
1430 734 1503 811 καὶ

290 863 380 961 ὁμοῦ
406 869 477 948 τοῖς
502 864 546 971 ἐξ
570 866 634 945 οὐκ
660 863 775 946 ὅντων
794 870 843 950 εἷς
867 862 909 944 τὸ
935 860 1024 944 εἶναι
1047 869 1298 968 παρενεχθεΐσι
1323 856 1497 962 περιεχό-

290 985 396 1084 μενός
430 989 532 1067 ε’στιν
563 987 631 1070 ῦπὸ
664 997 729 1070 τοῦ
764 986 939 1091 Πατράς;
982 987 1081 1092 ε’ίπερ
1112 985 1214 1067 οῦδὲν
1246 985 1316 1092 ἔξω
1349 987 1542 1062 κεῖσθαιὸ

123 1117 237 1176 ἿΒΊΑ·
262 1108 459 1208 8δώσομεν
479 1112 600 1192 αὐτοῦ.
640 1115 699 1192 καὶ
725 1113 746 1192 ὁ
771 1110 837 1212 μὲν
859 1110 1054 1196 θεσπέσιος
1081 1107 1255 1217 μελῳδὸς,
1274 1109 1394 1208 ἀληθῆ
1418 1138 1503 1184 που

291 1230 435 1317 πάντως
477 1237 536 1314 καὶ
571 1235 795 1338 κεκρυμμένα
829 1235 1013 1339 μυστήρια
1050 1241 1178 1314 λαλῶν
1214 1235 1252 1313 έν
1290 1225 1498 1331 Πνεῦματι,

292 1355 433 1442 οὐδενὸς
470 1356 537 1457 μέν
568 1365 757 1444 παντελῶς
793 1357 1113 1458 ἀπολιμπάνεσθαι
1145 1354 1259 1438 τόπου
1297 1355 1391 1460 φησὶ
1427 1348 1503 1430 τὸν

292 1477 393 1578 Υίὸν,
421 1479 463 1561 τὸ
491 1481 688 1582 ἀσώματόν
715 1517 754 1562 τε
784 1485 842 1564 καὶ
870 1482 1122 1587 ἀπεριόριστον
1149 1483 1246 1586 αῦτῷ
1277 1477 1336 1558 διά
1365 1474 1504 1556 τούτου

291 1612 594 1708 προσμαρτυρῶν,
629 1609 687 1687 καὶ
723 1605 778 1686 ὅτι
814 1605 865 1707 μῆ
902 1606 1002 1715 τόπῳ
1036 1603 1266 1709 περιληπτὸν,
1299 1604 1348 1686 ῶς
1382 1599 1499 1682 Θεός·
1523 1631 1557 1672 1<

293 1735 315 1774 “
335 1732 416 1806 Ποῦ
442 1726 514 1830 γάρ
541 1735 715 1833 πορευθῶ,
743 1733 869 1836 φησὶν,
897 1730 969 1812 ἀπὸ
1000 1739 1064 1810 τοῦ
1095 1724 1295 1828 πνεύματός
1325 1758 1405 1820 σου,
1432 1724 1504 1802 καὶ

141 1866 158 1875 “
192 1874 199 1888 ·
294 1859 315 1896 “
334 1847 406 1931 ἀπὸ
435 1859 498 1931 τοῦ
523 1853 723 1955 προσώπου
751 1889 822 1934 σου
848 1863 920 1936 ποῦ
949 1853 1078 1960 φάγως
1111 1851 1173 1933 ε’ἀν
1200 1853 1325 1944 ἀναβῶ
1354 1854 1402 1930 είς
1428 1843 1504 1925 τὸν

294 1985 316 2022 “
334 1973 497 2078 οὐρανὸν,
516 1975 566 2056 σὺ
592 1979 664 2056 ε’κεΐ
686 1974 726 2074 εἶ,
744 1977 806 2056 ε’ἀν
827 1983 975 2074 καταβῶ
1000 1983 1048 2062 είς
1072 1974 1135 2057 τὸν
1155 1973 1255 2082 ᾅδην,
1273 1971 1389 2075 πάρει·
1429 1967 1502 2050 ε’ἀν

295 2110 316 2148 “
334 2097 509 2196 ἀναλάβω
534 2098 599 2185 τάς
623 2099 802 2202 πτέρυγάς
826 2137 896 2198 μου
920 2103 996 2182 κατ’
1017 2100 1148 2204 ὄρθρον
1172 2103 1230 2179 καὶ
1253 2101 1415 2200 πορευθῶ
1442 2099 1502 2177 εἷς

259 2231 317 2295 b“
336 2221 382 2302 τά
404 2223 543 2328 ἔσχατα
568 2228 632 2324 τῆς
657 2223 864 2324 θαλάσσης,
883 2229 941 2305 καὶ
969 2224 1040 2328 γάρ
1068 2227 1141 2304 ἐκεῖ
1164 2225 1186 2322 ῆ
1212 2225 1287 2330 χείρ
1311 2255 1381 2299 σου
1406 2219 1497 2316 ὁδη-
1519 2257 1558 2316 15

296 2357 317 2395 “
335 2347 442 2448 γῆσει
468 2383 523 2447 με,
547 2350 604 2427 καὶ
631 2349 771 2454 καθέξει
796 2361 842 2446 με’
866 2349 888 2448 ῆ
914 2349 1014 2455 δεξιά
1037 2349 1138 2429 σου.”
1169 2342 1425 2453 ῥιψοκινδύνως
1454 2339 1500 2420 δὲ

294 2471 403 2566 οὗτοι,
421 2475 479 2551 καὶ
501 2479 578 2556 ταῖς
605 2479 669 2552 τοῦ
698 2472 907 2570 Πνειίματος
932 2480 1068 2579 φωναῖς
1091 2471 1157 2572 τῆν
1180 2473 1315 2552 ἑαυτῶν
1339 2465 1497 2572 ἀντεξά-

295 2626 421 2694 γοντες
448 2593 605 2694 γνώμην,
625 2597 766 2700 ὁρισμῷ
794 2597 851 2674 καὶ
879 2601 1119 2702 περιγραφαῖς
1147 2593 1403 2690 ὑποβάλλουσι
1428 2588 1500 2670 τὸν

297 2721 499 2817 Μονογενῆ,
530 2719 643 2796 καίτοι
675 2717 857 2820 λογισμὸν
886 2720 1093 2825 ὀφείλοντες
1123 2721 1182 2799 ε’πὶ
1215 2716 1330 2824 τούτῳ
1366 2717 1500 2806 λαβεῖν

296 2837 491 2939 ἀναγκαῖόν
508 2873 546 2920 τε
564 2841 622 2920 καὶ
642 2840 833 2945 χρῆσιμον.
865 2848 894 2922 εί
912 2839 984 2944 γάρ
1002 2841 1216 2946 πεπλήρωκε
1234 2840 1299 2939 μὲν
1315 2836 1499 2942 οῦρανοῦς,
1516 2873 1555 2912 ²·

298 2966 356 3044 καὶ
381 2961 427 3042 τά
452 2963 590 3069 ἔσχατα
614 2969 678 3064 τῆς
703 2970 780 3068 γῆς,
800 2965 1040 3064 τουτέστι,τά
1063 2972 1112 3052 εἱς
1136 2965 1200 3047 τὸν
1219 2965 1321 3073 ᾅδην·
1351 2969 1428 3046 πῶς
1453 2965 1499 3042 οὐ

299 3085 447 3191 σφόδρα
488 3089 796 3190 παραλογώτατον
829 3087 872 3171 τὸ
910 3095 1080 3195 περιοχῆς
1119 3089 1233 3190 ὄνομα
1272 3085 1501 3192 προσάπτειν

270 3213 407 3320 οαῦτῷ,
424 3211 513 3313 μηδὲ
531 3213 640 3292 ε’κεῖνο
662 3213 933 3314 λογισαμένους,
953 3214 1008 3294 ὅτι
1032 3220 1063 3294 εὶ
1087 3212 1129 3295 τὸ
1153 3211 1353 3318 πρόσωπον
1371 3211 1498 3308 αὐτοῦ,

300 3338 473 3433 τουτέστι,
501 3335 543 3415 τὸ
573 3341 734 3435 Πνεῦμα·
775 3337 976 3440 πρόσωπον
1003 3337 1076 3440 γάρ
1106 3346 1170 3418 τοῦ
1199 3342 1289 3418 Υίοῦ
1321 3341 1427 3416 καλεῖ
1454 3333 1500 3414 τὸ

301 3463 460 3552 Πνεῦμα·
501 3457 547 3538 τά
583 3459 702 3539 πάντα
738 3467 882 3562 πληροῖ,
914 3467 991 3544 πῶς
1022 3458 1068 3540 ἀν
1100 3459 1205 3545 αὐτὸς
1237 3459 1324 3540 εἴσω
1359 3457 1534 3558 γένοιτοο

298 3585 475 3687 περιοχῆς,
506 3579 574 3662 κάν
603 3583 693 3688 λέγη
725 3583 780 3662 ὅτι
809 3587 978 3689 περιοχῆς
1011 3592 1076 3664 τοῦ
1105 3589 1201 3664 θεοῦ
1233 3585 1292 3664 καὶ
1324 3579 1496 3686 Πατρός;

300 3707 386 3787 ἀλλ’
421 3705 521 3786 οὐδέν
557 3705 665 3806 ἦττον
702 3708 818 3810 ῦβριεῖ
851 3705 1082 3815 περιγράψας
1117 3707 1159 3788 τὸ
1195 3708 1402 3805 ἀσώματον,
1438 3708 1501 3784 καὶ

301 3829 418 3938 μέτριρ
435 3831 622 3932 περιτιθεὶς
638 3827 680 3909 τὸ
698 3831 762 3910 σιἰκ
780 3827 822 3911 ὂν
841 3833 1132 3935 πεπερασμένος.
1164 3829 1207 3912 τὸ
1225 3831 1297 3933 γὰρ
1315 3831 1502 3913 υῦσιωδῶς

302 3951 411 4034 αὐτὸν
443 3951 672 4056 περιέχεσθαι
702 3953 822 4055 λέγειν
854 3953 924 4035 ῦπῦ
956 3963 1021 4035 τοῦ
1053 3961 1149 4036 Θεοῦ
1181 3955 1239 4035 καὶ
1273 3951 1432 4056 Πατρός,
1463 3953 1507 4032 τί

265 4176 268 4185 Ι
303 4075 422 4181 έτεράν
449 4079 527 4157 ἐστι
556 4079 700 4176 δηλοῦν,
729 4075 751 4176 ἢ
780 4075 834 4156 ὅτι
863 4079 1138 4182 πεπερασμένην
1163 4079 1234 4183 ἔχει
1261 4076 1327 4177 τὴν
1354 4075 1498 4174 οὐσίαν,
1517 4115 1558 4175 30

716 4199 825 4230 NA&
1007 4209 1023 4226 Α

303 4201 428 4306 ῶσπερ
446 4203 509 4282 οῦν
527 4199 652 4302 ἀμέλει
671 4235 729 4280 και
748 4235 786 4280 εν
803 4234 958 4282 εκαστον
975 4237 1047 4283 των
1064 4205 1148 4306 παρ’
1161 4203 1270 4282 αὐτοῦ
1288 4199 1501 4302 γεγονότων,

342 4434 366 4471 1.
384 4421 465 4486 οὔσης
476 4425 643 4487 assumptum
657 4433 688 4470 ex
704 4415 736 4470 E.
947 4431 988 4488 13.
1007 4416 1059 4471 ἐκεῖ
1070 4414 1158 4472 εἴλας
1170 4414 1264 4471 ordine
1277 4415 1309 4470 E.
1323 4413 1410 4485 (Vnt.)
1423 4415 1458 4472 ef.
1470 4415 1501 4470 in

304 4489 340 4542 xii
354 4487 452 4558 Proph.
466 4503 519 4557 343
531 4504 554 4550 α,
568 4496 661 4542 eontra
672 4485 807 4558 Anthrop.
819 4487 872 4557 389
885 4505 909 4541 a.
1076 4503 1173 4558 οο-ρ.
1182 4503 1244 4558 437,
1257 4487 1274 4542 8
1286 4487 1350 4541 citat
1362 4503 1398 4556 μ,
1412 4487 1501 4540 20-26

304 4559 408 4613 Vaccus
422 4557 514 4628 Epigr.
527 4556 563 4612 iv.
706 4573 749 4626 24.
769 4561 885 4612 καλεῖται
898 4557 1011 4612 Veccus.
