3118 5132
282 327 347 392 390
585 329 625 394 Β.
649 327 858 394 CYRILLI
888 327 1178 394 ALEXANDR.
1347 323 1414 390 xiii.
1429 337 1487 410 35.

281 491 320 569 έν
349 491 445 598 αὐτῷ
476 491 548 596 γάρ
575 492 747 598 συνήφθη
774 490 820 572 τά
850 490 980 592 πάντα,
1008 490 1054 572 τοί
1083 491 1180 572 κάτω
1207 497 1281 574 τοῖς
1308 490 1394 586 ἀνω,
1422 489 1488 566 καί

193 604 197 612 ’
282 613 325 692 δι’
345 615 454 694 αὑτοῦ
480 613 764 718 κατηλλάγημεν
787 621 838 724 τῷ
861 620 945 724 θεῷ
969 619 1027 696 καί
1047 619 1178 719 Πατρί,
1196 615 1310 695 καίτοι
1333 609 1488 710 πολλὴν

281 737 319 814 έν
348 739 476 843 ἀρχαῖς
507 736 802 840 ἐπιτηδεύσαντες
834 737 900 838 τὴν
926 738 1147 836 ἀπόστασιν,
1176 737 1234 818 διὰ
1262 734 1330 836 τήν
1356 741 1405 819 εἰς
1439 733 1487 814 τὸ

114 879 230 939 754Δ.
252 865 428 966 οφαῦλον
455 861 675 966 ἀποδρομὴν,
702 865 761 943 καί
788 868 837 946 εἰς
864 861 928 942 δύο
955 859 1042 944 ποτέ
1069 863 1323 966 μεμερισμένοι
1354 857 1484 954 λαοὺς,

113 988 216 1114 ξξίθῑ
258 981 332 1066 ἐἰς
358 1017 397 1064 τε
422 983 468 1065 τοί
495 984 579 1086 ἔθνη
606 988 666 1065 καί
693 983 757 1066 τόν
779 983 945 1088 Ἰσραὴλ,
972 991 1022 1072 εἰς
1050 985 1113 1066 ένα
1140 983 1263 1066 καινὸν
1289 984 1528 1086 ἀνθρωπον5

114 1119 153 1170 lb·
166 1133 203 1182 ¹4·
282 1107 499 1210 ἐκτίσθημεν
515 1111 553 1190 έν
572 1111 681 1218 αύτῷ·
713 1108 863 1198 λέλυται
884 1108 956 1212 γὰρ
978 1107 1020 1190 τὸ
1038 1108 1255 1213 μεσότοιχον
1272 1115 1337 1188 τοῦ
1354 1112 1484 1214 φραγ·

281 1240 365 1331 μοῦ,
386 1235 445 1312 καί
462 1230 685 1337 κατήργηται
702 1237 766 1334 τῆς
790 1233 922 1338 ἔχθρας
945 1232 967 1332 ἡ
993 1232 1152 1333 δύναμις,
1170 1230 1353 1334 δόγμασιν
1370 1230 1484 1331 εύαγ-

281 1361 440 1456 γελικοίς
466 1356 800 1460 κατασιγαισθέντος
825 1364 890 1436 τοῦ
915 1355 1039 1455 νόμον·
1070 1363 1148 1440 πῶς
1173 1354 1218 1436 εἰν
1240 1355 1490 1458 ἐγνώσθησαν

281 1478 337 1559 ’ότι
367 1483 432 1580 τῆς
468 1478 607 1583 εἰρήνης
642 1477 819 1584 γεγόνασι
856 1482 1014 1579 μαθηταὶ
1050 1485 1083 1560 οἰ
1116 1477 1182 1580 τὴν
1212 1485 1261 1564 εἰς
1295 1476 1488 1576 ἀλλήλους

282 1599 424 1705 εἰρήνην
441 1603 506 1684 οῦκ
524 1604 665 1708 ἔχοντες
681 1636 691 1701 ;
724 1604 763 1684 τί
777 1602 849 1705 γὰρ
867 1601 988 1706 ἕτερον
1006 1601 1059 1704 ε’ίη
1077 1601 1189 1708 τυχὸν
1207 1605 1227 1682 ὃ
1251 1605 1315 1701 τῆς
1338 1599 1489 1702 ἀγάπης
1510 1635 1553 1678 ιο

283 1724 527 1826 διασπασμός,
553 1725 576 1828 ἢ
604 1727 768 1827 πολέμου
795 1725 937 1830 γένεσις
958 1729 1018 1806 καί
1045 1725 1184 1830 εἰρήνης
1209 1722 1393 1828 ἀνατροπὴ
1421 1726 1488 1803 καὶ

283 1849 454 1956 διφνχίας
490 1849 636 1951 ἀπάσης
673 1853 839 1954 εῦρεσις;
884 1847 1009 1955 ὥσπερ
1049 1849 1122 1954 γὰρ
1163 1851 1201 1930 ἐν
1235 1851 1386 1954 ἀῤῥαγεῖ
1417 1851 1489 1946 τῆς

248 1985 270 2050 b
284 1970 428 2074 ἀγάπης
445 1975 641 2083 συνδέσμῳ
658 1974 705 2056 τά
721 1977 760 2056 ἐκ
777 1978 841 2074 τῆς
859 1973 998 2078 εἰρήνης
1017 1973 1102 2073 ἡμῖν
1119 1970 1240 2076 ἀγαθοί
1258 1968 1487 2073 διασώζεται·

283 2093 348 2176 τὸν
365 2094 474 2179 αὑτὸν
492 2094 591 2198 οἶμαι
609 2097 745 2202 τρόπον
762 2099 800 2178 έν
818 2103 863 2204 τῇ
881 2100 945 2196 τῆς
963 2095 1105 2200 ἀγάπης
1124 2099 1278 2200 διακοπῇ
1300 2092 1343 2175 τὸ
1360 2096 1398 2176 ε’κ
1416 2103 1489 2174 τοῦ

283 2218 445 2321 πολέμου
471 2220 582 2303 κακὸν
607 2223 869 2326 παρεισδύεται.
918 2223 978 2302 καί
1005 2221 1043 2300 τί
1066 2219 1109 2301 τῦ
1136 2224 1296 2301 ἐντεῦθεν
1308 2253 1319 2316 ;
1362 2220 1488 2321 ὕβρεις
1509 2261 1552 2320 15

283 2345 342 2423 καί
374 2346 588 2450 φιλονεικίαι
618 2349 676 2425 καὶ
704 2345 809 2448 ζῆλοι
837 2348 897 2425 καί
923 2346 1029 2448 όργαί
1056 2349 1116 2424 καί
1143 2347 1251 2444 θυμοὶ
1277 2343 1337 2424 καί
1364 2346 1485 2446 φιθυ-

282 2471 407 2569 ρισμοί
424 2471 483 2549 καί
500 2472 719 2549 καταλαλιαί
736 2471 795 2550 καί
813 2467 943 2575 φθόνοι
964 2470 1024 2548 καί
1045 2474 1120 2549 πᾶν
1136 2465 1227 2554 εἶδος
1252 2465 1489 2574 φαυλότητος

282 2591 529 2698 ἀναφαίνεται.

336 2713 507 2814 εΑποὶσης
524 2723 713 2819 τοιγαροῦν
731 2716 859 2818 ἀρετῆς
878 2717 917 2795 έν
935 2720 987 2824 τῷ
1006 2719 1070 2814 τῆς
1088 2713 1233 2817 ἀγάπης
1252 2714 1335 2794 εἴδει
1359 2747 1397 2793 τε
1423 2716 1491 2793 καὶ

282 2834 405 2946 τρόπῳ
422 2837 805 2945 ουγκεφαλαιουμένης
823 2873 862 2920 τε
880 2840 940 2920 καί
957 2837 1220 2942 πληρουμένης,
1239 2834 1290 2936 μὴ
1312 2835 1407 2939 μέγα
1428 2868 1490 2922 τις
1507 2877 1550 2922 20

283 2961 457 3064 φρονείτω
484 2967 557 3042 τῶν
583 2964 622 3042 ἐν
646 2963 731 3062 ἡμῖν
758 2963 811 3042 ἐπ’
837 2963 993 3046 ἀσιτίαις
1028 2963 1088 3042 καί
1119 2962 1341 3068 χαμευνίαις,
1371 2959 1491 3061 ἤγουν

252 3085 338 3190 οέφ’
366 3084 600 3190 ἑτέροιςτωί
627 3093 699 3167 τῶν
726 3087 771 3194 ἐξ
796 3085 988 3187 ἀσκήσεως
1014 3086 1151 3182 πόνοις,
1178 3091 1208 3166 εἰ
1235 3083 1287 3186 μὴ
1315 3081 1491 3186 διασώζοι

281 3214 403 3293 καλῶς
427 3207 494 3310 τήν
519 3215 566 3295 εἰς
590 3209 654 3291 τὸν
679 3209 841 3316 ἀδελφὸν
860 3209 1058 3314 ἀγάπησιν.
1096 3209 1167 3316 ἕξω
1195 3207 1267 3312 γὰρ
1294 3217 1360 3290 τοῦ
1386 3241 1485 3307 κοιμ-

280 3335 417 3436 πτῆρος
434 3337 499 3433 τῆς
517 3333 658 3434 νύσσης
682 3334 838 3440 φέρεται,
858 3333 950 3414 κατὰ
974 3331 1056 3418 τοῦς
1079 3340 1154 3413 τῶν
1171 3331 1326 3437 ἡνιόχων
1343 3333 1488 3432 ἀμαθε-

282 3453 441 3559 στέρους,
460 3457 739 3551 ῦπο[π]λανῦται
756 3456 794 3537 δὲ
811 3456 1031 3560 κυβερνήτου
1050 3458 1163 3557 δίκην,
1184 3454 1224 3542 ῦς
1245 3455 1318 3562 ἔχει
1336 3453 1403 3556 μὲν
1420 3460 1492 3556 τῆς
1509 3493 1550 3551 25

285 3575 369 3662 νεὼς
386 3576 429 3657 τὸ
446 3578 635 3679 πηδάλιον,
654 3579 718 3660 τὸν
736 3578 851 3683 γεμὴν
868 3580 1087 3684 προτεθέντα
1105 3585 1157 3687 τῷ
1175 3578 1318 3686 διάπλῳ
1342 3577 1493 3664 σκοπόν

283 3700 328 3808 ἐξ
343 3703 497 3801 ἀμαθίας
515 3703 558 3782 οῦ
576 3703 791 3784 διεσώσατο.
831 3703 891 3784 διὰ
908 3712 1016 3785 τοῦτο
1034 3705 1093 3784 καί
1118 3705 1139 3782 ὁ
1165 3702 1358 3806 θαρσήσας
1376 3708 1494 3785 εἰπεῖν

286 3834 307 3874 “
327 3829 373 3905 Εἰ
406 3823 555 3926 δοκιμήν
586 3825 719 3929 ζητεῖτε
755 3835 820 3907 τοῦ
856 3829 894 3907 έν
924 3829 1002 3926 ἐμοὶ
1036 3834 1238 3910 λαλοῦντος
1270 3831 1438 3929 Χριστοῦ
1452 3829 1490 3924 ;”

200 3927 206 3944 ’
286 3951 380 4054 φημί
415 3946 453 4028 δὲ
483 3946 528 4049 δὴ
560 3947 625 4030 τὸν
656 3949 853 4030 θεσπέσιον
884 3953 1046 4048 Παῦλον,
1077 3951 1142 4030 οῦκ
1175 3951 1233 4030 ε’πί
1264 3953 1316 4056 τῷ
1348 3946 1493 4030 διώκειν

286 4073 423 4172 ἀπλιῦς,
451 4073 535 4153 ἀλλ’
564 4073 603 4152 έν
629 4077 681 4180 τῷ
711 4071 803 4152 κατὰ
833 4071 975 4155 σκοπόν
1002 4081 1109 4154 τοῦτο
1140 4077 1230 4176 δρῦν
1256 4070 1489 4172 ἐσεμνύνετο·
1507 4108 1550 4167 30

285 4195 328 4277 τὸ
346 4194 427 4302 γὰρ,
447 4193 555 4297 οἶμαι,
573 4203 792 4295 σωματικοῖς
810 4199 1014 4302 ἐπαυχήσαι
1038 4195 1171 4294 πόνοις,
1189 4203 1263 4277 τῶν
1281 4201 1492 4302 κεφαλαιω-

292 4373 295 4380 ·
323 4423 345 4461 1.
364 4407 447 4462 πάντα
459 4407 491 4462 τό
503 4415 641 4478 assumpta
652 4423 685 4461 ex
698 4405 730 4462 E.
853 4419 879 4474 5.
897 4407 995 4480 καινὸν]
1009 4406 1127 4475 καί(υἰς)
1141 4405 1173 4462 Ε.
1299 4406 1326 4461 8.
1345 4427 1491 4477 κοτασιγη-

284 4475 374 4532 θέντος
387 4477 418 4532 Ε.
552 4495 578 4548 9.
597 4478 622 4531 οἰ
634 4485 804 4549 assumptum
817 4495 848 4532 οι
862 4477 894 4534 E.
1020 4491 1062 4544 25.
1081 4477 1259 4532 ὑποπλανᾶτιιι
1272 4473 1412 4532 emendavi
1424 4487 1491 4548 pout

287 4545 390 4618 Migne.
404 4547 561 4602 ῦπολονάται
574 4547 636 4618 (εἰς)
651 4547 723 4602 Αιιί).
1087 4561 1091 4570 ’
