3248 5112
233 313 323 378 ‘480
563 314 602 378 B.
626 314 835 380 CYRILLI
866 315 1157 380 ALEXANDR.
1326 306 1391 372 xiv.
1405 321 1457 370 20.

229 484 332 558 ντῶν
356 478 470 558 ὄντων
493 481 551 560 καὶ
577 486 723 586 φρονεῖν
742 479 917 560 εἰωθότων
940 482 1055 584 ὀρθῶς
1083 483 1147 560 οόκ
1172 476 1218 558 οῖν
1236 477 1374 579 γένοιτο
1399 474 1458 550 καὶ

259 600 362 700 μάλα
386 602 514 708 σαφές,
534 605 581 688 ὡς
607 600 741 705 ἡμέραν
764 601 867 705 ὁρίζει
891 608 955 703 τῆς
970 607 1037 690 ,ἐπὶ
1063 603 1177 711 τούτῳ
1201 601 1370 704 γνώσεως
1395 594 1459 675 τόν

260 723 395 828 καιρόν,
414 727 496 806 καθ’
519 723 561 806 όν
579 723 625 806 όν
644 729 701 807 καῖ
727 727 825 827 ἡμεῖς
850 729 951 809 αὐτοὶ
974 725 1066 832 πρός
1092 727 1200 808 αὐτὸν
1225 719 1455 828 ἁναμορφοό·

260 882 370 947 μενοι,
388 847 480 951 πρὸς
498 847 590 952 ζωὴν
607 849 867 950 ἀναβησόμεθα
886 851 952 952 τὴν
969 852 1120 949 αἰώνιον,
1139 851 1204 951 τὴν
1222 857 1285 928 τοῦ
1304 843 1459 927 θανάτου

261 971 466 1075 διαδράντες
497 971 610 1076 ἀράν;
652 974 713 1054 καί
741 1009 801 1074 μοι
837 981 935 1056 δοκεῖ
963 975 1124 1057 τοιοῦτόν
1154 1010 1188 1054 τι
1220 972 1408 1072 σημαίνειν
1438 969 1490 1054 ό5

262 1096 425 1199 Χριστός
451 1106 558 1206 φησι·
599 1104 692 1204 φημὶ
721 1099 758 1180 δὲ
784 1099 848 1180 τόν
867 1107 1030 1180 Παῦλον·
1070 1099 1157 1180 όταν
1184 1097 1226 1178 τὸ
1254 1103 1348 1178 θεῖον
1376 1093 1460 1193 ἡμῖν

92 1219 197 1352 (33ὶῆ
262 1220 531 1302 ἀποκαλύπτων
549 1222 749 1327 μυστήριον
767 1224 968 1330 ἐπιστέλλῃ
986 1222 1077 1327 πρός
1095 1258 1194 1308 τινας
1212 1217 1460 1300 “Ἀπεθοὶνετε

262 1354 284 1392 “
303 1344 385 1448 γὰρ,
410 1347 468 1425 καὶ
496 1346 519 1446 ἡ
546 1346 618 1450 ζωὴ
647 1351 745 1446 ὑμῶν
773 1349 963 1452 κέκρυπται
990 1347 1061 1428 σὺν
1088 1354 1140 1456 τῷ
1167 1350 1319 1451 Χριστῷ
1344 1346 1381 1423 ἐν
1409 1345 1460 1448 τῷ

94 1487 205 1544 81η
233 1478 284 1542 ο“
304 1473 401 1575 Θεῷ·
439 1467 527 1550 ὅταν
552 1472 615 1551 οὖν
640 1474 660 1550 ὁ
685 1472 848 1576 Χριστός
877 1479 1069 1578 φανερωθῇ
1096 1474 1119 1573 ἡ
1147 1469 1217 1575 ζωὴ
1246 1471 1356 1566 ὑμῶν,
1379 1463 1460 1545 τότε

262 1602 284 1638 “
303 1596 363 1673 καὶ
382 1595 477 1692 ὑμεῖς
496 1593 801 1700 φανερωθήσεσθε
820 1595 890 1676 σόν
909 1599 1005 1705 αὐτῷ
1022 1600 1059 1676 ἐν
1076 1594 1197 1704 δόξῃ.”
1225 1626 1459 1697 μετασχημα·
1476 1623 1515 1706 ιο

262 1717 356 1796 τίσει
373 1714 445 1820 γὰρ
464 1717 506 1798 τὸ
523 1725 632 1817 σῶμα
650 1725 715 1818 τῆς
733 1720 980 1805 ταπεινώσεως
999 1721 1109 1820 ἡμῶν,
1121 1728 1225 1801 τοῦτο
1244 1716 1288 1818 δή
1306 1713 1460 1812 πόντως,

263 1844 322 1920 καὶ
341 1841 408 1946 οὐχ
426 1841 555 1945 ἕτερον,
573 1842 795 1948 σύμμορφον
812 1849 875 1944 τῆς
895 1843 1005 1951 δόξης
1023 1848 1142 1937 αὑτοῦ,
1158 1846 1216 1924 καὶ
1234 1838 1462 1942 μεταπλόσει

262 1964 354 2067 πρὸς
391 1963 434 2045 τὸ
472 1969 621 2071 ἀρχαῖον
657 1966 800 2077 ἀρῥήτῳ
837 1967 981 2068 δννόμει
1004 1967 1079 2070 τὴν
1110 1967 1300 2072 ἀνθρώπου
1337 1963 1461 2071 φύσιν,

262 2085 382 2169 πάντα
409 2094 606 2190 μετατιθεὶς
634 2093 790 2176 εὐκόλως
817 2093 908 2198 πρὸς
937 2093 1024 2197 ὅπερ
1050 2095 1095 2173 ἂν
1122 2093 1303 2190 βούλοιτο,
1329 2094 1458 2170 διακω-

96 2217 211 2330 ἓΜν·
263 2211 414 2298 λύοντας
442 2213 595 2302 οὐδενός·
627 2214 721 2301 Θεὸς
748 2216 820 2321 γοίρ
847 2219 948 2297 ἐστιν
973 2215 1152 2317 ἀληθινός,
1171 2223 1319 2298 “ποιῶν
1343 2215 1516 2302 πάντοτε

264 2346 286 2383 “
304 2340 363 2415 καὶ
392 2339 694 2442 μετασκευόζων,”
724 2339 815 2420 κατὰ
847 2339 890 2421 τό
923 2343 1183 2444 γεγραμμένων.
1229 2341 1306 2420 κατ’
1337 2341 1463 2436 ἐκείνην

265 2459 328 2538 οὖν
346 2461 417 2564 ἄρα
435 2459 501 2561 τὴν
520 2461 651 2569 ἡμέραν,
670 2463 748 2563 ἤτοι
767 2461 830 2543 τόν
848 2463 981 2566 καιρόν,
1001 2465 1084 2544 καθ’
1106 2461 1147 2543 όν
1166 2466 1224 2543 καὶ
1248 2466 1344 2560 ὑμεῖς
1363 2466 1463 2543 αὐτοὶ

230 2581 432 2687 δζήσεσθε·
463 2586 510 2689 ζῶ
529 2585 601 2690 γὰρ
617 2585 700 2687 ἐγὼ,
719 2587 833 2665 καίτοι
858 2586 940 2667 καθ’
962 2589 1053 2686 ὑμᾶς
1078 2588 1265 2690 ἅνθρωπος
1289 2586 1460 2688 γεγονὼς,

266 2706 391 2788 καὶτὸ
415 2711 616 2790 όπαπίπτον
635 2717 679 2816 τῇ
704 2715 827 2818 φθορᾷ
852 2709 944 2790 κατά
968 2745 1011 2813 γε
1036 2710 1101 2810 τὴν
1118 2711 1208 2792 ῖδίαν
1227 2710 1341 2817 φύσιν
1359 2711 1457 2788 ε’νδυ·

265 2830 422 2932 σόμενος
449 2839 568 2934 σῶμα·
604 2841 735 2941 σαφῶς
764 2834 996 2937 ἐπιγνώσεσθε,
1020 2838 1146 2942 φησὶν,
1170 2833 1218 2914 ’ότι
1249 2831 1317 2936 ε’γῖν
1344 2830 1409 2932 μέν
1434 2833 1462 2912 ἐν
1478 2866 1518 2906 20

266 2965 314 3065 τῷ
340 2963 460 3066 Πωτρῖ,
482 2961 579 3064 ὑμεῖς
606 2958 644 3040 δέ
671 2961 701 3040 ἒν
728 2960 800 3065 ἐμοὶ
831 2955 932 3061 καὶγόι
961 2961 990 3041 ῖι
1015 2964 1102 3065 ὑμῖν.
1148 2955 1398 3056 διακεισόμεθα
1426 2953 1463 3035 δὲ

94 1719 161 1768 Phil.
174 1719 208 1770 iii.

97 1799 135 1834 τι.

265 3083 366 3160 ταυτὶ
384 3079 475 3184 πρός
492 3082 585 3182 ἡμᾶς
603 3081 667 3162 τὸν
685 3082 820 3184 Κύριον
838 3087 955 3180 εἰπεῖν,
969 3085 1037 3188 οόχ
1054 3083 1113 3194 ἵνα
1132 3081 1326 3185 νομίζωμεν
1345 3079 1460 3182 ὑπόρ-

265 3238 341 3309 χειν
359 3203 467 3286 αὐτόν
485 3209 524 3286 ἐν
544 3211 672 3308 Πατρῖ,
692 3205 783 3286 κατοί
802 3242 843 3311 γε
865 3206 929 3289 τόν
945 3212 1009 3306 τῆς
1033 3207 1176 3310 ἀγάπης
1198 3207 1321 3308 λόγον,
1340 3201 1464 3306 ὥσπερ

266 3331 329 3408 οὖν
362 3329 472 3410 ἐδόκει
505 3338 578 3415 τοῖς
610 3333 652 3410 δι’
682 3333 841 3416 ἐναντίας
875 3339 1030 3437 φρονεῖν,
1061 3331 1161 3411 ἀλλὰ
1193 3328 1285 3410 κατὰ
1316 3329 1465 3426 δύναμιν

235 3453 466 3556 ομνστηρίον
483 3454 627 3550 βαθέος,
648 3451 668 3532 ό
692 3457 749 3534 καὶ
769 3459 897 3554 νοῆσαι
917 3455 982 3551 μέν
1000 3457 1108 3536 ἐκεῖνο
1131 3454 1302 3560 χαλεπὸν,
1322 3451 1463 3559 φρόσαι
1480 3473 1517 3532 25

267 3576 304 3656 δέ
333 3577 375 3655 οό
401 3575 537 3683 ῥᾴδιον·
572 3575 672 3677 πλὴν
696 3577 793 3663 όπως
821 3577 867 3658 διν
892 3578 964 3664 οἷός
991 3613 1030 3661 τε
1059 3574 1087 3657 οῖ
1114 3583 1315 3681 διηγεῖσθαι
1342 3575 1465 3678 πειρό-

265 3733 392 3800 σομαι.

322 3827 407 3924 Τῆς
431 3822 497 3924 μέν
529 3824 591 3904 οὖν
623 3828 792 3926 ἀκριβοῦς
829 3826 1002 3910 ἐκθέσεως
1037 3823 1135 3906 πολὺ
1171 3827 1255 3905 λίαν
1287 3827 1464 3925 ἡττῆσθαι

265 3945 385 4028 πάντα
406 3956 491 4028 νοῦν
509 3947 756 4048 ὑπολαμβάνω
781 3958 855 4030 τῶν
872 3953 930 4032 ἐπὶ
956 3955 1033 4052 γῆς,
1051 3956 1103 4057 τῷ
1127 3945 1241 4051 γεμὴν
1258 3955 1377 4056 θερμῷ
1401 3953 1465 4046 τῆς

216 4077 219 4084 “
266 4073 419 4174 ἀγάπης,
443 4071 509 4154 κᾶν
532 4081 621 4175 γοῦν
645 4072 794 4178 μετρίως
823 4080 908 4156 ἰδεῖν
931 4109 969 4155 τε
999 4077 1058 4154 καὶ
1087 4072 1228 4180 φρόσαι
1255 4070 1463 4176 παραθηγό-
1480 4097 1520 4154 30

304 4354 332 4392 κ.
345 4335 442 4406 ἡμέραν
453 4335 486 4392 Ε.
499 4335 571 4392 catt.
584 4335 677 4407 ἡμέρας
690 4337 741 4391 Ed.
835 4349 861 4408 5.
879 4339 894 4391 δ
906 4345 927 4391 Χ
946 4339 1020 4393 ιστός
1031 4335 1114 4408 φησί]
1128 4335 1142 4389 δ
1155 4337 1267 4406 Χριστός
1279 4337 1348 4406 φησι
1361 4333 1465 4404 Migne.

267 4408 400 4477 σημαίνειν
418 4410 432 4460 ὁ
449 4411 551 4465 ποῦλος
568 4409 598 4462 τὸ
614 4409 683 4462 θεῖον
694 4407 852 4462 abbrevians
867 4361 948 4462 ῡοτό.
985 4408 1064 4462 Forte
1082 4407 1226 4476 legendum
1244 4409 1259 4460 ὁ
1277 4408 1465 4478 χριστοφόρος.

267 4495 293 4548 9.
313 4478 341 4532 δι’
354 4495 403 4547 pro
415 4477 461 4532 οὖν
474 4477 557 4533 cord.
594 4479 663 4533 Ine.
676 4495 737 4547 pars
750 4479 804 4532 folii
818 4478 963 4535 destructa.
1044 4495 1085 4549 13.
1104 4477 1201 4547 ἀρρήτη
1215 4477 1248 4532 Ε.
1320 4494 1364 4548 3ο.
1383 4499 1465 4548 κορα-

265 4549 406 4620 θηγδμενος
420 4548 453 4604 Ε.
465 4550 676 4622 παραθησόμενος
688 4547 743 4605 Εδ.
