3274 5118
134 391 252 438 ταις.
318 374 376 440 IN
406 375 439 444 S.
462 373 723 442 JOANNEM.
767 372 866 439 LIB.
889 373 931 438 X.
977 371 1150 439 CARII.
1269 370 1335 436 573

133 534 252 642 χαρὰν
270 536 383 644 έχητε,
402 537 482 638 ἤτοι
503 537 570 640 τὴν
595 543 644 623 εἷς
665 536 736 638 έμέ·
778 539 871 618 οὕτω
899 535 972 642 γάρ
991 534 1037 618 ἀν
1052 538 1111 617 καὶ
1139 535 1240 616 αὑτοὶ
1266 532 1334 634 τὴν

135 660 228 741 ίδίαν
264 661 553 767 ἀναπληρῶσητε
591 661 751 762 δύναμιν,
778 667 862 741 ιτῶν
900 659 1151 766 ὑπερκοσμίων
1187 661 1335 762 ἀγαθῶν

134 785 336 871 ἐννοοῦντες
354 783 421 887 τὴν
444 785 611 887 ἀμοιβὴν,
639 789 697 865 καὶ
725 783 791 886 τὴν
816 785 993 887 ἐσομένην
1009 793 1093 874 ,τοῖς
1121 785 1205 890 παρ’
1235 785 1335 882 ῦμῶν

135 911 286 1010 ἱδρῶσιν
311 911 505 1009 ἀντίδοσιν,
538 912 597 990 καὶ
624 913 687 1009 τῆς
717 907 817 1013 παρὰ
844 914 928 1017 Θεῷ
958 906 1067 1016 δόξης
1096 907 1139 989 τῦ
1169 907 1333 1012 μέγεθος·

101 1055 120 1117 5
136 1031 249 1132 ἤγουν
266 1031 385 1137 ἔτερόν
403 1068 438 1114 τι
456 1041 675 1117 σκοποῦντες
693 1035 751 1113 καὶ
773 1029 1006 1136 λογιζόμενοι,
1024 1029 1115 1136 πρὸς
1132 1031 1369 1133 βαθυτέρανῐ)

136 1153 224 1236 ἱέναι
253 1157 403 1261 θεωρίαν
425 1159 489 1238 οῦκ
516 1154 782 1257 ἀποκνήσομεν.
819 1160 948 1261 χρῆναι
966 1154 1038 1258 γὰρ
1057 1151 1155 1256 οἶμαι
1173 1157 1232 1236 καὶ
1250 1154 1335 1234 λίαν

136 1279 177 1358 εῦ
203 1277 306 1380 μάλα
329 1286 539 1388 φιλοθηρεΐν
566 1280 725 1373 εὐσεβῶς
748 1278 894 1379 ἀπάσης
913 1280 1060 1382 θεωρίας
1087 1277 1152 1360 τὸν
1179 1276 1332 1360 σκοπόν.

135 1402 176 1484 τί
198 1405 261 1484 οῦν
280 1403 351 1506 ἀρα
371 1408 480 1505 δηλοῖ
502 1402 545 1484 τό
571 1401 642 1484 Ἵνα
668 1402 805 1510 ἦχαρῦι
824 1407 841 1499 ἡ
861 1401 922 1510 ε’μῆ
945 1401 963 1517 ᾗ
989 1405 1019 1484 ἓν
1037 1407 1132 1509 ὑμῖν,
1164 1400 1256 1504 ἢτὸ
1281 1401 1337 1482 ὅτι

137 1525 264 1628 γέγονε
293 1530 375 1608 καθ’
405 1528 499 1629 ἡμᾶς
526 1529 546 1608 ὁ
576 1523 797 1629 Μονογενὴς,
816 1523 1010 1624 τουτέστιν,
1038 1527 1226 1631 ἅνθρωπος
1254 1528 1338 1631 δίχα

84 1687 124 1730 ιο
136 1649 251 1752 μόνης
270 1652 454 1756 ἁμαρτίας,
472 1650 592 1734 πάντα
616 1649 784 1754 κεκρικὼς
809 1653 995 1752 ὑπομεῖναι
1016 1653 1075 1730 καὶ
1092 1657 1219 1732 παθεῖν
1238 1649 1338 1730 ὅσων

136 1771 275 1877 ἤγαγεν
293 1780 342 1858 είς
357 1783 483 1878 πεῖραν
505 1773 613 1856 αὑτὸν
631 1775 653 1874 ἡ
674 1773 850 1878 ἐπάρατος
873 1781 946 1855 τῶν
963 1775 1145 1856 Ἰουδαίων
1162 1775 1336 1871 ἀπόνοιας

137 1898 338 2001 εὑρήσομεν
365 1898 437 2003 γὰρ
465 1897 682 2002 ὑβρισθέντα
710 1933 748 1978 τε
777 1902 836 1978 καὶ
866 1895 1079 1999 διωκόμενον
1109 1901 1168 1979 καὶ
1199 1906 1337 2002 πικροῖς

138 2022 291 2102 ὀνείδεσι
322 2021 649 2126 διακεκρουσμένον,
680 2020 930 2123 έμπτυσθέισα
961 2057 999 2103 τε
1029 2025 1087 2103 καὶ
1113 2023 1338 2127 ῥαπισθέντα

138 2147 200 2224 καὶ
226 2149 290 2246 τῆς
321 2144 380 2226 διά
406 2146 595 2249 μαστίγων
614 2146 729 2230 αἰκίας
753 2147 817 2226 οῦκ
840 2143 1106 2250 ἀμοιρήσαντα,
1128 2148 1186 2226 καὶ
1210 2156 1369 2226 πελεν-ο

85 2299 124 2362 15
139 2274 241 2348 τοῖον
258 2271 315 2350 ἐπὶ
333 2268 471 2354 τούτοις
492 2275 543 2377 τῷ
569 2271 611 2349 δι’
631 2270 723 2370 ἡμᾶς
747 2272 805 2349 καὶ
829 2267 917 2372 ῦπέρ
935 2270 1035 2368 ἡμῶν
1052 2268 1339 2373 προσηλωθέντα

139 2398 299 2499 σταυρῷ.
335 2395 393 2474 ε’πὶ
415 2394 452 2474 δὲ
477 2392 615 2478 τούτοις
642 2389 760 2474 ἅπασι
787 2401 860 2478 τοῖς
889 2394 983 2474 οὕτω
1011 2397 1149 2490 δεινοῖς,
1170 2395 1212 2472 οῦ
1231 2425 1336 2474 κατε·

140 2513 297 2616 σπάσθη
314 2513 405 2620 πρὸς
423 2516 557 2614 λύπην,
577 2515 677 2617 πλὴν
695 2515 785 2598 ὅσον
803 2525 866 2598 τοῦ
883 2523 1009 2598 παθεῖν
1027 2522 1255 2614 οἰκονομικῶς
1274 2518 1339 2598 οῦκ

140 2639 317 2746 ἀπείρριξε
344 2639 411 2739 τὴν
427 2641 585 2748 ἀδοξίαν,
604 2639 704 2720 ἀλλά
732 2645 796 2742 τῆς
822 2639 1030 2745 πρεπούσης
1048 2641 1221 2743 θυμηδίας
1243 2643 1339 2750 αύτῷ

141 2766 201 2844 καὶ
228 2771 343 2868 χαρᾶς
369 2761 558 2849 ἀνάπλεως
585 2761 640 2865 ἦν,
659 2765 802 2869 ε’πείπερ
829 2763 1004 2846 ἐθεάσατο
1026 2763 1092 2866 τὴν
1118 2772 1191 2846 τῶν
1219 2765 1337 2870 σωζο-

84 2929 128 2970 20
140 2885 258 2987 μένων
289 2887 444 2988 πληθύν,
476 2887 726 2992 πληρούμενάν
753 2922 792 2968 τε
820 2889 863 2969 τὸ
889 2887 1031 2989 θέλημα
1061 2896 1126 2968 τοῦ
1156 2894 1252 2970 Θεοῦ
1282 2891 1341 2970 καὶ

142 3009 301 3114 Πατρός.
344 3009 404 3091 διά
435 3021 541 3092 τοῦτο
572 3009 690 3118 χαράν
726 3015 876 3093 έποιεῖτο
912 3011 978 3112 τὴν
1014 3013 1166 3111 ἀτιμίαν,
1199 3013 1341 3119 τρυφὴν

142 3135 322 3238 ἐλογίζετο
349 3133 431 3220 τοῦς
457 3133 600 3222 πόνους.
640 3138 755 3217 καίτοι
782 3134 854 3240 γὰρ
875 3141 1029 3217 πολλῶν
1047 3140 1105 3217 καὶ
1132 3136 1376 3243 ἀπηχεστά-ι1

140 3292 216 3339 των
247 3260 323 3338 κατ’
354 3261 464 3340 αὑτοῦ
495 3260 748 3361 τολμωμένων,
780 3259 1028 3364 γεγραμμένον
1059 3259 1256 3364 εὑρήσομεν
1286 3259 1341 3342 ὅτι

141 3379 224 3461 τότε
243 3383 262 3462 ὁ
287 3383 429 3483 Ἰησοῦς
448 3383 736 3486 “ἠγαλλιοίσατο
765 3391 817 3492 τῷ
844 3382 1019 3485 πνεύματι
1038 3385 1097 3464 καὶ
1120 3381 1216 3466 εἶπεν
1233 3385 1341 3492 Ἐξο-
1386 3367 1413 3484 {j
1422 3368 1462 3486 {¹1¹¹
1463 3384 1485 3420 ⁰·

86 3522 127 3584 ²5
143 3517 165 3555 “
182 3508 413 3609 μολογοῦμαί
432 3541 494 3588 σοι
514 3506 639 3611 Πάτερ
661 3507 759 3610 κύριε
777 3515 842 3588 τοῦ
861 3509 1012 3612 ούρανοῦ
1031 3509 1090 3588 καὶ
1108 3513 1171 3609 τῆς
1189 3514 1267 3612 γῆς,
1286 3508 1342 3590 ῦτι

142 3641 165 3679 “
184 3631 397 3737 ἀπέκρυψας
424 3638 537 3712 ταῦτα
559 3629 631 3710 ἀπὸ
649 3636 780 3738 σοφῶν
798 3633 856 3711 καὶ
882 3636 1051 3730 συνετῶν,
1071 3634 1129 3712 καὶ
1155 3631 1338 3714 ἀπεκάλυ-

143 3765 166 3803 “
184 3759 262 3860 ψας
279 3752 370 3834 αι’ττά
388 3755 535 3854 νηπίοις·
567 3757 624 3834 ναὶ
644 3755 664 3833 ὁ
684 3754 823 3856 Πατὴρ,
843 3753 898 3835 ὅτι
917 3757 1029 3841 οὕτως
1047 3739 1187 3837 εῦδοκία
1205 3757 1343 3860 ἐγένετο

143 3889 166 3926 “
185 3877 391 3982 ἔμπροσθέν
410 3879 515 3960 σου.”
553 3876 700 3977 ἀκούεις,
719 3877 774 3960 ὅτι
793 3878 935 3984 ἐπείπερ
953 3881 1076 3960 ε’θεᾶτο
1096 3880 1344 3988 σοφουμένους

142 3999 226 4088 τοῦς
255 4002 402 4102 νηπίους
428 4033 467 4081 τε
498 4000 603 4086 ὄντας
634 4004 693 4082 καὶ
725 4000 897 4102 ἀνοήτους
924 4001 1023 4100 ποτέ,
1047 4004 1162 4108 χαίρει
1191 4002 1256 4102 μέν
1284 4005 1372 4082 καὶο

86 4153 130 4210 30
144 4127 365 4228 ἀγαλλιᾶται
393 4123 452 4206 διὰ
476 4133 541 4205 τοῦ
561 4124 781 4224 Πνεύματος,
800 4124 906 4232 χάριν
922 4123 960 4206 δέ
983 4123 1108 4228 ῶσπερ
1132 4123 1220 4230 ὑπέρ
1241 4125 1343 4226 ἡμῶν

143 4253 306 4332 ἀνατιθεῖ
338 4254 391 4358 τῷ
427 4245 637 4351 διασῶᾷιντι
672 4251 803 4354 Πατρί·
855 4246 956 4329 ἀλλά
986 4251 1045 4329 καὶ
1082 4247 1140 4329 ὅτε
1176 4247 1343 4348 τὴντῶν

185 4551 209 4588 ι.
227 4533 259 4589 δν
270 4549 324 4589 om.
337 4531 370 4588 Ε.
561 4549 586 4588 2.
605 4531 712 4600 δύναμιν
723 4541 892 4606 assumptum
904 4551 937 4589 ex
950 4533 984 4589 E.
1175 4549 1216 4590 ιο.
1233 4531 1299 4590 ὅσον
1312 4531 1345 4591 E·

147 4619 190 4678 17.
209 4604 255 4660 οῦκ
267 4603 397 4677 ἀπέφριξε
411 4603 444 4660 E.
457 4603 487 4659 οῦ
500 4604 640 4676 κοτέφριξε
654 4603 706 4662 Ed.
856 4604 900 4660 28.
918 4602 1087 4678 σοφωμένους
1099 4603 1133 4662 Ε.
