3082 5112
339 339 405 404 370
642 340 682 405 B.
705 337 913 404 CYRILLI
943 336 1233 404 ALEXANDR.
1340 335 1409 400 xiii
1423 349 1508 416 ομ

307 501 634 608 οάπαρενόχλητον
652 503 739 584 ἰέναι
757 506 912 600 θελήσω
929 502 993 585 τὸν
1011 511 1107 584 νοῦν·
1126 501 1240 606 ἤγουν
1253 501 1379 584 εἰδέναι
1397 504 1508 604 σαφό

342 625 396 706 ὅτι
416 624 552 727 νικήσει
576 625 668 707 κατά
691 624 813 730 βραχῦ
839 623 1043 708 κολακεύων
1061 628 1082 706 ὁ
1100 633 1271 725 σατανᾶς,
1289 627 1348 705 καὶ
1364 621 1508 719 πόθοιμ

171 753 297 883 ἔξω,
340 745 388 829 ἀν
405 759 576 849 τοιοῦτον,
594 751 718 832 ὁποῖον
737 751 757 830 ὃ
776 747 938 856 ψάλλων
957 751 1056 857 φησί
1071 760 1094 798 “
1109 747 1190 852 Πρὸ
1212 757 1277 830 τοῦ
1298 783 1343 848 με
1360 779 1508 827 ταπεινε

342 881 365 920 “
382 876 487 972 θῆναι
514 874 584 976 ε’γῦν
611 871 916 974 ἐπλημμέλησα.”
953 872 1025 976 πρὸ
1053 873 1125 977 γάρ
1152 881 1216 954 τοῦ
1242 878 1368 954 παθεῖν
1396 868 1508 951 τελεό

339 993 406 1094 τὴν
433 997 622 1100 ἁμαρτίαν,
649 1005 1007 1099 προπλημμελοῦμεν
1034 998 1132 1097 ἡμεῖς
1160 1003 1205 1103 τῇ
1233 992 1437 1076 συναινέσει
1470 1027 1508 1071 τι

339 1125 542 1219 λογισμῶν,
558 1120 740 1220 τιμῶντές·
755 1154 794 1200 τε
819 1119 931 1221 αὐτὴν
955 1123 1014 1201 καί
1039 1119 1314 1224 καταδεχόμενοι
1341 1121 1399 1198 καὶ
1428 1114 1508 1196 τόπ

340 1240 482 1323 εἰσόδου
501 1243 656 1328 διδόντες
676 1243 734 1324 διά
752 1242 882 1324 τούτου
900 1249 952 1352 τῷ
969 1251 1125 1352 σατανᾷ.
1164 1245 1268 1326 ἔσται
1293 1242 1331 1325 δὲ
1351 1243 1466 1328 τύπος
1487 1279 1508 1323 κ

313 1365 446 1446 οεὶκάιν
463 1376 527 1448 τοῦ
544 1368 759 1472 πράγματος
777 1376 841 1448 τοῦ
857 1366 1035 1472 προδότου
1052 1365 1095 1450 τὸ
1111 1366 1237 1454 πόθος.

291 1623 328 1679 ι8
383 1619 474 1696 Λὲτει
501 1620 592 1704 αὐτῷ
617 1620 635 1690 ὁ
660 1621 785 1687 Ἰιιοοῦο
807 1619 850 1686 ‘0
877 1615 982 1686 ποιεῖς
1010 1619 1147 1688 ποίιιοον
1174 1621 1296 1708 τάχιον.
1338 1623 1434 1686 τοῦτο
1461 1619 1503 1684 δὲ

450 1742 557 1810 οὐδεὶο
581 1745 669 1820 ἔτνιο
694 1745 762 1812 τῶν
790 1745 1015 1822 ἀνακειμένων
1042 1746 1125 1835 πρὸς
1152 1746 1182 1812 τί
1209 1739 1299 1812 εἶπεν
1326 1745 1427 1828 αὐτῷ.

395 1907 559 2016 Ἀπᾷδον
586 1906 651 2006 μὲν
679 1907 770 1993 ἴσως
799 1911 859 1988 καὶ
889 1910 931 1988 ού
960 1906 1107 2016 σφόδρα
1139 1915 1342 2007 συμβαῖνον
1368 1913 1443 1990 τοῖς
1473 1907 1508 2006 ήι

339 2031 605 2134 προειρημένοις
637 2030 773 2139 δόξειεν
802 2030 848 2112 ἀν
877 2028 970 2112 εἶναί
999 2067 1051 2140 τιρ
1079 2031 1189 2138 τυχὸν
1218 2030 1261 2112 τῦ
1292 2030 1508 2133 προκείμενα

340 2153 420 2232 ἀνθ’
450 2151 534 2234 ὅτου
563 2153 634 2258 γάρ
668 2155 724 2255 δὴ,
753 2153 902 2262 φήσειεν
929 2153 975 2235 ἀν
1001 2159 1059 2236 καὶ
1089 2157 1153 2235 οῦκ
1183 2153 1254 2235 ἀπὸ
1287 2161 1441 2252 σκοποῦ,
1473 2157 1508 2232 δι

307 2275 494 2381 ᾶλέγχων,
525 2278 771 2382 κεκρυμμένων
809 2279 847 2359 δὲ
883 2281 942 2358 καῖ
979 2281 1045 2359 οῦκ
1079 2281 1237 2382 ἐναργῶς
1274 2278 1490 2382 ἀποτρέπων

342 2398 475 2502 Κύριοι·
506 2405 570 2501 τῆς
596 2409 644 2486 είς
674 2401 784 2482 αὐτὸν
810 2403 1015 2510 μιαιφονίας
1045 2401 1109 2481 τὸν
1136 2401 1343 2504 προδιδόναι
1370 2406 1508 2481 σπουδο

339 2517 455 2624 ζοντα,
492 2531 555 2604 νῦν
590 2524 682 2626 πρὸς
718 2524 830 2626 αὐτὴν
865 2529 1089 2628 παραθήγων
1120 2526 1255 2629 ὁρᾶται,
1288 2527 1467 2624 ἀμελλητὶ
1505 2573 1507 2600 ι

338 2645 493 2748 βαδίζειν
511 2645 603 2751 πρός
620 2648 663 2728 τὸ
688 2651 781 2729 οῦτω
804 2649 971 2752 μυσαρόν
988 2683 1027 2729 τε
1050 2651 1109 2728 καὶ
1133 2647 1283 2729 ἀνόσιον
1301 2647 1507 2729 διακελεύετι

338 2768 587 2867 σπούδασμα;
626 2773 741 2852 καίτοι
770 2773 809 2852 τί
834 2779 980 2871 μᾶλλον
1007 2771 1072 2853 τὸν
1099 2773 1237 2854 οἴκοθεν
1264 2771 1332 2852 ἔδει
1362 2779 1507 2852 νοσοῦντ

338 2899 569 2996 παροτρῦναι,
589 2897 695 3000 φησὶ,
713 2895 804 2998 πρὸς
826 2903 932 2975 τοῦτο
958 2899 1017 2976 καὶ
1034 2893 1251 2998 τεθηγμένον
1266 2896 1310 3002 ἐξ
1325 2897 1462 2990 ἑαυτοῦ,
1482 2928 1506 2972 κ.

339 3017 419 3120 ούχὶ
446 3023 592 3116 μᾶλλον
619 3016 864 3121 ἀνασειρύζειν
891 3026 969 3104 ταῖς
997 3020 1196 3104 νουθεσίαις
1223 3021 1280 3100 ε’πὶ
1307 3018 1350 3099 τὸ
1377 3017 1506 3118 ἀμεινοι

340 3141 399 3220 καὶ
422 3143 487 3239 τῆς
510 3143 746 3245 προτεθείσης
768 3139 877 3221 αὐτὸν
894 3143 1078 3250 ἀνακόψαι
1095 3147 1232 3242 βουλῆς
1244 3175 1256 3240 ;
1286 3145 1346 3222 καῖ
1371 3144 1449 3242 δοίη
1473 3177 1505 3239 μι

311 3262 386 3341 οάν
403 3296 457 3347 τις
481 3263 630 3369 σφόδρα
654 3272 719 3344 τοῦ
742 3262 940 3368 πρέποντος
965 3269 1170 3368 διαμαρτεῖν
1187 3274 1371 3368 λογισμοῦ
1395 3265 1461 3366 τὴν
1481 3267 1505 3344 ἐι

339 3385 455 3493 τούτῳ
473 3385 667 3486 καταβοὴν,
685 3385 956 3494 ὀξυωπέστερον
974 3385 1089 3492 γεμήν
1106 3395 1181 3472 τοῖς
1198 3391 1236 3468 ἐν
1252 3393 1304 3496 τῷ
1320 3388 1504 3492 προκειμέν

340 3507 542 3612 θεωρήματι
574 3513 706 3616 ε’νείρας
737 3511 801 3592 τὸν
832 3520 926 3610 νοῦν,
956 3510 1100 3596 ἀτόπως
1130 3513 1196 3612 μὲν
1224 3511 1327 3593 οῦδέν
1358 3511 1504 3616 εῖρημένι

339 3632 493 3735 εὑρήσει,
513 3637 673 3737 δριμεῖαν
698 3633 736 3714 δὲ
763 3641 910 3734 μᾶλλον
935 3637 1053 3720 αὐτοῖς
1079 3634 1353 3740 ἐνυπάρχουσαν
1370 3635 1504 3715 σύνεσο

340 3753 385 3857 ἢν
403 3759 461 3836 καί
480 3755 578 3841 ὅπως
596 3755 642 3836 ἂν
660 3758 820 3858 δύνωμαι
839 3757 897 3839 διά
913 3759 1080 3865 βραχίων
1098 3765 1206 3839 εἰπεῖν
1223 3757 1452 3862 πειράσομαι.

398 3881 723 3984 Προνοητικιύτατα
754 3883 874 3962 τοίνυν
906 3886 944 3963 ἐν
974 3890 1048 3968 τοῖς
1080 3889 1336 3986 προλαβοῦσιν
1367 3884 1388 3961 ὁ
1420 3877 1503 3986 σοφί

341 4003 619 4109 Εύαγγελιστὴς
654 4011 949 4108 προεισπηδήσαι
986 4010 1044 4087 καὶ
1080 4011 1255 4086 εἰσελθεῖν
1288 4009 1337 4091 εὶς
1373 4003 1439 4107 τὴν
1471 4037 1502 4082 τι

338 4131 516 4234 προδότου
549 4129 697 4232 καρδίαν
728 4129 838 4210 αῦτὸν
870 4129 941 4237 ἔφη
973 4127 1037 4212 τόν
1069 4135 1243 4228 σατανᾶν,
1275 4129 1334 4208 ἵνα
1372 4129 1502 4237 φοίνητι

376 4349 438 4417 4-8.
457 4349 529 4404 citat
542 4349 607 4404 Nik.
620 4357 646 4405 οι
660 4348 761 4405 Cutem
773 4351 825 4406 alia
837 4351 866 4406 in
879 4351 925 4406 Ρι.
933 4351 1021 4406 cxviii.
1216 4363 1243 4422 5.
1261 4351 1408 4407 συναινέσαι
1420 4349 1449 4405 Ε.
1461 4347 1501 4402 Cn!

339 4419 446 4475 συνίσει
459 4419 511 4474 Ed.
593 4420 620 4474 6.
638 4438 771 4476 nassum
792 4421 982 4478 tumexcatt„
995 4423 1052 4477 citt.
1147 4437 1189 4476 υ.
1207 4422 1312 4490 δόξειαν
1323 4421 1357 4477 E.
1447 4415 1501 4484 ιμ’

339 4489 601 4627 ηεσιυηηηηυηηνοέβ.
656 4491 753 4615 E16.
771 4492 927 4562 αμελητὶΕ.
1034 4509 1077 4561 ²⁴·
1096 4491 1205 4566 ε’νείρας]
1218 4513 1262 4566 γρ.
1275 4491 1407 4564 ε’νιριίσας
1418 4489 1501 4556 Fati-ml

377 4595 385 4611 .
552 4581 643 4630 νναμαι
682 4599 689 4616 .
