3184 5104
402 338 467 402 164
704 338 744 402 Β.
767 337 976 403 CYRILLI
1006 333 1292 402 ALEXANDR.
1479 326 1497 390 υ

399 503 574 606 προσθεὶς
597 502 640 582 τό
657 499 723 584 Ἠν
742 497 778 582 θῖ
799 498 983 597 σάββατον
1008 503 1037 582 ἐν
1059 498 1078 616 ᾗ
1100 499 1205 610 ἡμέρα
1224 497 1276 580 τλν
1294 494 1396 588 πηλῖν
1413 493 1497 582 ὶπιίη

401 628 536 722 Ἰησοῦς.

355 863 391 924 ¹5
420 859 524 926 Πάλιν
551 855 608 926 οὗν
633 858 775 950 ιἰρώτων
802 859 901 926 αὐτὸν
929 859 983 926 καὶ
1010 857 1039 926 οἰ
1067 854 1241 950 Φαρισαῖοι
1268 855 1344 922 Πῶο
1371 852 1497 930 ἀνέβλεη

460 1045 760 1152 Περιεργάᾅινται
790 1053 854 1146 τῆς
892 1047 1079 1154 θεραπείας
1115 1046 1179 1128 τὸν
1211 1043 1355 1150 τρόπον,
1384 1037 1497 1144 θερμάτ

402 1171 527 1274 ὥσπερ
557 1171 595 1250 έν
623 1173 758 1255 ἑαυτοῖς
789 1171 832 1251 τὸ
864 1173 902 1251 ἔκ
932 1177 996 1272 τῆς
1024 1172 1226 1266 βασκανίας
1256 1167 1473 1249 ἀνακαίοντες

404 1299 693 1407 φιλαπενστοῦσι
734 1293 771 1374 δὲ
813 1295 908 1392 λίαν,
945 1295 1009 1374 οῦκ
1051 1298 1262 1398 ἀγνοοῦντες
1301 1291 1339 1372 δέ
1375 1289 1420 1374 ὥς
1455 1323 1497 1390 γε

236 1439 354 1500 607Α.
375 1419 567 1526 ιφαίνεται
604 1415 647 1499 τὸ
679 1416 898 1526 παράδοξον.
954 1425 1032 1503 πῶς
1061 1416 1133 1524 γάρ
1165 1419 1230 1498 οῦκ
1261 1417 1380 1515 εὔηθες
1410 1445 1497 1494 παντ

403 1539 497 1640 τοῦς,
521 1543 621 1646 οἵπερ
649 1539 746 1641 ἦσαν
772 1545 821 1626 ὡς
848 1540 976 1626 αὐτοῦς
1004 1541 1195 1648 ἀφιγμένοι
1210 1537 1309 1621 ποτέ
1336 1536 1475 1641 τυφλὸν

402 1665 583 1772 φέροντες,
600 1663 650 1765 μὴ
671 1666 749 1770 οὐχὶ
774 1663 919 1749 πάντως
946 1671 1055 1746 εἰπεῖν
1073 1669 1137 1764 τῆς
1162 1665 1360 1766 ἀπαγωγῆς
1383 1659 1447 1758 τὴν
1466 1663 1497 1736 αῖ

402 1783 526 1890 ὥσπερ
560 1787 598 1870 δὲ
630 1789 694 1868 οῦκ
727 1787 932 1890 ἀρκούντων
963 1788 1102 1868 ἐκείνων
1134 1794 1182 1872 είς
1220 1787 1262 1866 τὸ
1295 1790 1497 1887 κατηγορεῖν

402 1913 578 2013 Χριστοῦ,
603 1915 661 1990 καὶ
690 1909 798 1992 αὑτὸν
822 1913 865 1991 δι’
892 1912 1020 1996 οἰκείας
1045 1911 1286 2016 ἀναγκάζουσι
1309 1912 1435 2016 φωνῆς
1460 1909 1497 2003 ὁρ

401 2037 516 2136 γῆσαι
534 2033 577 2116 τὸ
596 2033 820 2138 δεδραμένον,
833 2033 1089 2140 χαλεπωτέραν
1108 2035 1256 2115 ἔσεσθαι
1275 2037 1339 2132 τῆς
1357 2036 1497 2136 συκοφα

401 2154 468 2257 τὴν
496 2157 644 2257 δύναμιν
673 2157 731 2238 διὰ
759 2158 887 2238 τοῦτον
914 2157 1155 2242 πιστεύοντες.
1201 2159 1309 2242 σῦνες
1335 2155 1406 2259 γὰρ
1434 2154 1497 2234 ἀπο

402 2283 619 2385 διερωτῶσιν
639 2283 766 2366 ἁπλῶς
784 2287 813 2362 εἰ
832 2281 1086 2386 τεθεράπευται
1105 2281 1225 2382 μόνον,
1237 2282 1383 2384 ζητοῦσι
1401 2275 1497 2375 δὲμὸ

367 2405 478 2490 υπάς
495 2399 691 2512 ἀνέβλεψεν
709 2408 877 2485 ἀκοῦσαι·
901 2415 1008 2486 τοῦτο
1027 2405 1064 2486 δέ
1083 2404 1127 2506 ἦν
1145 2408 1342 2488 ἐπακοῦσαι
1361 2404 1444 2482 λίαν
1463 2405 1497 2480 ἐο

402 2527 563 2610 δακότων
582 2528 636 2609 ὅτι
654 2526 775 2630 πηλὸν
793 2529 951 2628 ε’ποίησε,
970 2533 1030 2610 καὶ
1047 2528 1177 2636 ἕχρισέ
1189 2564 1258 2628 μου
1276 2525 1359 2610 τοῦς
1377 2529 1497 2631 ὀφθαλ

402 2653 441 2732 ἐν
469 2653 585 2759 τοῦπερ
618 2651 690 2758 γάρ
723 2661 850 2734 πᾶσαν
880 2658 1022 2732 κεῖσθαι
1052 2661 1117 2734 τοῦ
1152 2652 1263 2752 νόμον
1293 2649 1360 2752 τὴν
1391 2651 1497 2752 παράγ

402 2777 584 2861 ἀσυνέτως
603 2776 862 2874 ῦπελάμβανον
876 2779 944 2874 καὶ,
964 2774 1047 2862 τοῦς
1066 2777 1202 2857 ἀνωθεν
1220 2775 1430 2878 διυβρίσθαι
1449 2781 1497 2854 θει

402 2897 659 3000 σκηπτόμενοι,
690 2899 949 3004 ἀπασχάλλειν
980 2901 1047 3000 ἤδη
1081 2902 1223 2984 δικαίως
1254 2903 1312 2980 καὶ
1344 2903 1477 3004 χρῆναι

403 3025 565 3105 ἀπαιτεῖν
588 3021 653 3104 τὸν
673 3021 894 3122 λυπήσαντα
922 3023 1183 3106 διεσκέπτοντο.

433 3326 459 3392 0
487 3324 523 3394 δὲ
551 3319 642 3394 εἶπεν
669 3324 780 3394 αὐτοῖς
806 3325 917 3392 Πηλὸν
942 3325 1086 3394 ἐπέθηκέ
1112 3349 1175 3404 μου
1201 3325 1256 3396 ἐπὶ
1283 3327 1358 3394 τούο
1385 3325 1497 3414 ὀφθαλ

375 3515 394 3559 ⁰
763 3449 815 3518 καί
841 3451 1015 3534 ἐνιψάμην,
1042 3452 1095 3518 καὶ
1122 3453 1246 3532 βλέπω.

461 3617 640 3724 Δέχονται
676 3620 871 3723 προθύμως
907 3619 1033 3726 ὥσπερ
1069 3621 1149 3703 τινά
1187 3621 1325 3729 φθόνου
1361 3621 1497 3729 τροφὴι

404 3744 604 3844 ὁμολογίαν
627 3751 692 3823 τοῦ
721 3743 913 3842 θαύματος,
932 3749 990 3826 καὶ
1017 3747 1184 3842 ἀσμένως
1207 3745 1411 3850 ἁρπάζουσι
1439 3751 1497 3845 τῆς

404 3866 513 3945 αὐτοῦ
531 3867 658 3964 μανίας
676 3865 743 3967 τὴν
763 3865 945 3951 ὑπόθεσιν.
983 3869 1237 3974 ἁπλούστερον
1254 3869 1412 3974 μὲνγὰρ
1432 3871 1497 3978 έξη

403 3987 445 4069 τὸ
469 3988 619 4088 συμβὰν
638 3993 658 4070 ὁ
683 3991 798 4094 πηρῦς
816 3991 908 4090 τότε,
928 3997 986 4072 καὶ
1006 3993 1181 4096 κακοήθος
1199 3996 1349 4100 σφόδρα
1368 3997 1492 4098 φησὶν

404 4113 597 4212 συντόμοις
629 4115 839 4218 ὁμολογίαις
871 4118 1038 4214 ἀνυμνιῦν
1064 4114 1190 4222 ὥσπερ
1221 4119 1285 4199 τὸν
1313 4118 1454 4222 ἰατρόν·

409 4415 417 4436 ·
442 4363 466 4434 ι.
484 4351 515 4404 τό
526 4359 697 4421 assumptum
709 4369 742 4405 ox
756 4349 789 4404 B.
854 4347 911 4422 ἕνῇ
925 4350 1007 4424 ἡμέρᾳ
1023 4353 1094 4409 edidi
1109 4356 1276 4427 approbante
1289 4357 1390 4428 Ηεγιο.
1403 4355 1451 4410 ὅτε
1464 4377 1497 4410 τα

404 4439 486 4486 ημιρᾳ
499 4437 547 4488 pro
560 4438 634 4475 mora
648 4421 680 4476 B.
693 4421 737 4476 ὅτε
750 4420 802 4476 Ed.
1011 4439 1038 4494 3.
1055 4425 1209 4499 ἆυέβλεψας
1221 4427 1254 4482 Β.
1270 4427 1359 4482 ΗοῙιιι.
1372 4426 1497 4497 ἀνίβλεψ

423 4487 589 4568 ..ἀπαγωγῆς
602 4491 635 4546 Β.
650 4491 700 4546 Et.
712 4492 848 4563 ἐπαγωγῆς
860 4492 933 4549 Aub.
1080 4496 1123 4552 26.
1142 4499 1184 4552 καί
1196 4497 1321 4566 καεοήθος
1335 4495 1480 4568 [κακόηθες
1494 4517 1497 4548 ι

438 4557 523 4628 lgna]
533 4560 642 4632 σφόδρα
653 4562 738 4632 φησιν
749 4561 850 4617 habent
859 4563 891 4618 B.
901 4564 971 4622 inter
982 4565 1149 4624 namuh.
1188 4568 1266 4624 Forte
1278 4565 1428 4638 lugendum
1441 4567 1497 4624 κάια
