3238 5114
103 342 169 408 xvi.
184 364 236 430 33.
281 344 339 410 IN
370 345 403 410 s,
428 346 684 411 ιοΑΝΝοΜ.
730 347 827 412 εις.
851 348 910 412 xl.
958 349 1060 413 οΑΡ.
1086 350 1133 414 11.
1237 351 1300 415 657

103 509 357 614 ἁπλούστερον
380 509 446 611 μέν
474 511 546 614 γὰρ
575 512 684 597 εἴτις
713 512 831 592 ἕλοιτο
860 521 963 609 νοεῖν,
992 517 1064 617 έρεῖ
1088 511 1132 612 δι’)
1159 510 1303 598 πάντως

104 631 240 733 Πάσης
273 635 447 738 ἁμαρτίας
479 639 537 716 καὶ
569 634 815 738 περιστάσεως
852 641 1027 736 κωμικῆς
1061 637 1228 738 κρείττων
1264 671 1302 716 τε

102 755 179 854 ἅμα
206 760 264 838 καὶ
292 759 528 862 δυνατώτερος
557 757 749 865 ἀπεφάνθη
777 761 952 860 Χριστός·
993 759 1112 859 ἐπειδὴ
1141 759 1178 840 δὲ
1207 761 1300 840 νενί-

102 914 204 980 κηκε,
235 885 293 961 καῖ
323 890 397 968 τοῖς
425 882 468 963 δι’
498 883 607 964 αὐτὸν
633 881 895 986 πειραζομένοις
921 884 1087 964 ἐπιδώσει
1115 882 1158 963 τὸ
1187 891 1299 964 νικιῖν.

67 1009 133 1102 5εῖ
169 1003 213 1084 δέ
247 1040 301 1090 τις
337 1013 410 1086 ταῖν
447 1007 637 1110 εἰρημένων
674 1009 805 1086 ἐννοεῖν
840 1005 958 1088 ἐθέλοι
998 1042 1032 1086 τι
1072 1006 1299 1112 πικρότερον,

101 1129 212 1208 ε’κεῖνο
249 1128 294 1229 δὴ
330 1127 473 1214 πάντως
510 1128 840 1230 διενθυμηθήσεται.
893 1128 1002 1233 ὅνπερ
1048 1130 1121 1234 γὰρ
1167 1129 1303 1234 τρόπον

101 1257 242 1357 φθορᾶς
273 1257 332 1334 καὶ
362 1253 518 1334 θανάτου
549 1251 607 1333 διά
639 1261 745 1332 τοῖπο
777 1251 1052 1356 κεκρατήκαμεν,
1083 1253 1224 1357 ἐπείπερ
1255 1258 1302 1338 ὡς

101 1374 290 1478 ἅνθρωπος
308 1378 350 1456 δι’
370 1376 463 1476 ἡμᾶς
481 1380 539 1457 καῖ
559 1374 646 1480 ὑπὲρ
664 1377 767 1476 ἡμῶν
786 1376 918 1470 ἀνεβίω
937 1377 1110 1480 Χριστὸς,
1128 1382 1193 1478 τῆς
1211 1377 1303 1458 κατὰ

100 1507 166 1579 τοῦ
186 1495 340 1580 θανάτου
361 1500 569 1606 πλεονεξίας
593 1499 708 1603 ἀρχὴν
725 1497 792 1600 τὴν
810 1501 900 1580 ίδίαν
920 1499 1124 1580 ἀνάστασιν
1142 1499 1336 1601 ποιησά·1)

49 1654 88 1692 10
102 1656 219 1720 μενος,
247 1623 359 1722 διήκοι
393 1622 438 1704 ἀν
465 1622 609 1707 πάντως
646 1627 704 1703 καὶ
733 1629 782 1708 εῖς
815 1624 907 1723 ἡμᾶς
940 1626 963 1724 ἡ
996 1633 1059 1704 τοῦ
1089 1624 1302 1728 πράγματος

103 1746 260 1848 δύναμις,
278 1748 418 1850 ε’πείπερ
448 1745 492 1846 ἦν
514 1749 534 1826 ἀ
558 1745 707 1846 νικήσας
734 1745 779 1852 ἐξ
803 1747 905 1846 ἡμῶν
933 1747 1023 1827 καθὸ
1050 1747 1209 1854 πέφηνεν
1236 1747 1299 1826 ἀυ-

103 1875 257 1972 θρωπος,
275 1873 334 1950 καὶ
352 1870 476 1974 ὥσπερ
494 1875 557 1970 τῆς
576 1872 749 1973 ἁμαρτίας
767 1867 1048 1974 περιγιγνόμεθα
1066 1873 1302 1975 νεκρωθείσης

102 1993 245 2078 πάντως
267 1998 304 2075 ἐν
326 1995 458 2102 πρώτῳ
476 2000 638 2102 Χριστῷ,
655 1993 955 2096 παραπέμποντος
980 1995 1148 2094 δηλονότι
1170 2000 1228 2076 καὶ
1254 2003 1302 2080 εὶς

103 2116 206 2216 ἡμᾶς,
221 2121 269 2202 ὡς
288 2118 375 2198 ίδιαν
393 2119 506 2219 γένος,
524 2115 566 2198 τὸ
585 2117 734 2220 ἀγαθόν·
765 2118 858 2198 οὕτω
878 2121 935 2198 καὶ
958 2115 1091 2223 θαρσεῖν
1109 2119 1302 2224 ὀφείλομεν

50 2267 88 2322 15
104 2238 159 2318 ὅτι
177 2243 236 2320 καὶ
258 2241 356 2340 ἡμεῖς
380 2239 618 2343 περιεσόμεθα
636 2249 699 2321 τοῦ
718 2242 871 2340 κόσμου·
913 2244 1053 2336 νενίκηκε
1076 2241 1148 2343 γὰρ
1166 2245 1186 2322 ὁ
1205 2247 1298 2346 Χρι·

103 2361 193 2447 στὸς
222 2368 269 2448 ὡς
298 2364 486 2467 ἅνθρωπος
513 2367 556 2444 δι’
583 2365 686 2464 ἡμᾶς,
714 2363 808 2470 ἀρχὴ
837 2367 895 2444 καὶ
928 2353 1020 2467 θύρα
1051 2369 1110 2445 καὶ
1142 2365 1224 2450 ὁδὸς
1256 2365 1331 2472 τῇο

103 2490 305 2594 ἀνθρωπεία
343 2489 452 2595 φύσει
490 2491 557 2567 κάν
592 2488 707 2596 τούτῳ
740 2487 960 2592 γιγνόμενος.
1013 2494 1046 2568 οῖ
1080 2488 1151 2592 γάρ
1186 2489 1303 2570 πάλαι

102 2609 292 2695 πίπτοντές
309 2645 347 2692 τε
364 2615 422 2692 καῖ
442 2612 623 2708 νικώμενοι
652 2612 911 2718 κεκρατήκαμέν
929 2646 967 2692 τε
990 2615 1048 2692 καῖ
1074 2613 1303 2714 νενικήκαμεν

104 2732 163 2815 διά
186 2733 250 2820 τὸνΙ
268 2735 312 2842 ἐξ
334 2736 434 2835 ἡμῶν
453 2741 509 2816 καὶ
528 2737 571 2815 δι’
592 2737 683 2835 ἡμᾶς
706 2735 913 2836 νικήσαντα.
954 2741 982 2816 εί
1007 2736 1073 2835 μέν
1090 2737 1161 2840 γὰρ
1184 2741 1300 2839 ἐνίκη-

51 2878 90 2918 20
103 2891 169 2936 σεν
186 2861 234 2952 ὡς
254 2855 358 2950 Θεὸς,
377 2859 468 2962 πρὸς
492 2859 584 2958 ἡμᾶς
607 2859 717 2956 οὐδὲν,
741 2866 770 2938 εί
796 2858 833 2939 δὲ
855 2863 903 2944 ὡς
927 2861 1124 2962 ἅνθρωπος,
1144 2863 1241 2961 ἡμεῖς
1266 2866 1303 2942 ἐν

103 2981 200 3088 αὐτῷ
227 2981 464 3082 νενικήκαμεν.
503 2982 661 3083 δεύτερος
688 2980 760 3084 γάρ
789 2983 873 3081 ἡμῖν
900 2983 944 3088 ἐξ
969 2985 1120 3085 οὐρανοῦ
1144 2986 1303 3090 πέφηνεν
1349 2996 1434 3124 {5⁴⁰ss

103 3104 232 3204 Ἀδὰμ,
263 3103 354 3185 κατὰ
385 3104 450 3189 τάς
480 3104 639 3210 γραφαῖς.
678 3103 803 3206 ὥσπερ
833 3106 895 3185 οὖν
923 3105 1170 3212 πεφορέκαμεν
1201 3119 1223 3154 “
1237 3109 1303 3206 τὴν
1349 3098 1465 3201 1bid.4'9.

105 3239 127 3275 “
140 3227 258 3309 είκόνα
287 3237 352 3308 τοῦ
381 3231 533 3333 χοῖκοῖι,”
571 3230 653 3307 καθ’
685 3225 876 3326 ὁμοιότητα
908 3227 975 3327 τὴν
1002 3231 1134 3310 ἐκείνου
1161 3237 1212 3338 τῷ
1239 3236 1303 3332 τῆς

104 3353 277 3456 ἁμαρτίας
300 3348 540 3434 ὑποπεσόντες
565 3348 669 3458 ζυγῷ,
687 3352 779 3430 οὕτω
801 3350 845 3450 δὴ
863 3351 1005 3434 πάντως
1025 3351 1227 3456 φορέσομευ
1245 3359 1303 3434 καὶ

53 3502 90 3564 ι5
103 3476 169 3576 τὴν
195 3485 259 3556 τοῦ
287 3472 495 3577 ἐπουρανίου
521 3471 724 3576 μόρφωσιν,
752 3475 915 3554 τουτέστι
942 3481 1117 3576 Χριστοῦ,
1141 3484 1337 3564 νικῶντεςά

104 3605 167 3700 τῆς
190 3601 363 3703 ἁμαρτίας
386 3598 452 3698 τὴν
470 3599 670 3700 τυραννίδα,
688 3601 746 3676 καὶ
772 3597 916 3699 ἀπάσης
944 3601 1106 3708 θλίψεως
1133 3635 1300 3702 κατευμε-

105 3731 290 3826 γεθοῦντες
308 3727 494 3824 κοσμικῆς·
526 3725 667 3816 νενίκηκε
683 3719 756 3825 γὰρ
774 3722 794 3799 ὁ
812 3723 983 3824 Χριστός.

527 3961 552 3999 2.
571 3965 599 3998 τε
611 3953 778 4018 assumptum
791 3962 824 4000 ex
838 3945 870 4005 Ε.
