3248 5112
321 335 386 396 514
623 333 662 396 B.
686 331 897 397 CYRILLI
927 330 1212 396 ALEXANDR.
1389 323 1461 388 xiv.
1477 319 1536 388 αδ.

322 505 441 594 εἰπεῖν,
459 504 532 582 τοῖς
554 499 705 580 Παύλου
724 505 900 598 μαθηταῖς
918 497 960 578 τὸ
985 501 1080 606 αύτῷ
1106 504 1263 578 συνεῖναι
1288 491 1346 574 διά
1371 487 1535 572 παντός·

323 621 424 701 ἀλλά
452 631 611 724 κρεῖττον
640 631 690 730 τῷ
719 624 858 731 Παύλῳ
878 635 898 670 “
912 623 954 703 τὸ
983 627 1162 702 ἀναλῦσαι
1191 626 1249 702 καὶ
1277 617 1347 699 σῦν
1367 620 1539 722 Χριστῷ

323 758 345 793 “
363 743 479 840 εἶναι,”
510 747 671 850 καθάπερ
708 747 813 831 αὐτὸς
846 749 1129 844 διεβεβαιιόσατο
1165 745 1329 850 γράφων.
1365 739 1431 841 Ιἦν
1465 741 1539 818 οῦν

322 871 427 974 ἔργον
450 880 523 956 τοῖς
553 875 699 974 ἀγαπᾶν
722 874 902 971 ἑλομένοις
930 873 1048 969 αὑτὸν,
1067 872 1109 952 τὸ
1133 879 1297 974 πληροῦν
1315 869 1538 969 ἐπείγεσθαι

321 995 387 1094 τὴν
406 1000 454 1080 είς
477 997 585 1075 αὐτὸν
605 997 802 1098 ἀγάπησιν,
823 1001 879 1077 καὶ
907 997 956 1096 μὴ
982 997 1179 1077 δύσοιστον
1197 998 1249 1075 ἀεὶ
1273 999 1460 1076 ποιεῖσθαι
1489 988 1565 1069 τὸ5

321 1122 440 1204 αὐτοῖς
468 1125 525 1200 καὶ
550 1119 661 1219 μόνον
683 1119 760 1222 ἡδῦ,
782 1128 1062 1225 περιαθροῦντας
1088 1119 1126 1200 δέ
1151 1127 1297 1218 μᾶλλον
1319 1120 1378 1196 καὶ
1403 1113 1450 1194 τῦ
1478 1117 1536 1221 τῷ

292 1245 532 1352 οδιδασκάλερ
555 1245 735 1350 χρήσιμον
754 1247 995 1346 ἀπυδημοῦντι
1020 1245 1230 1352 συμφύρειν·
1260 1241 1430 1343 ἠπείγετο
1455 1237 1535 1342 γάρ

322 1377 481 1449 συνεῖναι
504 1375 668 1477 Χριστῷ.

371 1492 497 1597 Ἔχεις
527 1501 592 1573 τοῦ
624 1491 853 1598 θεωρήματος
886 1494 923 1573 ἐν
953 1499 1028 1577 τοῖς
1059 1495 1140 1574 καθ’
1172 1494 1264 1592 ἡμᾶς
1300 1487 1367 1588 τὴν
1398 1483 1529 1566 σκιάν.

322 1617 409 1726 φέρε
437 1617 481 1718 δὴ
509 1618 638 1714 τοίνυν,
663 1625 736 1697 τῶν
761 1621 818 1700 ἐπὶ
847 1623 999 1724 Χριστῷ
1026 1618 1234 1720 μυστηρίων
1261 1611 1328 1714 τὴν
1356 1610 1530 1708 δύναμιν,
1549 1641 1585 1681 10

323 1741 483 1845 καθάπερ
500 1776 534 1821 τι
553 1749 680 1846 χρῶμα
698 1741 883 1826 πολυειδὲς
901 1749 978 1826 ταῖς
997 1749 1116 1825 σκιαῖς
1134 1739 1398 1844 ἐπαλείφοντες,
1415 1733 1534 1836 αὐτὴν

324 1867 392 1966 ἤδη
410 1872 542 1971 σαφῶς
560 1867 789 1973 ἐπιδείξωμεν
807 1865 874 1965 τὴν
892 1865 1076 1964 ἀλήθειαν.
1116 1867 1154 1944 ἐν
1170 1868 1295 1968 μορφῇ
1314 1859 1386 1963 γάρ
1406 1861 1529 1962 ῦπάρ·

323 2025 399 2094 χων
417 1999 482 2070 τοῦ
505 1997 601 2071 Θεοῦ
629 1995 687 2070 καὶ
709 1988 855 2094 Πατρός
881 1990 900 2068 ὁ
926 1988 1148 2091 Μονογενὴς,
1168 1991 1225 2068 καὶ
1251 1990 1289 2066 ἐν
1311 1985 1453 2082 ίσότητι
1485 1991 1533 2087 τῇ

323 2112 414 2193 κατά
444 2121 604 2214 Πνεῦμα,
636 2115 702 2219 ούχ
731 2111 925 2217 ἁρπαγμὸν
952 2113 1118 2218 ἡγήσατο
1145 2111 1186 2192 τὸ
1215 2107 1302 2191 εἶναι
1330 2109 1395 2188 ἴσα
1425 2112 1528 2214 θεῷ,

324 2236 382 2318 διά
412 2272 451 2317 τε
479 2237 545 2337 τὴν
574 2244 622 2322 είς
656 2241 747 2337 ἡμᾶς
776 2239 975 2340 ἀγάπησιν,
1004 2238 1193 2318 κεκένωκεν
1222 2231 1348 2316 ἑαυτὸν
1377 2233 1532 2339 μορφὴν
1549 2263 1582 2321 15

157 2379 269 2437 848ss
293 2361 457 2442 οδούλου
491 2362 629 2458 λαβὼν,
661 2364 718 2440 καὶ
752 2356 890 2460 ῦπέστη
921 2395 964 2463 γε
993 2369 1100 2440 τοῦτο
1131 2361 1268 2456 παθὼν,
1295 2357 1356 2437 ἵνα
1386 2355 1531 2441 πάντας

325 2487 417 2585 ἡμᾶς
435 2484 615 2590 ἀπευθύνῃ
633 2483 724 2587 πρὸς
741 2491 867 2565 πᾶσαν
886 2485 1023 2586 εἴδησιν
1041 2487 1178 2588 ἀρετῆς,
1196 2485 1255 2565 ἵνα
1282 2478 1340 2564 διὰ
1363 2486 1429 2582 τῆς
1455 2489 1533 2561 τῶν

324 2606 517 2706 θαυμάτων
534 2609 755 2711 ἀσυγκρίτου
774 2606 1013 2714 φαιδρύτητος
1032 2607 1185 2712 θεωρούς
1209 2608 1378 2711 γενέσθαι
1402 2641 1530 2709 παρα·

323 2731 489 2838 σκευάσῃ
507 2735 571 2829 τῆς
589 2731 740 2832 ἐνούσης
760 2738 805 2839 τῇ
825 2736 902 2840 θείᾳ
927 2734 1045 2840 φύσει.
1063 2730 1244 2830 δυνάμεώς
1268 2767 1307 2812 τε
1333 2735 1392 2812 καὶ
1418 2731 1534 2838 δόξης

325 2857 383 2935 καὶ
413 2859 614 2962 ὑπερφυοῦς
642 2855 820 2963 ἐξουσίας
857 2860 950 2938 οὕτω
978 2857 1051 2962 γάρ
1078 2857 1123 2960 ἦν
1151 2860 1343 2938 ἀναπεῖσαι
1367 2853 1453 2940 τοῦς
1483 2861 1532 2941 είς
1547 2888 1582 2929 το

324 2980 483 3085 ἐσχάτην
511 2981 668 3080 ἀμαθίαν
696 2980 947 3080 ὠλισθηκότας
975 2985 1189 3088 ἀνασφῆλαι
1216 2981 1329 3062 πάλιν
1356 2987 1405 3064 είς
1439 2983 1534 3060 σύν-

324 3137 415 3202 εσιν,
443 3108 501 3185 καὶ
530 3111 747 3208 προσκυνεῖν
773 3105 840 3204 μέν
868 3105 983 3186 οῦκέτι
1014 3113 1058 3211 τῇ
1091 3105 1204 3185 κτίσει
1231 3103 1332 3208 παρά
1360 3104 1426 3184 τὸν
1449 3106 1528 3184 κτί-

326 3261 467 3338 σαντα,
480 3227 544 3308 τὸν
572 3229 609 3308 δέ
639 3233 784 3328 ἀληθῶς
813 3230 874 3308 ἕνα
902 3233 960 3310 καὶ
989 3229 1099 3332 φύσει
1129 3227 1223 3310 Θεὸν
1250 3226 1531 3334 ἐπιγράφεσθαι.

292 3350 496 3456 οώφέλησε
525 3350 562 3431 δέ
590 3355 648 3432 καὶ
676 3354 758 3432 καθ’
788 3352 924 3455 ἐτέρους
957 3352 1110 3455 τρόπους
1142 3353 1234 3451 ἡμεῖς
1267 3354 1288 3432 ὁ
1318 3353 1533 3454 Μονογενὴς

328 3475 616 3576 ἐνανθραητήσας·
657 3477 880 3582 κατέστρεφε
913 3475 984 3580 γάρ
1017 3484 1081 3556 τοῦ
1114 3475 1269 3556 θανάτου
1300 3473 1342 3555 τὸ
1379 3474 1528 3578 κράτος,
1545 3503 1579 3562 25

328 3597 503 3678 κατέλυσε
529 3603 592 3696 τῆς
618 3599 791 3701 ἁμαρτίας
815 3598 882 3699 τὴν
905 3601 1064 3699 δύναμιν,
1088 3601 1238 3680 δέδωκεν
1259 3601 1344 3700 ἡμῖν
1363 3609 1384 3646 “
1403 3609 1533 3680 πατεῖν

328 3733 350 3770 “
369 3720 487 3802 ε’πάνω
517 3721 635 3828 ὄφεων
660 3727 716 3801 καὶ
745 3727 940 3826 σκορπίων,
966 3729 1024 3804 καὶ
1051 3727 1109 3805 ε’πὶ
1137 3731 1263 3805 πᾶσαν
1288 3725 1354 3824 τὴν
1378 3725 1533 3824 δύναμιν

329 3858 350 3895 “
369 3855 433 3926 τοῦ
450 3847 609 3950 ἐχθροῦ.”
639 3845 683 3948 ἦν
702 3848 764 3926 οῦν
783 3848 854 3951 ἀρα
879 3853 938 3928 καὶ
961 3849 1044 3928 λίαν
1063 3847 1205 3932 εἰκότως
1224 3848 1308 3948 ἡμῖν
1325 3846 1392 3948 μέν
1411 3851 1533 3934 αὐτοῖς

328 3969 350 4071 ἢ
379 3974 437 4051 καὶ
464 3977 537 4054 τοῖς
566 3973 679 4074 ἁγίοις
706 3978 884 4071 μαθηταῖς
913 3972 979 4070 ἡδύ
1006 4008 1044 4053 τε
1073 3976 1130 4052 καὶ
1160 3973 1282 4079 φίλον,
1308 3975 1367 4052 καὶ
1394 3973 1532 4056 παντὸς

328 4096 432 4202 ἀξιον
463 4094 587 4197 λόγου,
616 4093 659 4175 τὸ
696 4103 855 4177 συνεῖναι
888 4096 945 4176 διά
977 4095 1113 4180 παντὸς
1145 4102 1197 4202 τῷ
1230 4095 1416 4176 τοσούτων
1447 4097 1531 4195 ἡμῖν
1544 4127 1577 4182 30

329 4223 476 4320 ἀγαθοῖν
493 4223 614 4323 δοτῆρι
635 4225 797 4327 Χριστῷ,
816 4220 1057 4324 συμπαρόντα
1082 4255 1121 4300 τε
1146 4224 1198 4300 ἀεὶ
1224 4222 1283 4300 καὶ
1311 4221 1528 4299 συνδιαιτώ-

338 4554 344 4572 ,
367 4499 390 4554 7.
415 4487 544 4556 χρήσιμον
562 4487 733 4556 ἀποδημοῦντι
758 4489 903 4560 συμφέρειν
924 4487 1045 4560 ἠπείγετο
1068 4492 1119 4572 γὰρ
1141 4489 1173 4544 Ε.
1195 4491 1370 4560 ἀποδημοῦντα
1393 4491 1530 4562 σνμφίροτ

330 4557 479 4626 επείγεσθοι
493 4557 543 4611 Ed.
628 4575 667 4624 14.
687 4557 804 4631 Πνεῦμα]
820 4559 977 4631 [egendum
991 4566 1033 4628 (ut
1045 4561 1119 4630 ahbl)
1131 4565 1191 4616 πᾶν.
1278 4560 1319 4616 16.
1338 4563 1432 4616 παθεῖν
1448 4563 1477 4616 Ε.
