3274 5118
324 321 390 388 592
629 324 669 392 Β.
693 321 906 390 CYRILLI
935 323 1226 391 ALEXANDR.
1415 343 1475 388 xv.
1492 340 1546 389 20·

325 483 414 566 όταν
446 486 514 592 οὐχ
547 486 641 587 ἡδεῖς
672 494 748 572 τοῖς
779 489 1067 591 νουθετουμένοις
1097 495 1131 572 οἱ
1162 489 1246 594 παρ’
1280 488 1404 572 αὐτοῖς
1439 487 1542 590 εῦρί-

325 643 488 691 σκωνται
510 609 630 714 λόγοι,
658 610 922 713 συμβαίνοντός
946 647 986 695 τε
1009 611 1102 718 πρῖις
1124 615 1240 723 τούτῳ
1264 617 1324 694 καὶ
1352 621 1421 693 τοῦ
1447 611 1542 692 διιό-

158 749 228 804 899
239 747 279 804 A·
297 740 466 832 twaat,
479 732 531 835 μὴ
549 738 833 842 παραδεχθέντος
851 736 933 820 ἐσθ’
949 737 1009 820 ὅτε
1026 747 1091 820 τοῦ
1107 737 1233 839 λόγου,
1247 739 1428 840 εὐτρεπεῖς
1446 733 1543 816 εἶναι

325 859 385 938 καὶ
412 857 504 963 πρὸς
530 867 645 942 ταῦτα
672 861 757 941 λίαν
785 863 935 967 εὐχερεῖς
963 865 1023 944 καῖ
1052 861 1247 967 προθύμως
1277 863 1336 942 καὶ
1364 866 1542 944 νεανικῶς

325 983 576 1065 διακελεύεται.
624 985 820 1088 προμηνύει
853 984 891 1068 δέ
923 987 1049 1091 ὥσπερ
1080 985 1201 1087 πάντη
1230 988 1357 1068 τεκαὶ
1385 984 1571 1070 πάντως5

323 1106 505 1207 ἐσομένων
547 1107 606 1190 διὰ
652 1107 719 1209 τὴν
761 1116 835 1191 τιῦν
877 1109 1091 1210 μελλόντων
1133 1107 1540 1214 παιδαγωγηθῆσεσθαι

156 1233 280 1314 ΨΜ·
324 1232 538 1337 μοχθηρίαν.
589 1241 695 1314 τοῦτο
723 1231 761 1314 δέ
786 1237 845 1314 καὶ
872 1237 910 1316 ἐν
937 1235 1069 1339 ἑτέροις
1095 1233 1226 1338 ἐδήλου
1253 1235 1373 1338 λέγων
1397 1244 1422 1281 “
1437 1235 1538 1314 Οὐαὶ

155 1315 226 1352 xvm.
238 1301 262 1356 7.

325 1365 347 1405 “
364 1361 417 1464 τῷ
444 1354 572 1466 κόσμῳ
599 1355 672 1439 ἀπὸ
698 1365 772 1438 τῶν
800 1356 1029 1440 σκανδάλων·
1067 1360 1206 1463 ἀνάγκη
1235 1357 1308 1463 γάρ
1338 1360 1460 1438 ἐλθεῖν
1490 1357 1538 1439 τά

325 1489 347 1529 “
365 1477 591 1562 σκάνδαλα.”
636 1485 815 1581 οῖκονομεῖ
847 1481 886 1562 δέ
920 1487 1101 1590 πανταχῆ,
1130 1482 1177 1564 τά
1209 1484 1292 1564 καθ’
1330 1479 1460 1562 ἑαυτὸν
1498 1485 1537 1560 ἐν

323 1603 440 1714 τούτιρ
467 1603 713 1710 παραδεικνῦς,
736 1606 795 1686 ἵνα
821 1605 872 1708 μὴ
899 1605 1070 1710 μειζόνων
1092 1607 1281 1714 ἐφιέμενοι,
1305 1605 1389 1687 καθ’
1409 1606 1536 1708 ἕτερον
1553 1638 1588 1678 ιο

289 1727 460 1832 δτρόπον
477 1731 767 1834 ἀσχημονοῦντες
792 1732 1027 1830 ἁλίσκωνται,
1047 1731 1133 1812 ἀλλ’
1153 1729 1277 1836 ὥσπερ
1301 1731 1346 1839 ἐξ
1368 1728 1536 1833 ἀνάγκης

323 1851 475 1934 κατόπιν
492 1857 557 1953 τῆς
574 1861 639 1934 τοῦ
660 1855 796 1959 Κυρίου
818 1855 1004 1952 βαίνοντες
1028 1855 1137 1964 δόξης
1161 1853 1204 1937 τὸ
1227 1851 1279 1954 μὴ
1306 1853 1395 1958 ῦπέρ
1420 1853 1534 1936 αὐτὸν

323 1978 493 2078 γενέιτθαι
520 1977 766 2082 σπουδάζωσι·
792 1976 835 2061 τό
862 1977 930 2080 μέν
952 1979 1016 2060 οὖν
1038 1977 1358 2080 ἀτιμασθήσεσθαι
1384 1977 1535 2062 πάντως

323 2100 451 2186 αὐτούς
479 2101 715 2202 ὑποσημαίνει
742 2100 860 2205 λέγων
886 2108 965 2184 Οὐιι
993 2103 1063 2184 ἐστι
1092 2098 1211 2190 θούλος
1237 2099 1318 2210 ύπῖρ
1344 2099 1398 2184 τόν
1429 2101 1532 2210 κύριοι

322 2227 436 2308 αὐτοῦ.
474 2225 536 2326 ἐμέ
557 2223 641 2330 γὰρ,
655 2229 787 2334 φησὶν,
805 2228 968 2336 ἀχαλίνῳ
992 2224 1057 2327 μέν
1076 2225 1345 2332 κατεκρότησαν
1362 2225 1526 2332 γλώττῃ,
1544 2247 1579 2309 ¹5

323 2348 504 2453 λοιδορίας
535 2349 672 2455 τρόπον
700 2350 974 2452 ἀνεπιτήδευτον
1004 2354 1068 2434 οὐκ
1102 2351 1253 2461 ἀφέντες
1290 2357 1324 2432 οἱ
1360 2353 1527 2449 δείλαιοι,

324 2477 549 2571 δαιμονῶντα
585 2477 644 2555 καὶ
679 2472 838 2575 μέθυσον
877 2478 937 2557 καὶ
977 2476 1142 2580 πορνείας
1181 2475 1335 2557 ἐκάλουν
1372 2469 1526 2580 καρπόν.

324 2597 409 2675 ἀλλ’
442 2596 507 2677 οὐκ
544 2596 687 2702 ἐζήτουν
719 2603 941 2706 παραχρῆμα
974 2598 1038 2686 τάς
1075 2583 1186 2699 δίκας,
1219 2601 1304 2680 ἀλλ’
1336 2598 1417 2680 οὐδὲ
1448 2607 1529 2685 ταῖς

324 2720 409 2822 παρ’
438 2721 556 2801 αὐτῶν
588 2723 781 2826 λοιδορίαις
812 2726 1057 2829 καταδηχθεῖς,
1088 2722 1153 2804 τὸν
1183 2727 1258 2806 τοῖς
1290 2723 1528 2826 ἀκροωμένοις

293 2842 505 2946 οσωτήριον
523 2845 716 2954 ἀνέκαμψα
740 2845 865 2949 λόγον.
906 2849 1034 2928 οὐκοῦν
1051 2845 1102 2948 μὴ
1126 2847 1300 2952 ζητείσθω
1323 2847 1407 2949 παρ’
1427 2849 1528 2944 ὐμιῦν
1544 2875 1581 2915 ²0

323 2963 367 3048 τό
393 2967 510 3074 μεῖζον
532 2969 696 3074 ἀκαίρως,
716 2969 807 3072 μηδὲ
833 2977 906 3052 τῶν
930 2979 995 3051 τοῦ
1023 2969 1159 3074 Κυρίου
1186 2967 1528 3073 κατασοβαρεύεσθε

322 3093 473 3199 μέτρων,
489 3093 580 3199 πρὸς
598 3095 779 3196 τοσαύτην
798 3092 925 3176 ἑαυτὸν
943 3096 986 3174 δι’
1007 3095 1100 3195 ἡμᾶς
1119 3092 1437 3191 καταβιβάσαντος
1458 3089 1528 3194 τὴν

322 3218 551 3318 ταπείνωσιν,
571 3218 630 3300 διὰ
656 3219 698 3300 τὸ
726 3227 820 3301 πᾶσι
843 3218 1044 3303 λυσιτελές.
1081 3219 1208 3299 οὐκοῦν
1232 3218 1395 3320 ἀμείνους
1420 3217 1526 3322 ἐργό-

323 3339 417 3444 ζεται
446 3347 505 3423 καῖ
537 3347 601 3444 τῆς
633 3347 672 3425 ἐν
698 3341 822 3448 λόγοις
854 3342 1105 3447 σκληρότητος
1137 3345 1196 3426 καὶ
1226 3345 1291 3442 τῆς
1317 3348 1391 3422 τῶν
1417 3347 1526 3448 φιλο-

323 3470 456 3572 φογεῖν
477 3465 654 3548 εἰωθότων
676 3467 920 3570 ἀνοσιότητος,
939 3465 1103 3570 καθάπερ
1130 3462 1257 3566 ἀμέλει
1280 3467 1340 3546 καὶ
1365 3467 1385 3546 ό
1410 3465 1524 3562 μακά-
1540 3495 1577 3558 ²5

323 3623 399 3692 ριος
421 3589 610 3697 προφήτης
628 3593 797 3694 Ἱερεμίας
821 3590 913 3696 πρὸς
937 3587 1026 3671 αὐτδ
1045 3588 1090 3692 δὴ
1109 3598 1214 3672 τοῦτο
1231 3588 1526 3694 γεγυμνασμένος

153 3722 241 3839 5123
242 3823 248 3838 Ι
323 3711 447 3816 ἐ’λεγεν
465 3725 487 3762 “
500 3715 551 3794 ‘H
576 3713 681 3820 ἰσχύς
708 3751 778 3816 μου
806 3715 971 3824 ἐξέλιπεν
993 3718 1031 3796 ἐν
1056 3722 1129 3800 τοῖς
1156 3712 1416 3820 καταρωμένοις
1442 3714 1524 3810 με.”

288 3869 310 3935 d
322 3837 489 3942 μειζόνως
515 3835 629 3940 γεμὴν
657 3840 677 3918 ὁ
705 3840 898 3925 θεσπέσιος
926 3845 1076 3925 Παῦλος
1104 3835 1318 3945 διαλάμψας
1344 3839 1382 3917 ἐν
1409 3837 1522 3944 αὐτῷ,

323 3965 382 4043 καὶ
419 3959 518 4045 πολύ
555 3963 790 4065 καταθλήσας
827 3966 891 4063 τῆς
928 3971 1001 4044 τιῦν
1039 3959 1255 4066 ὑβριζόντων
1291 3959 1526 4060 ἀνοσιότητος

157 4097 234 4148 ¹⁰⁰¹·
323 4097 345 4134 “
359 4087 646 4193 Λοιδορούμενοι,
672 4093 798 4196 φησὶν,
826 4090 1056 4192 εὐλογοῦμεν,
1085 4083 1380 4193 δυσφημούμενοι
1406 4117 1525 4186 παρα-
1539 4109 1578 4167 ³0

154 4177 236 4292 {vi-m
322 4221 344 4260 ‘⁴
363 4213 577 4313 καλοῦμεν.”
617 4211 660 4292 τὸ
691 4211 756 4312 μέν
786 4211 858 4316 γὰρ
890 4219 963 4293 τῶν
992 4210 1163 4294 τοιούτων
1192 4205 1525 4290 κατανεανιεύεσθαι

359 4515 383 4555 1.
401 4499 569 4570 εὑρίσκονται
582 4499 614 4556 Ε.
627 4499 788 4570 εὑρίσκονται
802 4497 853 4554 Ed.
1042 4513 1067 4554 ν.
1080 4495 1225 4553 διόκεσθαι
1238 4494 1269 4552 Ε.
1283 4493 1455 4550 διαπυθέσθαι
1470 4487 1521 4548 Ed.

322 4581 366 4641 27.
385 4569 567 4642 κατορομένοις
580 4569 612 4624 Ε.
