3184 5104
391 310 454 374 118
691 311 731 376 Β.
755 310 963 404 CYRILLI
993 309 1283 376 ALEXANDR.
1452 309 1485 373 vi

390 473 457 574 τὴν
473 476 710 582 ὀφειλομένην
728 482 773 582 τῇ
792 476 870 583 θείᾳ
889 474 1000 582 φύσει
1017 473 1123 576 τιμήν
1141 509 1180 555 τε
1199 477 1257 556 καὶ
1278 472 1391 581 δόξαν
1409 477 1457 558 εἱς
1479 511 1485 552 ι

391 598 516 702 ὥσπερ
534 598 776 703 περιτλοίσας.
816 607 923 680 τοῦτο
944 597 1015 704 γὰρ
1039 605 1114 683 τοῖς
1138 599 1330 699 δαιμονίοις
1348 597 1441 694 ἔθος,
1463 599 1485 676 εί

392 723 455 802 οῦν
474 725 532 802 καὶ
551 725 589 803 ἐν
608 723 739 827 ἑτέροις
756 721 952 828 εἰρήκαμεν.
983 730 1107 803 νοοῦσι
1126 721 1164 802 δὲ
1182 730 1255 803 τῶν
1273 721 1460 825 ὁρωμένων
1477 755 1485 800 τ

392 841 504 945 οὐδέν,
519 844 599 928 οὐδὲ
616 845 680 926 τὸν
698 848 736 926 ἐν
753 852 799 952 τῇ
818 846 1021 952 ἀνθρωπεία
1043 849 1152 948 σαρκὶ
1171 845 1267 926 Θεὸν
1280 842 1402 947 Λόγον
1420 847 1485 946 ἐπι]

387 1003 557 1068 σκουσιν,
586 970 670 1050 ἀλλ’
696 969 776 1050 οὐδὲ
802 969 924 1075 βραχύ
955 1003 990 1049 τι
1023 975 1096 1050 τῶν
1123 975 1341 1066 σωματικῶν
1368 967 1432 1048 τὸν
1463 1001 1485 1046 ο.

358 1093 640 1198 ἆάνοχλίζοντες
660 1101 754 1192 νοῦν,
773 1090 951 1194 μόνοιςδέ
975 1099 1049 1178 τοῖς
1070 1093 1235 1194 ἐπιγείοις
1257 1089 1485 1198 ε’μπήξαντες,

393 1213 486 1314 μόνα
504 1216 725 1324 στρέφονται
743 1214 790 1296 τὰ
807 1218 925 1322 χείρω,
945 1218 1056 1324 ἁφαῖς
1075 1217 1333 1298 ὑποπίπτοντα.
1375 1213 1433 1295 διὰ
1457 1249 1485 1292 τι

395 1345 429 1420 αἱ
463 1337 615 1425 τιίλανες
650 1340 948 1445 σκανδαλίζονται
985 1338 1052 1440 τὴν
1088 1340 1219 1438 αι’τίαν,
1258 1341 1318 1419 καὶ
1353 1342 1485 1445 φευδορ

394 1462 528 1544 οἴονται
555 1461 621 1565 τὴν
646 1463 827 1565 ἀλήθειαν,
845 1465 1011 1544 τουτέστι
1039 1462 1213 1567 Χριστὸν,
1235 1461 1337 1542 ἀλλὰ
1364 1465 1422 1542 καὶ
1449 1465 1485 1560 τι]

395 1591 479 1693 Θεῷ
506 1586 716 1690 πρεπούσης
743 1589 1020 1690 κατεπαίρεσθαι
1048 1586 1156 1694 δόξης
1184 1583 1485 1686 ὑπολαμβάνουσι

395 1709 470 1808 τὸν,
507 1712 574 1816 οὐχ
608 1709 706 1796 ὅπως
741 1709 783 1792 τὸ
820 1713 858 1792 έν
892 1711 957 1818 ’ίση
994 1709 1095 1818 τάξει
1132 1715 1314 1790 τεθεῖσθαι
1355 1714 1406 1816 τῷ
1447 1743 1485 1788 πι

396 1842 584 1946 κρατοῦντι
621 1832 914 1940 καταδεχόμενον,
942 1835 1028 1916 ἀλλ’
1057 1835 1126 1936 ἤδη
1158 1831 1277 1938 μεῖζόν
1305 1867 1340 1914 τι
1374 1839 1485 1938 φρονο

396 1960 455 2038 καὶ
486 1957 663 2038 δύνασθαι
694 1956 937 2063 λογιζόμενον,
965 1957 987 2060 ἢ
1021 1961 1079 2039 καὶ
1112 1957 1260 2061 δράσειν
1291 1955 1485 2061 ῦπισχνοόρ

396 2081 484 2185 ὅπερ
521 2083 585 2162 οῦκ
618 2081 769 2186 ἔδρασεν
801 2085 822 2162 ὁ
858 2081 952 2167 Θεὸς
987 2085 1045 2162 καὶ
1079 2080 1222 2184 Πατήρ.
1275 2081 1313 2160 τί
1345 2078 1416 2184 γὰρ
1455 2077 1485 2160 δι’

367 2205 633 2311 θάσχυίλλουσι
658 2205 823 2287 τεθνάναι
848 2205 1014 2308 λέγοντες
1030 2203 1200 2313 Ἀβραῖιμ
1218 2209 1275 2286 καὶ
1300 2203 1383 2288 τοῦς
1406 2239 1485 2314 πριη

397 2338 461 2409 τοῦ
485 2327 529 2428 δὴ
554 2329 660 2434 χάριν
676 2327 768 2432 πρὸς
793 2327 999 2433 ἀνατροπὴν
1017 2335 1090 2408 τῶν
1108 2336 1173 2408 τοῦ
1196 2333 1363 2432 Σωτῆροὲ
1390 2325 1485 2430 λόγω

396 2459 469 2558 τῶν
488 2452 599 2554 ἁγίων
617 2450 855 2557 προΐσχονται
875 2449 1040 2551 θάνατον,
1053 2448 1253 2532 ἀκόλουθον
1272 2454 1436 2532 κατιδεῖν.
1468 2486 1485 2530 ο

397 2571 556 2655 τοιοῦτόν
575 2609 610 2653 τι
627 2573 824 2670 βούλονται
843 2577 977 2675 δηλοῦν
997 2576 1056 2655 Οῦ
1078 2573 1324 2680 διεψεῦσμεθα
1346 2575 1485 2676 λέγοντι

397 2695 580 2798 δαιμόνιον
598 2697 698 2802 έχεις,
716 2699 758 2778 οῦ
776 2697 918 2802 μακρὰν
935 2705 1008 2778 τῶν
1027 2697 1218 2802 εἰρημένων
1236 2699 1258 2798 ἡ
1285 2695 1478 2805 ἀπόδειξις.

400 2820 469 2924 γὰρ
494 2823 553 2900 καὶ
577 2819 685 2902 αὐτὸν
708 2823 965 2926 ῦπεραλεῖσθαι
988 2820 1053 2902 τὸν
1071 2821 1167 2903 Θεὸν
1190 2819 1378 2927 ε’παγγίλη
1403 2829 1477 2906 τοῖς

337 2970 347 2986 ’
399 2983 501 3048 μασι,
521 2951 580 3028 καὶ
598 2953 796 3050 κατορθοῦν
814 2947 970 3032 εὐκόλως
990 2946 1157 3053 ίσχῦσειν
1176 2945 1200 3028 ἃ
1221 2946 1271 3049 μὴ
1291 2945 1458 3048 δέδρακεν
1476 2979 1485 3024 ι

234 3090 348 3148 um.
371 3070 567 3182 υἈβραῦιμ
594 3070 658 3171 μέν
689 3070 759 3175 γὰρ
795 3077 855 3152 καὶ
890 3081 917 3152 οἱ
950 3069 1132 3178 προφῆται,
1165 3072 1279 3151 καίτοι
1310 3069 1375 3150 τὸν
1407 3077 1471 3150 τοῦ

399 3197 621 3300 τηρήσαντες
639 3195 763 3298 λόγον,
778 3202 850 3280 τοῖς
869 3197 933 3294 τῆς
952 3193 1098 3300 φύσεως
1117 3191 1237 3292 νόμοις
1255 3196 1319 3274 οῦκ
1336 3194 1485 3296 ἀντειρήι

400 3322 484 3399 ἀλλ’
503 3318 701 3420 ε’κλίθησόν
719 3354 757 3398 τε
784 3322 842 3399 καὶ
867 3317 1102 3400 πεπτώκασιν
1121 3324 1169 3403 είς
1188 3317 1252 3398 τὸν
1269 3315 1389 3397 κοινὸν
1408 3315 1453 3416 δὴ
1472 3351 1485 3396 τ

399 3450 463 3522 τοῦ
499 3443 669 3540 σώματος
704 3439 872 3523 θάνατον·
932 3439 1008 3522 εἶτα
1040 3439 1091 3520 σῦ
1124 3438 1197 3550 φῂς
1231 3440 1412 3543 ἄγευστον
1448 3440 1485 3518 ἕο

399 3573 462 3646 τοῦ
490 3561 629 3645 θαιιίτιυ
653 3571 841 3649 παντελῶς
870 3563 934 3645 τὸν
961 3571 1034 3646 τῶν
1056 3565 1157 3670 παρὰ
1185 3573 1256 3645 σοῦ
1283 3565 1433 3673 φιίλακα
1461 3577 1487 3643 λ

398 3693 475 3772 πῶς
503 3688 566 3768 οῦν
590 3688 655 3767 οῦκ
681 3688 813 3788 ἀμείνω
842 3691 937 3794 φησὶ
964 3693 1038 3768 τῶν
1060 3687 1192 3769 ἐκείνου
1217 3686 1264 3768 τὸ
1286 3686 1362 3783 σάς
1394 3689 1414 3766 ὁ
1442 3687 1480 3767 δὲ

436 3925 461 3964 2.
474 3908 639 3979 περικλάσας
650 3905 775 3962 emendat
786 3906 886 3980 Heyse.
899 3908 1059 3977 περιπλάνας
1069 3907 1102 3964 13.
1114 3930 1147 3963 πε
1165 3911 1275 3980 ιιτλιινᾷς
1288 3907 1381 3964 Holst.
1392 3908 1444 3964 Ed.

399 4001 488 4053 γοντες
500 3977 750 4034 emendaviteCat.
762 3987 794 4032 ut
806 3977 861 4033 vid.
873 3977 946 4033 Aub.
958 3977 1085 4051 λέγουσιν
1098 3978 1131 4033 B.
1175 3989 1195 4034 t.
1262 3980 1303 4034 καὶ
1318 3980 1379 4036 τοὺς
1394 4002 1414 4034 ιτ
1432 3979 1485 4050 οφὴ

399 4051 459 4108 τοῦς
470 4048 582 4120 πατέρας
594 4047 635 4103 καί
647 4049 706 4105 τοῦς
717 4047 855 4118 προφήτας
868 4047 930 4112 Ed„
943 4048 989 4103 ned
1002 4059 1034 4104 ut
1045 4049 1153 4105 videtur
1167 4067 1217 4121 per
1230 4067 1348 4104 errorem
1361 4049 1402 4105 Co
1424 4051 1470 4105 'eis

399 4120 528 4176 ditionem
541 4118 639 4175 menda
650 4137 700 4174 sua
712 4119 877 4208 cumgentin.
890 4120 932 4173 καὶ
944 4120 1004 4178 τοὺς
1015 4119 1129 4202 πατέρας
1141 4119 1240 4175 desunt
1252 4121 1280 4174 in
1293 4139 1317 4174 ιι.
1476 4137 1485 4175 1

399 4191 545 4262 ἀνατροπὴν
557 4189 616 4245 Ba.
629 4211 852 4261 προσανατρεπειν
865 4189 916 4244 Ht.
930 4189 983 4247 Ed.
1020 4190 1117 4246 Statlm
1129 4193 1304 4262 τῶν-λόγων
1315 4190 1376 4246 B.a.
1391 4191 1451 4246 Cat.
1466 4191 1485 4246 H

399 4262 517 4331 -λθγον
531 4261 580 4314 Ht.
588 4259 640 4315 Ed.
773 4261 814 4315 18.
833 4259 959 4322 βούλεται
971 4278 996 4316 a.
1130 4277 1171 4333 19.
1190 4259 1273 4333 ἔχεις]
1290 4267 1320 4326 -ί-
1334 4262 1470 4317 τουτέστιν
1482 4287 1485 4312 ι

399 4333 510 4388 σεαυτὸν
521 4333 612 4395 ποιεῖς,
624 4330 670 4400 τὴν
687 4331 782 4401 ὀφιιλο
808 4330 816 4348 ’
846 4332 913 4403 ντφ
933 4334 990 4403 θεῷ
1008 4333 1083 4400 τιμὴν
1098 4331 1136 4388 είς
1153 4333 1245 4387 ἑαυτὸν
1260 4332 1432 4401 μετατιθείςυ
1449 4332 1485 4386 Ca

399 4399 472 4455 Aub.
485 4409 512 4454 et
523 4401 560 4455 ita
572 4417 596 4454 a.
632 4400 722 4455 Verba
734 4353 901 4457 autemzaeo
913 4418 927 4455 ο
939 4418 1020 4472 supra
1032 4402 1185 4472 importavit
1197 4402 1319 4458 Niketau.
1394 4421 1436 4458 το.
1450 4404 1485 4458 ε’τ.

400 4469 504 4596 Μὲχυο.
585 4485 629 4536 24.
648 4469 709 4540 ίκλίη
744 4493 795 4554 αρν
808 4471 840 4526 Β.
854 4471 1160 4560 έκλίθησυνοωρρδαςὶῑ
1174 4472 1246 4556 Ηῑ.Ι
1307 4487 1350 4546 27.
1369 4473 1419 4547 αδ]
1437 4475 1485 4538 -Η

398 4558 413 4595 ε
465 4547 488 4596 t.
501 4539 578 4596 Harl.
591 4549 623 4594 ut
634 4539 746 4596 adnotat
758 4558 816 4612 ιρις
827 4542 900 4596 Aub.
949 4543 1016 4597 Θεὸν
1028 4541 1056 4598 δε
1069 4559 1178 4599 ιυνετεο
1189 4543 1284 4600 οτδιιιο
1296 4563 1320 4600 a.
