3200 5092
75 335 241 422 'fii-3924&
286 339 348 405 IN
382 343 419 408 S.
447 345 719 412 JOANNEM.
766 347 861 412 LIB.
878 349 920 412 V.
966 347 1068 412 CAP.
1086 347 1126 410 V.
1231 348 1273 410 79

73 503 178 584 τείιοις
205 501 382 612 Ἃβμιάμ
418 507 711 616 κατατετάχθαι,
744 509 851 611 τιμὴν
883 507 971 591 εἶναι
1007 509 1073 611 τὴν
1104 507 1304 590 ἀνωτάτωΘ

71 625 318 726 πεπιστεύκατε,
337 629 428 717 τοῦς
455 635 600 716 ἐκείνου
625 633 838 738 σπουδάζειν
856 632 1162 736 ἀπομιμήσασθαι
1186 633 1271 736 τρό-

72 781 154 831 ποις·
181 753 247 832 εδει
271 764 340 836 τοῦ
366 759 567 860 προγόνου
591 758 659 858 τὴν
677 760 891 867 ἀξιέραστον
910 766 1113 865 ίχνηλατεῖν
1131 757 1272 862 ἀρετὴν,

72 875 126 952 εδει
140 873 225 976 τρῦς
241 881 388 966 τούτοις
408 883 486 982 τὴν
505 885 706 964 εὐπείθειαν
724 883 855 986 ζηλοῦν
874 887 933 963 καὶ
951 887 1107 986 ἀγαπᾶν.
1141 883 1274 981 ἤκουσε

50 1007 123 1078 ὅταν
145 1006 236 1082 θεοῦ
263 1004 457 1108 λε’γοντος
479 1005 678 1114 “Ἔξελθε
706 1011 745 1088 ἐκ
772 1012 836 1108 τῆς
862 1012 930 1110 γῆς
958 1041 1029 1087 σου
1059 1009 1118 1086 καὶ
1144 1009 1182 1086 ἐκ
1210 1010 1275 1106 τῆς

74 1127 303 1228 “σνγγενείας
329 1165 424 1228 σου,
447 1135 511 1212 καὶ
537 1137 641 1235 δεῦρο
666 1136 715 1216 εἰς
737 1131 804 1232 τὴν
827 1137 897 1234 γῆν
918 1129 964 1231 ἣν
982 1131 1028 1210 ἀν
1046 1165 1107 1210 σοι
1134 1129 1273 1237 δείξω.”

72 1253 117 1328 ταὶ
139 1253 330 1352 μελλήσας
362 1255 479 1335 ούδέν
503 1259 586 1357 περὶ
614 1254 774 1356 τὴντῶν
797 1255 1116 1362 χρηματισθένπων
1138 1251 1273 1352 ἐκπλή-

72 1405 180 1472 ρωσιν,
197 1383 445 1482 παραχρῆμα
462 1377 530 1478 μέν
549 1383 613 1478 τῆς
631 1379 846 1481 ἐνεγκούσης
867 1379 989 1486 ἐξέθει,
1008 1377 1075 1478 τὴν
1093 1376 1130 1458 δέ
1155 1381 1271 1457 ἀλλο·

72 1497 156 1596 τρίσν
172 1500 234 1580 οῦκ
258 1500 374 1585 εἰδὼς
401 1501 724 1600 καταλαμβάνεται
746 1511 811 1583 τοῦ
828 1501 1104 1609 προστάξαντος
1124 1504 1271 1602 ἐπιθαρ-

37 1617 178 1718 warjans
208 1631 350 1728 φειδοῖ.
408 1629 471 1706 ἐπὶ
504 1626 627 1732 νύσσῃ
659 1625 697 1707 δέ
730 1610 856 1730 ὥσπερ
893 1628 983 1732 αὐτῇ
1022 1623 1179 1727 γεγονὼς
1211 1633 1304 1705 τοῦα
1324 1649 1441 1706 σενα.

73 1746 154 1842 βίον,
173 1751 231 1826 καὶ
255 1749 474 1830 ἑκατοστόν
492 1785 565 1831 που
581 1751 716 1853 τρίβων
734 1749 905 1846 ἐνιαυτὸν,
923 1749 1077 1849 ἤκουσεν
1097 1748 1151 1828 ὅτι
1173 1747 1276 1828 ἐσται
1320 1751 1435 1879 (gom.

72 1901 123 1946 σοι
145 1873 315 1975 σπερμα·
368 1877 429 1954 καὶ
458 1875 536 1954 κατ’
565 1875 666 1955 οῦδέν
693 1875 892 1972 ἐνδοιάσας,
921 1872 1056 1977 θερμὴν
1083 1874 1197 1953 ἐδίδου
1224 1879 1276 1981 τῷ

1319 1001 1383 1052 Gen.
1393 1004 1435 1054 xii.

1322 1081 1344 1118 1.

73 2001 229 2076 λαλοῦντι
256 1997 338 2096 τὴν
368 2000 509 2096 πίστιν,
537 1999 579 2078 ού
607 2004 653 2104 τῇ
681 2003 745 2098 τῆς
775 1997 911 2102 σαρκὸς
938 1999 1106 2106 ἀσθενείᾳ
1134 2031 1272 2099 προσε-

73 2118 213 2220 umbe,
255 2122 371 2202 ἀλλὰ
411 2119 479 2222 τὴν
516 2131 580 2202 τοῦ
617 2123 907 2228 χρηματίσαντος
943 2121 1116 2223 ἐννοήσας
1152 2121 1273 2226 ἰσχύν.

38 2241 213 2336 ’Ξῆκαισεν
243 2253 300 2332 εἷς
336 2248 474 2326 θυσίαν
501 2249 680 2328 ἀναθεῖναι
707 2253 759 2354 τῷ
787 2253 870 2354 Θεῷ
901 2245 964 2326 τὸν
990 2245 1189 2348 ἀγαπητὸν,
1218 2248 1277 2326 καὶ

74 2373 134 2444 *ὧν
149 2373 213 2464 τῆς
242 2369 405 2478 φύσεως
428 2368 532 2454 εύθῦς
557 2371 814 2474 κατηγωνίζετο
838 2370 972 2468 πόθων,
992 2371 1158 2475 δευτέραν
1175 2372 1273 2450 ἐποι-

74 2496 133 2569 εῖτο
155 2497 222 2592 τῆς
252 2495 358 2580 θείας
383 2497 534 2594 ἐντολῆς
558 2493 623 2595 τὴν
641 2499 698 2576 ἐπὶ
721 2501 772 2600 τῷ
798 2497 973 2604 νεανίσκῳ
996 2494 1274 2602 φιλοστοργίαν.

73 2621 136 2694 τᾶν
152 2618 189 2699 δὲ
208 2619 364 2704 τούτοις
382 2621 422 2698 ἐν
442 2621 524 2718 ύμῖν
542 2619 695 2720 εὑρίσκω
719 2617 761 2698 τὸ
786 2619 955 2698 ἐναντίον·
986 2623 1186 2698 ἀποκτεῖναι
1206 2617 1278 2720 γάρ

74 2773 110 2837 με
144 2743 281 2850 ζητεῖτε’
306 2749 441 2848 φησιν,
468 2741 524 2822 ὅτι
556 2742 745 2838 λελάληκα
775 2747 849 2848 ὑμῖν
878 2740 924 2822 τά
957 2740 1055 2848 napi
1088 2745 1144 2821 τοῦ
1177 2745 1275 2822 Θεοῦ·

37 2867 155 2946 ιοτιῦτι
183 2865 371 2972 Ἀβραάμ
401 2873 459 2948 οῦκ
487 2869 646 2960 ἐποίησιν.
695 2868 737 2946 ού
767 2868 839 2969 γὰρ
868 2865 1039 2973 ἐξύβρισε
1069 2873 1147 2949 ταῖς
1176 2865 1313 2946 dvm-b

74 2989 171 3075 θείαις
198 2991 269 3072 τὸν
299 2989 526 3090 λαλήσαντα
553 2990 643 3093 πρὸς
670 2990 791 3088 αῦτὸν,
816 2991 880 3070 οῦκ
907 2987 1060 3091 ἐζήτησέ
1083 3024 1118 3068 τι
1146 2988 1278 3092 δράσαι

76 3119 138 3194 νῦν
155 3115 383 3196 λυπούντων
400 3115 520 3195 αὐτόν.
562 3122 639 3198 πῶς
657 3115 720 3194 οῦν
738 3114 789 3194 ἐτι
808 3113 908 3194 τιίινα
925 3116 980 3194 τοῦ
998 3111 1168 3220 Ἀβραάμ
1185 3113 1278 3211 ἐστέ,

76 3249 246 3319 τοσοῦτον
265 3243 336 3337 τῆς
354 3240 489 3318 ἐκείνου
507 3237 693 3344 φιλοθείας
715 3235 1037 3344 ἀποφοιτήσαντες,
1058 3237 1148 3318 ὅσον
1166 3237 1187 3336 ἡ
1207 3243 1280 3316 τῶν

76 3363 213 3462 τρόπων
242 3361 399 3442 δεικνύει
429 3361 608 3470 διαφοράς
643 3361 797 3465 ἐπιτήρει
824 3361 863 3442 δέ
891 3361 988 3446 ὅπως
1016 3367 1193 3459 οἰκονομεῖ
1216 3359 1280 3440 τὸν

38 3517 66 3572 ³5
78 3485 194 3588 λόγον·
227 3489 274 3567 οῦ
295 3485 371 3588 γὰρ
388 3485 525 3586 εἴρηκεν
540 3488 578 3566 ἐν
596 3485 733 3572 τούτοις
756 3487 910 3566 ἀκοῦσαι
936 3482 989 3578 τλι
1007 3484 1160 3580 ἀλήθειαν
1181 3483 1281 3587 παρὰ

77 3621 132 3690 τοῦ
152 3607 320 3713 Πατρῦς,
339 3608 443 3688 ἀλλὰ
466 3609 566 3720 vap&
592 3613 647 3691 τοῦ
666 3613 762 3708 Θιιῧ,
780 3611 933 3712 ἐπείπερ,
953 3613 1001 3694 ὡς
1026 3610 1155 3712 ἀρτίως
1182 3605 1276 3712 είρή·

79 3769 192 3834 ταμεν,
215 3739 259 3816 ἐκ
286 3739 355 3834 τῆς
377 3735 528 3836 ἐνούσης
553 3737 670 3820 αὐτοῖς
695 3734 850 3837 ἀμέτρου
876 3735 1012 3838 μωρίας
1040 3730 1281 3835 κατεσύροντό

78 3893 146 3945 τας
172 3861 231 3941 ἐπ’
253 3861 358 3967 αύτῷ
383 3857 475 3962 πρὸς
501 3859 636 3944 ἐννοίας
663 3862 727 3940 οῦκ
754 3861 911 3960 ἀληθεῖς,
935 3858 1073 3962 πατέρα
1101 3856 1181 3938 τινὰ
1208 3862 1313 3936 τεῦνο

78 3985 128 4062 ἐπὶ
150 3989 217 4081 τῆς
243 3987 317 4084 γῆς
343 3980 496 4080 οἰόμενοι
522 3983 642 4086 λέγειν
659 3983 778 4064 αύτύν.
815 3984 854 4063 εῦ
879 3983 916 4063 δέ
942 3981 986 4082 δὴ
1011 3983 1095 4062 λίαν
1116 3979 1197 4063 τοῦς
1223 3981 1281 4058 ἐπὶ

41 4113 123 4214 ιοτῷ
148 4105 325 4188 τεθνάναι
354 4107 565 4206 ποιούμενος
591 4107 733 4208 λόγους,
759 4106 921 4218 ἅνθρωποι
948 4105 1074 4186 ἐαυτὸν
1101 4101 1279 4206 ὀνομάζει,

110 4345 134 4386 ι.
149 4329 376 4402 ἀπομιμήσασθαι
391 4328 423 4384 B.
435 4325 624 4398 ἆπομιμιῖσθω
637 4327 728 4383 Holnt.
742 4326 794 4382 Ed.
902 4325 929 4380 8.
948 4322 1031 4393 εἐίθει
1043 4319 1169 4379 emendat
1183 4319 1282 4394 Heyno.

78 4453 162 4518 ι’ξοθει
177 4453 209 4508 Β.
222 4451 331 4522 ἐξείιθει
346 4449 396 4506 Ht.
410 4448 485 4506 unde
497 4447 571 4504 Aub.
688 4465 715 4520 9.
733 4447 780 4502 οῦκ
792 4447 866 4503 είδὸς
877 4443 1030 4502 emendavit
1045 4444 1094 4498 Ht.
1106 4441 1137 4498 οῦ
1149 4441 1209 4498 ίδῦς
1222 4442 1254 4498 Β.
1268 4445 1283 4496 δ

79 4525 157 4580 εἰδοῖς
168 4522 296 4578 emendat
312 4521 356 4578 Ηο
375 4539 414 4577 ιε.
569 4534 611 4574 20.
630 4520 685 4574 τοῖς
697 4535 751 4572 om.
763 4517 838 4572 Aub.
1009 4531 1051 4570 τε.
1070 4519 1121 4570 τῶν
1133 4511 1283 4568 λυπούντων

82 4591 311 4650 Rammium
371 4633 379 4646 .
493 4606 536 4661 ²9·
555 4589 852 4658 δηαεεαιοριοωωιι.
