3118 5132
67 298 198 386 ωηο.
362 311 425 376 IN
455 313 490 382 s.
513 312 772 380 JOANNEM.
816 310 914 378 mn.
937 310 999 376 οι.
1209 304 1275 368 40⁹

65 473 130 568 ίᾶἳ
159 473 221 550 Καὶ
254 476 389 581 σοφία
423 479 483 556 καὶ
512 477 660 576 δύναμις
686 481 744 558 καὶ
771 476 900 582 ἑτέροις
928 475 966 556 δέ
994 472 1095 558 ὅσοις
1119 467 1274 570 ὀνόμασι

63 591 149 694 Νρᾶ
167 603 252 681 ταῖς
273 599 545 686 θεαιτνεόστοις
564 601 817 702 ὠνομασμένος
836 606 1005 705 γραφαῖς,
1018 595 1274 705 έξιιλεγμένοις

63 715 176 822 οἷσπερ
198 725 285 802 τισὶ
313 727 382 804 καὶ
406 723 504 806 πολῦ
526 727 611 806 λίαν
629 726 774 831 ἔχουσιν
793 724 881 805 ὄντα
900 723 1014 826 λόγον
1032 725 1162 826 χρῆται
1182 717 1274 822 πρὸς

62 839 96 918 τό
124 844 261 947 παρὸν,
294 843 381 929 ὄιῦιν
415 848 541 929 ἑαυτὸν
569 853 628 930 καὶ
657 849 820 945 ἀλήθειαν
847 851 906 928 καὶ
938 844 1023 956 ζωῆν
1052 848 1248 924 ἀποκαλῶν
1260 874 1271 940 3

43 972 181 1054 ὄιοῆθεῖα
199 969 284 1074 γὰρ
306 975 362 1057 ὡς
381 975 520 1075 ε’γῶμαι
545 978 604 1054 καὶ
626 976 666 1054 οῦ
685 975 770 1054 λίαν
788 971 1004 1055 εῦκιίτοπτος
1026 969 1048 1069 ἡ
1071 976 1135 1048 τοῦ
1160 965 1276 1069 λόγου

64 1090 216 1190 ἅὸπμις·
260 1097 337 1176 οῦκ
371 1098 542 1198 ὀκνητέον
570 1099 605 1178 δ’
625 1099 688 1178 οῦν
715 1097 811 1197 ὅμως
840 1094 931 1200 πρὸς
962 1093 1028 1192 τὴν
1055 1092 1305 1196 ε’γχείρησιν.ι
1325 1107 1440 1166 ῚΘΒΔ.

65 1216 122 1314 ‘’m‘’
147 1217 227 1320 γὰρ
257 1219 361 1323 ὅπερ
388 1226 439 1305 είς
464 1221 551 1322 ε’μὴν
573 1223 756 1318 ἀναβαίνει
783 1221 950 1316 διάνοιαν,
972 1219 1081 1323 ε’φιεῖς
1108 1213 1275 1316 δηλονότι

66 1339 104 1416 τὰ
120 1345 259 1439 ἀμείνω
281 1352 388 1424 νοεῖν
405 1353 479 1430 τοῖς
498 1352 642 1450 θεωρεῖν
659 1345 826 1428 εἰωθόσιν
843 1342 1125 1452 ὀξυωπείττερον.

115 1465 188 1546 Διῦ
221 1476 345 1572 τριῶν
378 1480 568 1574 τοιγαροῦν
599 1469 823 1576 πραγμάτων
855 1476 932 1553 ταῖς
967 1467 1041 1547 ἅνω
1077 1467 1134 1546 καί
1167 1464 1276 1549 θείαις

43 1599 363 1692 ἰςπροσβιιλοῦμεν
386 1595 523 1692 αὐλαῖς,
542 1599 600 1675 καὶ
625 1603 673 1680 είς
697 1596 763 1694 τὴν
780 1600 853 1674 τῶν
872 1587 1110 1696 πρωτοτόκων
1133 1591 1272 1688 ἀναβη-

75 1713 203 1810 σόμεθα
222 1718 446 1817 ἐκκλησίαν·
475 1718 533 1799 διὰ
550 1719 716 1826 πράξεως
734 1718 778 1819 δή
797 1725 902 1825 φημι,
919 1719 983 1815 τῆς
1001 1711 1093 1794 κατῦι
1109 1711 1276 1812 ποικίλην

77 1839 205 1939 ἆρσὴν,
236 1847 302 1921 καὶ
336 1844 498 1928 πίστεως
523 1849 587 1943 τῆς
614 1848 652 1924 ἐν
679 1841 856 1947 ὀρθότητι,
885 1844 943 1920 καὶ
972 1839 1117 1921 ἐλπίδος
1146 1841 1208 1936 τῆς
1239 1839 1277 1916 έν

77 1961 146 2066 ζωῇ.
184 1963 245 2068 ἆρ’
268 1967 339 2046 οῦν
358 1967 476 2068 ἕτερος
500 1969 584 2067 ἡμῖν
601 1976 665 2048 τοῦ
691 1967 867 2048 δύνασθαι
891 1971 1038 2044 τοιαῦτα
1062 1964 1151 2063 δρᾶν
1167 1961 1273 2063 γενη-

77 2119 169 2168 σεται
198 2089 422 2195 χορηγὸς,ἢ
449 2092 631 2199 πρόξενος,
655 2091 678 2194 ἦ
706 2088 852 2192 αἰτίαῆ
877 2087 1064 2194 πρόφασις
1087 2083 1186 2188 παρὰ
1213 2081 1277 2164 τὸν

44 2237 67 2292 15
79 2213 207 2314 Κῦριον
229 2215 341 2314 ἡμῶν
359 2215 505 2314 Ἰησοῦν
526 2215 590 2297 τὸν
607 2216 795 2320 Χριστόν;
825 2216 1005 2312 οὐμενοῦν·
1043 2208 1094 2310 μὴ
1121 2208 1194 2312 γάρ
1221 2221 1310 2288 τοιο

77 2340 234 2443 ωμισῃς.
278 2339 388 2422 αὐτὸς
407 2337 478 2443 γὰρ
495 2340 578 2438 ἡμῖν
596 2339 845 2439 νενομοθέτηκε
862 2335 909 2418 τῦ
927 2335 1015 2439 ῦπέρ
1034 2333 1155 2433 νόμον,
1171 2329 1277 2416 αὐτὸς

77 2461 231 2569 ἰτέῦειξε
266 2460 338 2560 τὴν
370 2461 464 2560 ὁδὸν,
495 2460 540 2563 ἢν
572 2461 618 2543 ἂν
650 2459 750 2561 οἶμαί
779 2497 832 2546 τις
867 2467 988 2544 καλῶς
1020 2465 1068 2544 εἰς
1100 2455 1167 2556 τὴν
1198 2457 1274 2536 κατ’

75 2585 250 2686 ἐνέργειαν
285 2583 417 2686 ἀρετὴν
447 2585 636 2694 έκδέξαιτο,
664 2589 721 2666 καὶ
752 2584 794 2666 τὸ
822 2587 861 2665 έν
888 2581 1046 2690 πράξεσι
1077 2587 1154 2664 ταῖς
1186 2579 1277 2660 κατὰ

76 2709 240 2809 Χριστὸν
261 2697 474 2803 διαβατικόν
491 2745 530 2790 τε
553 2713 612 2790 καὶ
634 2709 832 2814 πρόθυμον.
869 2710 996 2788 οὐκοῦν
1015 2703 1120 2790 αὐτός
1142 2709 1277 2800 ἐστινῆ

46 2834 225 2931 εὐήθεια,
245 2830 359 2916 αι’ντός
377 2836 477 2914 ε’στιν
495 2839 512 2928 ἦ
531 2830 614 2931 ίθις,
632 2835 828 2931 τουτέστιν,
848 2833 867 2912 ὁ
886 2829 1023 2932 ἀληθὴς
1040 2833 1104 2929 τῆς
1121 2830 1277 2913 πίστεως

74 2956 162 3056 ῦρος,
176 2961 243 3038 καὶ
265 2959 286 3037 ό
306 2960 372 3056 τῆς
390 2961 572 3043 ἀπλανοῦς
589 2961 670 3062 περὶ
689 2963 784 3038 Θεοῦ
803 2955 1011 3060 διαλῆψεως
1029 2953 1145 3034 κανών
1163 2987 1201 3032 τε
1219 2955 1277 3030 καὶ

73 3081 235 3183 στιὶθμη.
280 3081 510 3166 πιστεύοντες
536 3081 609 3185 γὰρ
636 3087 684 3165 είς
712 3079 802 3162 Υίὸν
828 3082 984 3178 ἀληθῶς,
1012 3076 1207 3172 τουτέστιν,
1235 3073 1306 3182 ε’ξο

72 3208 178 3305 ιῦτῆς
197 3205 424 3308 γεννηθέντα
442 3210 504 3305 τῆς
524 3208 649 3290 οῦσίας
667 3215 730 3286 τοῦ
746 3211 841 3287 Θεοῦ
855 3207 913 3284 καὶ
929 3199 1086 3306 Πατρός,
1100 3201 1141 3280 οῦ
1160 3198 1276 3296 νόθον,

73 3331 111 3409 ὠ
127 3329 390 3438 ψευδώνυμον,
408 3332 491 3408 ἀλλ’
512 3328 592 3410 οῦδέ
611 3332 746 3428 κτίσμα
770 3328 792 3431 ἢ
811 3331 946 3430 ποίημα
965 3326 1007 3408 τῦ
1032 3330 1095 3426 τῆς
1121 3327 1277 3423 ἀληθοῦς

41 3459 236 3540 ῑῐτίοτεως
252 3451 529 3556 περικειοόμεθα
545 3454 722 3558 καύχημα.
760 3455 781 3533 ὁ
805 3451 878 3557 γὰρ
902 3459 950 3536 είς
973 3447 1274 3558 υίὸνπαραδεξό-

75 3614 175 3671 μενος
194 3576 266 3659 τῦν
286 3576 388 3675 Υίὸν,
408 3578 654 3680 διωμολόγηκε
673 3577 816 3661 πάντως
835 3580 893 3657 καὶ
912 3576 975 3656 τὸν
992 3577 1036 3683 ἐξ
1051 3576 1160 3679 οὗπέρ
1180 3579 1275 3674 ἔστι,

76 3707 128 3782 καὶ
144 3701 295 3805 πατέρα
311 3699 377 3782 τόν
396 3701 492 3782 θεὸν
511 3699 587 3782 οἶδε’
600 3735 637 3781 τε
655 3705 713 3782 καὶ
736 3701 885 3809 δέξεται.
926 3699 1032 3784 αὐτὸς
1053 3707 1243 3801 τοιγαροῦν
1261 3704 1278 3791 ἡ

77 3827 216 3920 ἀλήθειά
240 3831 358 3920 ἐστιν,
379 3825 483 3910 αῦτός
510 3829 646 3920 έοτινῆ
670 3828 746 3934 ζωή·
777 3827 818 3904 οῦ
843 3823 914 3926 γὰρ
939 3823 1056 3925 ἕτερος
1080 3824 1164 3921 ἡμῖν
1182 3826 1273 3900 ἀπο-

80 3953 300 4056 καταστήσει
326 3949 396 4049 τὴν
417 3952 455 4030 έν
476 3951 601 4030 ε’λπίσι
626 3947 728 4052 ζωὴν,
748 3947 812 4046 τὴν
835 3950 872 4028 έν
895 3946 1083 4052 ἀφθαρσίᾳ
1111 3939 1278 4042 δηλονότι

50 4083 126 4167 μιιῦ
144 4075 397 4186 μακαριότητι
419 4076 477 4154 καὶ
504 4076 687 4180 ἁγιασμῷ·
717 4069 822 4155 αὐτὸς
849 4071 921 4174 γὰρ
948 4070 1040 4170 ἡμᾶς
1066 4067 1199 4170 ἐγείρει,
1219 4069 1277 4146 καὶ

232 4399 239 4413 ,
287 4394 296 4408 ,
473 4347 539 4399 θεοῦ
553 4342 589 4414 (ἲ)
603 4343 635 4398 Ε.
856 4354 881 4412 7.
899 4339 978 4406 ἆνέβη
991 4337 1023 4392 Ε.
1077 4335 1229 4409 ε’φιης(οἰε)
1245 4335 1276 4392 Ε.

73 4447 101 4490 12
115 4435 284 4506 ,μαθὼν
374 4455 381 4470 .
423 4413 449 4468 d.
463 4432 517 4484 mg.
529 4416 735 4485 προσβάλλομιν
746 4413 798 4468 δα.
812 4410 893 4467 Cord.
906 4410 1107 4480 προσβαλοῦσιν
1117 4407 1168 4464 Ed.
1216 4408 1277 4463 ἀνο-

66 4509 181 4578 Μ
195 4485 433 4582 [anfiqaa'mffi
446 4483 540 4559 Cord.]
554 4481 859 4564 ε’κκλησίαυλοοοςάἰιιο
873 4481 943 4535 cntt.
1031 4493 1037 4506 '
1064 4477 1106 4535 16.
1124 4479 1277 4551 νομοθέτηιιι

72 4585 148 4654 ,effi
276 4585 330 4625 21.
353 4557 430 4626 παρὰ
444 4555 475 4610 Ε.
580 4571 624 4628 3ο.
641 4556 814 4626 μακαριότητα
827 4550 888 4622 (εις)
903 4551 935 4606 Ε.

88 4693 150 4742 τοι.
168 4689 212 4738 ιι.
658 4661 677 4726 3
694 4657 715 4702 ⁰
