3118 5132
276 335 352 400 422
589 334 630 400 B.
653 332 865 400 CYRILLI
894 333 1184 400 ALEXANDR.
1375 279 1502 419 xiv.9.'

344 497 454 600 Πλὴν
471 499 583 580 ἐκεῖνο
599 497 644 600 δὴ
662 497 778 581 πάλιν
795 506 871 584 τοῖς
887 503 952 600 τῆς
970 499 1141 601 άληθείας
1164 502 1311 605 ἐροῦμεν
1329 502 1493 606 ἐχθροῖς,

287 620 321 702 οῖ
338 630 515 704 πλατεῖαν
533 623 658 730 ἔχουσι
677 625 758 705 καθ’
778 623 881 725 ἡμῶν
897 622 965 724 τὴν
983 631 1164 728 γλῶτταν,
1182 632 1329 726 μᾶλλον
1347 623 1385 705 δέ
1407 625 1495 704 κατ’

285 748 396 847 αὐτῆς
413 752 478 848 τῆς
496 748 622 833 οῦσίας
639 757 704 830 τοῦ
723 754 967 851 Μονογενοῦς.
1007 754 1038 830 εί
1058 747 1130 852 γάρ
1150 747 1202 851 μὴ
1226 749 1272 857 ἐξ
1293 749 1401 850 αὐτῆς
1421 752 1498 847 τῆς

286 871 413 956 οὐσίας
437 879 502 952 τοῦ
521 877 617 954 Θεοῦ
639 877 699 953 καὶ
718 871 865 976 Πατρός
889 875 992 954 ἐστιν
1009 873 1030 952 ὁ
1047 870 1147 970 Υἱὸς,
1164 878 1343 976 γεννητῶς
1367 871 1494 976 ῦπάρ-

286 1029 363 1099 χων
389 996 491 1077 τοῦθ’
521 995 610 1101 ὅπερ
638 999 727 1095 ἐστὶ,
756 995 850 1081 Θεὸς
882 995 1051 1096 δηλονότι
1077 999 1136 1077 καὶ
1164 995 1256 1076 κατὰ
1284 994 1400 1104 φάσιν
1426 1000 1536 1082 καὶ5

256 1119 444 1220 οάληθῶς,
464 1119 587 1221 μόνοις
616 1119 655 1201 δέ
681 1128 757 1206 τοῖς
784 1119 918 1228 ἔξωθεν
943 1117 1199 1224 άγλαῖζάμενος
1226 1119 1405 1226 σχήμασι,
1427 1125 1498 1202 καὶ

287 1249 365 1328 ταῖς
397 1243 620 1330 ἐπεισάκτοις
657 1243 988 1350 λελαμπρυσμένος
1024 1243 1207 1343 εῦκλείοιις,
1239 1245 1282 1325 οῦ
1318 1250 1498 1351 φυσικοῖς

175 1427 178 1434 -
288 1366 494 1472 διαπρέπων
515 1369 730 1478 ἀξιώμασιν,
749 1372 788 1451 ἐν
812 1373 925 1478 ἑαυτῷ
950 1365 989 1449 δέ
1012 1375 1153 1477 μορφοῖ
1172 1366 1236 1450 τὸν
1256 1367 1412 1473 Πατέρα,
1428 1374 1498 1450 καὶ

288 1490 391 1572 εῖκιάν
419 1493 521 1575 ἐστιν
547 1493 833 1598 ἀπαράλλακτος
859 1500 924 1573 τοῦ
952 1497 1059 1590 Θεοῦ,
1087 1497 1233 1596 πρῶτον
1258 1491 1324 1591 μέν
1350 1494 1414 1573 οῦκ
1442 1491 1498 1573 ἂν

287 1614 340 1716 εἴη
368 1616 461 1698 κατὰ
488 1615 604 1724 φῦσιν
629 1615 728 1716 Υῖῦς,
755 1617 842 1698 ἀλλ’
871 1615 953 1698 οῦδέ
984 1615 1145 1720 γεύνημα
1176 1615 1268 1698 κατὰ
1297 1615 1491 1718 ἀλήθειαν,
1514 1651 1558 1696 ιο

286 1741 425 1840 ποίημα
451 1737 490 1822 δέ
518 1743 599 1821 καθ’
620 1742 723 1842 ἡμᾶς,
740 1743 770 1843 ἤ
789 1776 824 1823 τι
848 1746 923 1823 τῶν
944 1741 1116 1823 τοιούτων
1134 1741 1266 1846 ἕτερον·
1296 1743 1339 1822 οῦ
1365 1775 1493 1844 παρα-

288 1863 486 1970 δεχθέντος,
514 1867 608 1947 οὕτω
640 1900 680 1947 τε
708 1865 802 1972 ἔχειν
828 1867 1124 1966 πεπιστευμένου,
1153 1871 1342 1950 παντελῶς
1372 1865 1497 1967 δήπου

288 1991 427 2071 κάκεῖνο
455 1988 624 2098 φήσομεν
652 1993 809 2092 ἀληθῶς,
834 1993 883 2076 ὡς
911 1991 976 2070 οῦκ
1003 1986 1050 2070 άν
1076 1989 1129 2090 εἴη
1155 1988 1276 2094 πατὴρ
1307 1991 1328 2072 ὃ
1358 1988 1496 2094 Πατὴρ

286 2115 445 2223 ἐνεργείᾳ
469 2117 529 2196 καὶ
557 2113 679 2221 φύσει,
697 2113 847 2215 θελήσει
873 2110 911 2194 δέ
939 2120 1085 2213 μᾶλλον
1110 2117 1168 2194 καὶ
1195 2113 1342 2215 δοκήσει
1366 2112 1495 2219 τυχὸν,

253 2235 450 2338 δκαθάπερ
486 2237 551 2318 οῦν
587 2240 647 2318 καὶ
682 2237 784 2338 ἡμῶν
820 2237 1029 2338 ὠνόμασται
1071 2236 1203 2342 πατήρ.
1261 2235 1338 2318 εἶτα
1374 2239 1412 2319 τί
1447 2237 1495 2319 τὸ
1513 2265 1558 2326 15

285 2363 471 2458 ἐντεῦθευ;
501 2360 893 2463 συνομολογηθήσεται
917 2361 977 2442 καί
1002 2364 1051 2446 ὡς
1076 2361 1121 2469 ἐξ
1142 2358 1301 2465 ἀνάγκης
1326 2365 1501 2444 άνατελεῖ

286 2481 412 2588 Τριάς·
446 2485 511 2565 οῦκ
538 2485 591 2566 ἐτι
619 2483 692 2588 γὰρ
719 2487 805 2585 ἡμῖν
830 2486 852 2586 ἡ
879 2485 967 2588 ἁγία
993 2484 1202 2568 πιστεύεται
1226 2484 1319 2568 κατά
1341 2521 1420 2568 τινα
1445 2486 1497 2589 δὴ

285 2604 432 2712 τρόπον,
450 2614 544 2712 τρεῖς
568 2605 608 2687 δέ
631 2615 788 2708 μᾶλλον,
808 2612 857 2693 ὡς
878 2611 916 2690 ἐν
933 2609 1113 2710 ἀλλήλοις
1137 2611 1203 2691 οῦκ
1228 2609 1499 2716 ἐνιπτάρχοντος

287 2731 480 2830 οῦσιωδῶς,
499 2731 656 2812 ἑκάστου
680 2766 719 2812 τε
745 2730 870 2837 ὥσπερ
895 2739 970 2813 τιῦν
992 2733 1181 2834 ὀνομάτων
1205 2741 1253 2819 είς
1277 2733 1343 2817 τὸν
1364 2741 1498 2815 οἰκεῖον

287 2856 353 2954 τῆς
370 2855 460 2941 ίδίας
478 2854 627 2963 φάσεως
643 2857 915 2962 ἀναχωροῦντος
932 2855 1057 2961 λόγον,
1075 2857 1351 2959 διακεκομμένον
1369 2893 1408 2939 τε
1425 2867 1555 2939 τοῦτο

288 2977 409 3082 ἐτέρου
435 2985 635 3064 παντελῶς.
676 2980 874 3085 ἐκβιάζεται
898 2979 970 3086 γάρ
994 3017 1073 3067 πως
1096 2981 1190 3082 ἡμᾶς
1214 2983 1237 3083 ἡ
1263 2992 1328 3064 τοῦ
1352 2981 1492 3086 θεωρή-

289 3137 402 3203 ματος
433 3102 581 3205 διίναμις
613 3107 673 3185 καὶ
700 3103 906 3210 παχύτερον
932 3108 1015 3208 περὶ
1041 3104 1179 3187 τούτων
1205 3111 1328 3188 εἰπεῖν.
1374 3109 1433 3186 καὶ
1461 3113 1498 3187 εί

260 3233 395 3308 οτοῦτο
414 3226 579 3328 διῦσομεν
597 3226 770 3334 ὑπάρχειν
789 3227 932 3330 ἀληθὲς,
950 3231 1064 3315 οὕτως
1085 3264 1124 3311 τε
1146 3230 1239 3336 ἐχειν
1256 3233 1415 3335 ἐροῦμεν,
1432 3234 1498 3311 καὶ

289 3353 354 3450 τῆς
370 3351 496 3438 οῦσίας
512 3361 578 3433 τοῦ
596 3358 691 3434 Θεοῦ
711 3355 771 3433 καὶ
789 3351 937 3456 Πατρῦς
956 3351 1152 3458 ἀλλότριον
1169 3361 1357 3440 παντελῶς
1374 3389 1497 3457 παρα-

289 3474 465 3582 δεξόμεθα
492 3472 557 3556 τῦν
574 3475 674 3575 Υίὸν,
696 3483 774 3561 πῶς
801 3478 844 3557 οῦ
872 3475 1110 3584 διαψεθσεται
1138 3477 1257 3581 λέγωυ
1273 3479 1319 3560 ‘0
1338 3477 1498 3586 ῖωρακῶς
1511 3509 1551 3572 ²5

290 3597 351 3706 ῖμῖ
373 3597 495 3708 ῖιῖριιιιι
517 3598 570 3681 τὶν
589 3596 749 3706 Πατάροις
783 3605 878 3681 Θεοῦ
906 3599 978 3704 γὰρ
1007 3600 1231 3707 ὑπάρχοντος
1258 3600 1351 3683 κατά
1378 3602 1500 3709 φύσιν

290 3729 355 3801 τοῦ
381 3719 538 3826 Πατρῖις,
556 3730 634 3808 πιῦς
659 3723 704 3804 ἂν
725 3724 809 3824 ἡμῖν
833 3725 853 3803 ὁ
875 3723 975 3824 Υἱὸς,
993 3727 1108 3806 καίτοι
1132 3725 1182 3826 μὴ
1209 3721 1380 3831 ὑπάρχων
1400 3723 1500 3812 Θεὸς

193 3887 194 3890 “
291 3843 384 3926 κατά
411 3847 527 3952 φύσιν
554 3845 646 3928 κατὰ
674 3845 738 3928 τὸν
764 3848 906 3929 ἐκείνων
933 3847 1058 3952 λόγον,
1088 3850 1196 3957 δείξει
1224 3852 1263 3931 ἐν
1287 3851 1402 3958 ἑαυτῷ
1428 3848 1499 3931 τὸν

294 3969 468 4074 Πατέρα,
503 3977 581 4056 πῶς
605 3968 678 4075 γάρ
704 3973 814 4080 ἐντῷ
840 3971 1006 4074 γεγονότι
1031 3969 1074 4053 τὸ
1100 3971 1152 4073 μὴ
1176 3971 1326 4076 γεγονὸς
1353 3972 1496 4076 θεωρή-

292 4123 420 4194 σομεν·
451 4097 489 4174 ἐν
507 4093 544 4176 δέ
562 4099 614 4204 τῷ
630 4093 681 4196 μὴ
699 4092 776 4175 ὅντι
800 4093 899 4193 ποτέ,
918 4093 1010 4176 κατά
1034 4130 1077 4199 γε
1101 4095 1166 4178 τὸν
1183 4105 1249 4178 τοῦ
1272 4101 1497 4198 πεποιῆσθαι
1510 4137 1551 4195 30

125 4241 242 4306 ΊΊΒΔ.
263 4215 418 4322 ιλόγον,
435 4225 514 4306 πῶς
537 4218 583 4299 άυ
603 4253 659 4306 τις
682 4217 752 4300 ἰ’δοι
774 4217 840 4301 τὸν
862 4217 950 4300 ὄντα
977 4218 1037 4301 διά
1063 4217 1222 4320 παντάςς
1251 4219 1303 4322 μὴ
1331 4220 1404 4326 γάρ
1431 4256 1498 4322 μοι

331 4509 547 4566 1o.mhlt.E.
560 4508 613 4565 κατ’
626 4509 678 4564 Ed.
731 4509 773 4565 18.
786 4509 978 4582 ἐνυπάρχοντος
990 4509 1023 4566 E.
1078 4525 1121 4565 ιο.
1134 4510 1216 4582 λόγον
1227 4517 1401 4580 mumptum
1414 4525 1448 4565 ει
1461 4508 1498 4568 Ε.

295 4593 393 4656 25-27.
410 4582 436 4638 A
448 4584 503 4640 ποῦς
514 4579 549 4638 ιθ
560 4585 614 4640 nse
625 4579 740 4637 tramilit
752 4579 784 4638 R.
