3238 5114
107 353 179 416 xvi.
193 373 246 440 33.
291 353 349 417 IN
381 353 415 418 S.
439 351 698 418 JOANNEM.
744 351 925 418 mxl.
970 351 1144 417 CARII.
1249 353 1313 416 655

108 515 306 616 διδάσκων,
335 516 389 597 ότι
421 514 623 620 πειρασμὸν
651 514 675 617 ἢ
708 517 866 620 διωγμὸν
892 515 1005 618 ἤγουν
1032 515 1152 618 ἕτερόν
1178 550 1214 595 τι
1241 521 1314 596 τιῦν

109 639 285 721 τοιούτων
305 641 533 747 ἐπιφέροντος
557 641 641 740 ἡμῖν
666 641 748 720 ἔσθ’
779 639 837 720 ὅτε
866 649 998 743 καιροῦ,
1027 643 1085 720 καὶ
1112 645 1161 725 είς
1188 641 1350 719 εὐκλεᾶἂ

111 772 312 849 καλοῦντος
339 765 511 862 κίνδυνον,
539 765 632 870 φημὶ
661 763 699 844 δὲ
726 763 790 844 τὸν
822 765 864 844 δι’
899 761 1095 862 εὐσέβειαν,
1125 765 1188 844 οῦκ
1218 767 1311 844 οἱπο·

111 887 257 966 πίπτειν
276 889 421 972 ἐλπίδος
444 891 509 982 τῆς
528 889 585 968 ἐπὶ
602 893 654 995 τῷ
678 887 854 968 δυ’νασθαι
875 885 1078 991 διαφεύγειν
1098 885 1311 982 ἀκόλουθον,

73 1013 177 1096 5καὶ
194 1017 224 1090 εὶ
245 1010 296 1110 μή
319 1045 408 1094 τινες
433 1009 542 1114 τυχὸν
559 1016 633 1090 τῶν
657 1011 857 1117 ὁμοφύχων
875 1011 959 1110 ἡμῖν
982 1009 1315 1115 συμπαρατρέχοιεν

113 1135 303 1239 ἀδελφῶν,
342 1133 579 1232 ἐπαμύνοντές
614 1168 653 1213 τε
699 1132 791 1213 κατὰ
827 1131 869 1213 τὸ
909 1137 1091 1238 ἐγχωροῦν
1133 1137 1192 1213 καὶ
1237 1140 1315 1217 ταῖς

114 1258 295 1351 ὁμονοίαις
318 1261 508 1362 μονονουχὶ
532 1255 596 1337 τὸν
621 1255 966 1359 ἐπηρτημένονὴμῖν
993 1255 1208 1360 μεριῷμενοι
1236 1256 1311 1336 κίν-

115 1385 236 1461 δυνον.
286 1387 316 1462 εὶ
348 1380 420 1486 γὰρ
452 1384 510 1462 καὶ
544 1379 736 1483 τράποιντο
767 1378 859 1482 πρὸς
891 1379 1013 1487 φυγὴν
1045 1383 1222 1485 δυσαχθῆ,
1256 1384 1315 1459 καὶ

115 1501 302 1607 ἀφόρητον
328 1503 395 1602 τὴν
424 1507 462 1584 ἐκ
489 1508 553 1602 τῆς
581 1505 713 1588 δειλίας
739 1503 950 1611 πλεονεξίαν
978 1506 1017 1584 ἐν
1044 1505 1179 1587 ἑαυτοῖς
1209 1536 1347 1600 ποιη-ο

55 1661 101 1703 ιο
116 1626 279 1726 σόμενοι,
307 1632 504 1708 διακεῖσθαι
538 1631 731 1728 προσῆκεν,
759 1630 807 1712 ὡς
834 1629 876 1706 οῦ
904 1625 963 1708 διὰ
989 1626 1122 1727 ταύτην
1148 1623 1316 1725 ἀτονὴσει

116 1750 185 1848 τὴν
201 1753 317 1832 αἰτίαν
336 1749 440 1835 Θεός.
470 1749 612 1853 ἀρκέσει
630 1749 701 1853 γὰρ
723 1751 831 1849 μόνος
856 1755 904 1836 είς
929 1749 971 1830 τὸ
1000 1755 1181 1830 διασῶσαι
1208 1747 1314 1842 δύνα-

116 1881 208 1954 σθαι
226 1874 290 1955 τὸν
308 1877 404 1982 αὐτῷ
427 1875 698 1976 προσκείμενον.
735 1874 825 1977 μόνοι
851 1873 889 1954 δὲ
914 1875 1013 1973 ἡμεῖς
1031 1875 1095 1954 οὐκ
1119 1871 1239 1971 ε’σμὲν,
1258 1874 1316 1951 καὶ

117 2005 146 2076 εὶ
165 1996 215 2098 μή
232 2032 286 2083 τις
303 1999 418 2105 ὁρῷτο
436 1995 574 2099 παρὼν,
590 1994 750 2099 καθάπερ
768 1994 867 2078 εἶπον
885 1998 1024 2099 ἀρτίως,
1042 1992 1313 2098 συμπαραστά-

117 2155 185 2219 την
203 2123 261 2200 καὶ
281 2119 462 2224 ε’παρηγὸν
479 2123 537 2200 καὶ
561 2119 749 2200 σύνοπλον
767 2121 907 2224 ἔχοντες
924 2118 988 2200 τὸν
1005 2117 1125 2201 πάντα
1142 2117 1316 2222 ίσχιίοντα

64 2269 103 2328 15
120 2241 230 2338 Θεὸν,
251 2242 543 2343 ἀπλεονεκτήτοις
561 2246 657 2323 τισὶν
675 2243 885 2345 ἐπικουρίαις
903 2243 997 2342 ἡμᾶς
1012 2239 1315 2349 περιφρόττοντα,

120 2365 212 2448 κατὰ
241 2364 306 2445 τὸν
334 2368 488 2468 λε’γοντα
519 2365 724 2474 φαλμῳδόν
757 2377 777 2414 “
793 2368 914 2468 Κύριε,
946 2368 994 2450 ὡς
1027 2365 1132 2472 ὅπλῳ
1161 2364 1318 2448 εὐδοκίας
1364 2381 1406 2494 ξ’·-
1419 2395 1444 2431 ’·

120 2501 142 2536 “
161 2487 420 2594 ἐστεφάνωσας
447 2489 570 2589 ἡμᾶς.”
608 2493 666 2570 καὶ
695 2498 808 2570 ταῦτα
835 2498 899 2570 νῦν
925 2492 1006 2592 περὶ
1033 2486 1161 2568 τούτου
1188 2487 1318 2594 φαμὲν,
1381 2457 1406 2508 3’

119 2613 187 2716 οὐχ
205 2615 253 2696 ὡς
273 2616 395 2716 χρῆμα
419 2612 534 2694 καλὸν
552 2611 788 2715 θουμοίῷισες
806 2610 872 2712 τὴν
894 2612 1132 2719 φιλοψυχίαν,
1151 2611 1237 2692 ὅταν
1255 2611 1320 2718 ἐξῇ

120 2735 310 2815 καταλύειν
337 2736 430 2835 ἡμᾶς
457 2737 608 2820 εὐκλεῶς
640 2736 704 2816 τὸν
731 2735 821 2835 μετὰ
848 2736 1019 2834 σώματος
1045 2737 1127 2832 βίον
1154 2767 1350 2836 συπρα-α
1369 2757 1438 2812 944
1446 2755 1488 2814 A.

69 2893 108 2933 ιο
120 2859 327 2957 τευομέυους
345 2895 383 2940 τε
402 2868 462 2940 καὶ
479 2867 753 2946 συναθλοῦντας
770 2868 843 2942 τοῖς
860 2858 918 2940 διὰ
930 2859 1027 2940 Θεὸν
1043 2857 1318 2939 κινδυνεύουσιν·

122 2983 206 3060 ἀλλ’
226 2981 284 3060 ἵνα
306 2990 452 3080 μᾶλλον
470 2986 579 3062 ἐκεῖνο
598 2984 862 3082 πιστεύσωμεν,
881 2986 930 3067 ὡς
951 2985 1057 3062 εἶκαὶ
1075 2983 1125 3080 μή
1144 3014 1236 3064 τινες
1254 2975 1323 3060 εἷεν

122 3111 155 3184 οἱ
182 3113 288 3184 τοῦτο
313 3111 401 3208 δρῦν
423 3104 495 3186 σῦν
516 3107 601 3204 ἡμῖν
619 3103 804 3188 ε’θίλοντες
829 3108 888 3185 καὶ
914 3103 1210 3207 προθυμούμενοι,
1231 3104 1322 3182 ἀπο-

122 3227 311 3327 γινώσκειν
329 3230 371 3307 οῦ
389 3227 471 3334 χρή·
511 3233 603 3335 μίνιι
622 3226 692 3332 γὰρ
711 3235 769 3310 οὐκ
790 3226 947 3327 ἐσόμεθα
965 3225 1220 3330 συμπαρόντος
1237 3226 1322 3326 ἡμῖν

79 3383 82 3394 ’
123 3359 185 3430 τοῦ
203 3355 311 3433 θεοῦ.

77 3596 234 3677 ι5Ταῦτο
257 3599 424 3664 λελάλιικο
450 3595 534 3680 ὑμῖν,
551 3600 605 3666 ἵνα
628 3601 663 3666 ὲν
685 3600 759 3677 ἐμοὶ
786 3597 918 3688 εἰρήναν
942 3599 1046 3687 ἔχωτε·
1082 3598 1117 3664 ἒν
1139 3601 1187 3684 τῷ
1210 3599 1321 3684 κόσμῳ
1334 3615 1373 3672 33

186 3723 295 3804 θλίψιν
321 3724 423 3811 ἔχετε·
461 3724 546 3790 ἀλλὰ
574 3720 734 3810 θαρσεῖτε,
760 3724 827 3798 esd>
853 3723 1005 3790 νενίκιικο
1032 3725 1088 3792 τὸν
1116 3727 1248 3802 κόσμον.
1333 3717 1355 3781 b

173 3890 298 3993 Ὅλην
326 3897 374 3978 ὡς
399 3893 483 3979 ἔπος
510 3901 617 3974 εἰπεῖν
639 3897 677 3975 ε’ν
695 3895 832 3979 τούτοις
859 3896 899 3975 εὖ
924 3896 1026 3994 μάλα
1044 3896 1205 3998 Χριστὸς
1230 3900 1317 3976 ἀνα·

127 4024 379 4124 κεφαλαιοῦται
415 4019 602 4124 χρησίμως
636 4018 702 4119 τὴν
732 4018 823 4121 πρὸς
854 4018 982 4104 αι’ντοῦς
1017 4019 1211 4121 γενομένην
1240 4019 1317 4099 διά-

128 4140 237 4247 λεξιν,
256 4143 314 4222 καὶ
331 4148 405 4222 τῶν
420 4142 610 4246 είρημένων
630 4141 697 4242 τὴν
715 4144 863 4242 δύναμιν
886 4145 924 4221 ἐν
943 4143 1080 4244 ὀλίγοις
1107 4142 1321 4242 συλλαβὼν,

82 4301 116 4359 30
128 4263 405 4366 συντομωτάτην
435 4268 553 4351 αι’ποῖς
585 4270 648 4366 τῆς
684 4269 811 4351 οἰκείας
848 4261 1060 4366 βουλήσεως
1091 4266 1321 4368 παρατέθεικε

162 4521 187 4570 4.
206 4503 236 4557 τὸ
248 4501 281 4558 Ε.
512 4519 538 4572 9.
557 4503 656 4558 εὀυτοῖς
668 4500 700 4555 Ε.
713 4501 799 4556 αὐτοῖς
811 4499 863 4556 Ed.
1079 4517 1120 4572 13.
1138 4497 1210 4558 «lm
1221 4519 1276 4558 om.
1290 4501 1322 4557 Ε.

130 4588 170 4628 ιι.
188 4572 211 4627 εἰ
223 4589 271 4644 pro
283 4573 307 4626 οΙ
321 4572 353 4629 Ε.
567 4571 611 4628 26.
629 4572 701 4643 ἔχετε
715 4571 747 4626 Ε.
760 4569 830 4640 ἔξιτε
843 4569 895 4626 Ed.
