3274 5118
294 303 359 366 558
597 301 636 368 B.
661 301 874 368 CYRILLI
903 301 1193 368 ALEXANDR.
1398 316 1497 376 ιαμ

293 467 357 563 τῆς
375 467 584 568 εἰλικρινοῦς
601 499 641 546 τε
660 469 718 547 καί
737 469 896 566 ἀληθοῦς
913 463 1014 569 παρά
1031 471 1207 568 Χριστοῦ.
1245 463 1344 542 τουτὶ
1362 457 1436 562 γάρ
1455 457 1501 538 ἀν

294 587 347 688 εἰη
381 587 424 668 τῦ
456 591 685 692 ἀριθμεῖσθαι
718 589 848 672 λοιπῦν
879 591 918 669 έν
949 587 1115 690 κλήμασι
1148 595 1223 672 τοῖς
1259 592 1305 692 τῇ
1342 581 1501 691 ἀμπέλιρ

293 714 576 819 προσπεφυκόσι
603 719 649 820 τῇ
677 715 841 820 ἀληθινῇ,
864 716 958 821 φημὶ
987 711 1031 813 δὴ
1059 715 1225 819 Χριστῷ.
1267 708 1434 811 δευτέρας
1461 705 1501 786 δέ

294 831 392 934 οἶμαι
425 837 615 943 φροντίδος
651 835 797 940 καρπὸς,
830 835 907 918 κατ’
937 836 1063 916 οὐδένα
1091 833 1227 940 τρόπον
1254 837 1318 934 τῆς
1349 831 1502 934 προίτης

294 960 613 1058 μειονεκτοιίμενος,
652 967 799 1060 μᾶλλον
835 960 873 1042 δὲ
910 962 969 1040 καί
1005 957 1276 1062 συντονωτέραν
1313 956 1407 1061 ἔχων
1440 949 1532 1061 ἐφ’5

265 1083 409 1190 οέαυτῷ
448 1081 515 1183 τὴν
551 1082 736 1186 μέριμναν,
774 1083 817 1165 τὸ
860 1083 1080 1187 ένηρμόσθαι
1120 1089 1241 1189 φιλεῖν
1280 1085 1340 1162 καὶ
1385 1079 1505 1184 ἀπρὶξ

295 1205 443 1310 ἔχεσθαι
469 1214 534 1288 τοῦ
562 1211 669 1308 Θεοῦ,
693 1206 752 1288 διά
780 1212 844 1308 τῆς
870 1209 909 1287 ἐν
933 1207 1051 1312 ἔργοις
1079 1206 1269 1306 νοουμένης
1296 1202 1502 1309 ἀγάπης,ἣ

296 1331 354 1410 καί
385 1333 449 1430 τῆς
484 1331 590 1434 ἁγίας
621 1366 660 1412 τε
691 1333 750 1412 καί
783 1332 878 1415 θείας
909 1331 1057 1430 ἐντολῆς
1088 1329 1155 1432 τὴν
1184 1327 1378 1432 πλήρωσιν
1410 1328 1498 1432 ἔχει.

296 1459 402 1534 τοῦτο
429 1453 501 1558 γάρ
528 1455 622 1553 ἡμᾶς
650 1451 911 1539 ἀδιασπιίστως
938 1452 1150 1557 ἐνυπάρχειν
1176 1453 1273 1559 αὐτῷ
1300 1455 1359 1532 καί
1387 1454 1499 1550 ε’μπε-

128 1579 237 1712 ἔξω·
296 1579 434 1680 πῆχθαι
461 1585 563 1676 ποιεῖ,
589 1576 680 1659 κατά
703 1577 767 1658 τὸν
792 1577 948 1679 λέγοντα
974 1574 1181 1686 φαλμιρδίν
1199 1574 1447 1675 “¹13mequ
1477 1577 1558 1676 ήιο

297 1709 319 1746 “
337 1700 441 1806 ψυχή
466 1736 536 1799 μου
561 1703 680 1782 ὀπίσω
705 1702 810 1781 σου.”
842 1702 906 1781 οῦκ
926 1699 1069 1803 ἀρκέσει
1087 1707 1278 1803 τοιγαροῦν
1295 1697 1387 1802 πρὸς
1408 1699 1500 1780 ὁλά·

297 1832 433 1926 κληρον
465 1825 549 1924 ἡμῖν
581 1825 767 1925 θυμηδίαν,
797 1824 876 1924 ἤτοι
912 1821 1001 1927 πρῦς
1035 1823 1229 1926 ἀγιασμὸν,
1262 1821 1327 1903 τῦν
1360 1825 1410 1908 ὡς
1440 1825 1502 1902 ε’πί

295 1945 432 2027 ἐκθέσει
458 1955 522 2028 τοῦ
548 1945 754 2050 ἀγιάζοντος
781 1949 874 2048 ἡμᾶς
903 1953 1079 2050 Χριστοῦ,
1107 1945 1149 2026 τὸ
1177 1950 1405 2052 εἰσδεχθῆναι
1433 1945 1503 2044 μὲν

262 2072 345 2156 δὼς
362 2073 400 2151 ἐν
418 2070 518 2180 τάξει
543 2069 750 2173 κλημάτων·
783 2076 913 2177 χρῆναι
939 2070 976 2150 δὲ
1000 2069 1092 2174 πρῦς
1115 2069 1231 2178 τοθτιρ
1253 2072 1358 2177 φημὶ,
1379 2073 1439 2149 καί
1457 2070 1503 2150 τὸ

295 2193 354 2274 διά
372 2199 436 2294 τῆς
454 2197 591 2280 τελείας
610 2231 649 2277 τε
668 2197 726 2276 καί
744 2197 963 2278 ἀνελλιποῦς
988 2192 1132 2296 ἀγάπης
1156 2195 1315 2296 γνησίως
1340 2195 1500 2273 ἀκολου·
1516 2229 1551 2292 15

296 2321 380 2399 θεῖν.
417 2321 454 2398 έν
473 2317 544 2423 γάρ
564 2319 608 2420 δὴ
625 2318 740 2428 τούτῳ
758 2317 924 2418 μάλιστα
949 2325 1071 2403 καλῶς
1099 2315 1237 2424 ἀνέχοι
1262 2319 1321 2398 καί
1346 2316 1402 2396 σ’
1424 2351 1504 2398 οιτο

295 2445 359 2540 τῆς
390 2445 429 2522 έν
457 2443 641 2542 Πνειίματι
670 2442 883 2544 κολλήσεως
913 2442 1102 2541 νοουμένης
1135 2441 1214 2542 ἤτοι
1246 2443 1448 2548 συναφείας
1480 2443 1502 2542 ἦ

295 2563 454 2664 δύναμις.
499 2564 618 2666 ἐπειδὴ
644 2568 763 2647 τοίνυν
788 2567 859 2674 ἔφη
883 2563 1046 2669 Χριστὸς
1071 2573 1145 2650 τοῖς
1170 2565 1297 2646 ἑαυτοῦ
1320 2573 1503 2666 μαθηταῖς

175 2791 181 2805 ⁸
210 2791 218 2805 ι
296 2698 318 2736 “
329 2685 433 2788 Ἤδη
465 2691 562 2786 ὑμεῖς
598 2690 752 2791 καθαροί
784 2693 867 2770 ε’στε
905 2687 963 2769 διά
995 2687 1058 2769 τὸν
1090 2687 1204 2792 λόγον
1235 2687 1278 2768 ὃν
1308 2689 1503 2790 λελάληκα

297 2821 319 2859 “
340 2813 457 2912 ῦμῖν·”
501 2812 559 2892 ἵνα
583 2811 634 2912 μή
659 2847 712 2896 τις
737 2814 869 2914 οἰηθείη
895 2811 982 2894 ποτέ
1006 2819 1079 2892 τῶν
1100 2809 1206 2919 ἅπαξ
1226 2814 1503 2915 κεκαθαρμένων
1517 2849 1555 2890 ιο

297 2933 528 3020 ἀδιαπτώτως
554 2935 646 3040 ἔχειν
665 2935 852 3033 δύνασθαι,
872 2939 931 3016 καὶ
954 2942 986 3015 εἰ
1009 2934 1060 3036 μή
1085 2970 1166 3016 τινα
1189 2933 1300 3040 τυχὸν
1318 2942 1366 3020 εἰς
1391 2934 1436 3016 τὸ
1462 2937 1504 3016 εῦ

297 3055 385 3140 εἰναι
411 3067 549 3140 ποιοῖτο
577 3059 752 3159 σπουδὴν,
770 3057 1048 3162 προσεπιτάττει
1072 3060 1271 3164 χρησίμως,
1295 3059 1349 3140 ὅτι
1373 3094 1498 3162 προσ-

268 3179 377 3282 οῆκοι
406 3183 522 3281 μένειν
549 3186 587 3264 έν
617 3184 726 3290 αὐτῷ.
773 3186 832 3262 καί
861 3185 901 3262 τί
929 3191 1036 3263 τοῦτο
1068 3184 1171 3262 ἔσται
1183 3215 1194 3281 ;
1230 3183 1349 3287 ἕτερον
1379 3184 1499 3282 οὐδέν,

297 3303 346 3391 ὥς
368 3341 411 3408 γε
436 3341 497 3406 μοι
522 3308 697 3412 φαίνεται,
716 3305 917 3403 μᾶλλονδὲ
941 3308 1099 3409 έναργιῦς
1121 3304 1164 3386 τὸ
1183 3305 1243 3388 διά
1260 3315 1325 3388 τοῦ
1344 3306 1501 3388 Παύλου

297 3436 419 3513 καλῶς
455 3429 637 3531 εἰρημένον
667 3440 688 3476 “
701 3427 820 3510 Ὥστε
858 3431 878 3508 ὁ
916 3433 1032 3510 δοκῶν
1063 3429 1212 3511 ἑστάναι
1242 3431 1410 3524 βλεπέτω
1447 3429 1500 3531 μὴ
1515 3471 1554 3530 ι5

298 3561 320 3598 “
337 3550 470 3657 πέσῃ·”
509 3553 618 3654 μυρία
651 3551 723 3656 γάρ
756 3551 801 3631 ἀν
834 3555 893 3632 καὶ
927 3560 1001 3637 τοῖς
1033 3554 1101 3654 ἤδη
1138 3555 1295 3650 βεβαίως
1329 3557 1500 3633 δοκοῦσιν

298 3671 446 3754 έστάναι
482 3675 708 3776 συναντήσαι
744 3675 790 3755 τά
822 3675 1064 3778 ὀλισθήματα,
1095 3675 1144 3776 μὴ
1177 3679 1257 3782 ου’χὶ
1290 3675 1501 3779 διεδράσθαι

298 3803 418 3881 καλῶς
450 3799 489 3877 έν
521 3795 651 3900 οἷσπερ
688 3795 734 3878 ἀν
771 3795 839 3878 εἰεν
876 3799 936 3880 διά
969 3805 1112 3900 πολλῆς
1151 3800 1245 3902 ἀγαν
1276 3800 1501 3900 ποιουμένοις

298 3923 471 4020 σπουδῆς.
519 3925 574 4002 δεῖ
603 3919 641 4002 δὲ
673 3919 770 4020 οἶμαι
802 3926 860 4004 καὶ
889 3923 1012 4024 πάσης
1040 3925 1133 4024 ἡμᾶς
1163 3925 1288 4031 ἀξιοῦν
1315 3927 1501 4010 ἐπιεικείας

298 4045 357 4124 καί
382 4043 526 4151 νήψεως
552 4044 598 4125 τά
623 4047 705 4124 καθ’
725 4046 881 4145 ἑαυτοὺς,
899 4044 965 4126 κάν
987 4049 1193 4150 ε’ρηρεῖσθαί
1213 4081 1291 4132 πως
1315 4052 1402 4152 δοκῇ
1427 4083 1497 4146 τις,
1515 4093 1556 4150 30

299 4169 342 4247 δι’
362 4169 525 4248 ἐπίδοσιν
542 4166 609 4268 τὴν
626 4168 694 4270 ἤδη
719 4171 996 4274 προηνοσμένην
1014 4176 1062 4254 εἰς
1087 4169 1313 4274 κατόρθωσιν
1335 4173 1496 4274 ἀγαθοῖν.

135 3427 208 3475 ιΟοτ.
219 3441 244 3475 x.

133 3504 172 3540 ιι.

327 4391 360 4502 ἑ.
379 4378 421 4432 καὶ
433 4387 603 4503 astumsstum
615 4397 647 4434 ex
661 4379 694 4436 Ε.
814 4395 839 4453 7.
858 4381 995 4452 νοουμένης
1007 4391 1176 4454 assumptum
1189 4399 1222 4437 ex
1235 4382 1268 4438 E.
1322 4370 1502 4452 &emendans

297 4447 313 4516 δ
353 4447 509 4520 .Εᾶ.γρ.ἣ
548 4450 575 4505 d.
587 4468 643 4520 mg.
748 4471 788 4521 14.
808 4450 853 4506 το’
904 4453 935 4508 E.
947 4457 1025 4508 τοῦτο
1041 4453 1090 4507 Ed.
1191 4453 1501 4510 ηποσεπιτάττιιΡ.

299 4517 351 4573 Ed.
365 4521 635 4589 αιμ.προσεπιτάττοι
648 4519 699 4576 Ed.
807 4523 850 4578 τό.
886 4527 978 4580 οκοῦαι
989 4524 1103 4589 βεβαίως
1115 4525 1251 4579 ῖατςτοσο
1285 4523 1328 4578 'ne
1341 4523 1374 4578 Ε.
