3248 5112
323 335 389 400 520
628 335 666 400 Β.
691 333 903 400 CYRILLI
934 332 1221 400 ALEXANDR.
1400 329 1546 394 ximss.

155 508 239 626 {⁰32⁸
325 493 460 600 λόγοις.
499 497 712 606 ἀποδέχεται
739 497 806 600 μέν
833 497 905 602 γὰρ
932 497 997 580 τὸν
1013 495 1113 597 ww,
1137 499 1186 582 ὡς
1213 495 1282 596 τὴν
1311 495 1419 603 αὐτῷ
1453 494 1547 596 πρέ·

173 591 190 639 ⁴
229 609 236 625 ⁸
324 655 471 704 πουσαν
502 624 779 726 εὐγνωμοσύνην
811 623 1088 728 διατηρήσαντα,
1115 627 1167 730 τῷ
1198 627 1309 702 εἰπεῖν
1336 624 1388 700 Ὁ
1424 615 1550 707 Πατῖιι

325 747 445 857 μείζων
472 783 538 854 μου
567 746 651 828 ἐστί·
687 746 856 851 θαυμάζω
884 745 923 827 δέ
951 746 1048 831 ὅπως
1075 745 1155 826 ούδέ
1182 747 1294 825 ἐκεῖνο
1322 745 1430 824 κατὰ
1464 750 1551 822 νοῦν

326 870 541 979 εἰσεδέξατο.
578 871 615 950 τί
636 869 708 974 γάρ
733 869 778 973 ἦν
803 870 897 956 ὅλως
922 871 964 952 τὸ
990 874 1180 952 ἀναπεῖθον
1202 867 1313 949 αὐτόν
1341 868 1551 969 θεολογίας

327 993 499 1102 ἅψασθαι
531 999 617 1094 νυνί,
646 995 759 1077 καίτοι
787 995 829 1076 τό
857 995 981 1100 καιρόν
1009 995 1133 1076 εἰδέναι
1161 993 1224 1074 τὸν
1251 993 1459 1096 πρέποντα
1492 993 1571 1070 καὶὸ

293 1115 442 1222 δλόγου
466 1123 526 1200 καὶ
551 1117 765 1224 πράγματος
793 1121 857 1202 οὐκ
884 1123 995 1230 ἐντῷ
1023 1122 1146 1222 μηδενὶ
1174 1120 1250 1218 θείη
1274 1119 1330 1202 τίς
1358 1115 1424 1214 ἀν,
1448 1116 1547 1216 εἴγε

327 1245 551 1350 σωφρονοίη.
592 1245 631 1324 τί
645 1245 709 1324 οὐν
727 1245 796 1325 ἐδει
813 1249 878 1344 τῆς
896 1247 1008 1329 οὕτως
1032 1245 1180 1344 ἀκαίρου
1205 1242 1404 1343 θεολογίας
1434 1243 1545 1320 ἀνιω-

327 1367 446 1468 μένοις
463 1376 537 1453 τοῖς
555 1374 740 1470 μαθηταῖς,
751 1371 894 1474 ἐπείπερ
912 1369 1063 1468 ἐμελλευ
1080 1371 1276 1468 ἀποδημεῖν
1294 1361 1376 1446 ἀπὸ
1395 1363 1546 1464 κόσμων

327 1489 420 1596 πρὸς
447 1491 511 1574 τὸν
531 1493 679 1596 Πατέρα
701 1499 760 1574 καὶ
783 1493 902 1589 Θεόν;
931 1501 1036 1576 ποῖον
1058 1491 1130 1596 γάρ
1158 1489 1204 1572 ἀν
1229 1491 1392 1570 ἐποίσειε
1422 1523 1544 1593 παρο-

327 1615 457 1714 μνθίας
476 1615 611 1720 τρόπον
629 1619 749 1702 αὐτοῖς
767 1617 809 1699 τὸ
828 1625 980 1722 πρᾶγμα
998 1616 1133 1722 τυχόν,
1166 1615 1247 1696 ἀνθ’
1268 1613 1358 1694 ὅτου
1385 1615 1422 1694 δ’
1447 1613 1543 1696 ὅλως
1555 1649 1583 1688 ιο

328 1743 520 1844 μονονουχὶ
544 1744 602 1821 καὶ
627 1749 848 1822 καταιτιᾶται
871 1742 990 1844 λέγων
1010 1750 1048 1822 ΕΞ
1068 1736 1240 1844 ἧγαπῖιτέ
1252 1773 1310 1844 με,
1330 1735 1543 1848 ἑχοίρητεάι

328 1863 377 1944 ’ότι
404 1863 585 1972 πορεύομαι
611 1865 692 1975 πρός
717 1863 769 1948 τόν
789 1865 935 1976 Πατέρα,
955 1866 1002 1946 ’ότι
1023 1876 1038 1948 ι’
1060 1865 1175 1972 Πατηρ
1194 1865 1315 1972 μείζων
1332 1900 1406 1968 μου
1428 1865 1540 1956 ἐστίν,

329 1983 400 2090 ἀρα
427 1986 510 2092 γάρ,
538 1989 618 2070 είπέ
640 2025 712 2089 μοι,
735 1993 934 2071 διακεῖσθαι
961 1997 1067 2071 τοῦτο
1096 1987 1188 2092 πρὸς
1218 1987 1401 2087 θυμηδίαν
1432 1987 1540 2067 ἐποίει

299 2110 412 2197 οτούς
430 2112 646 2216 μαθητάς,ἢ
672 2119 736 2214 τῆς
760 2117 853 2196 οὕτω
880 2114 1052 2222 φιλοθέου
1075 2114 1193 2214 λύπης
1210 2110 1470 2211 ἀπήλλαττεν,
1488 2111 1540 2190 ὅτι

329 2235 412 2344 πρδς
436 2235 488 2317 τλι
511 2235 654 2340 μείᾷινα
678 2237 817 2346 Πατέρα
843 2237 1053 2342 πορεύεται;
1083 2234 1159 2318 εἶτα
1183 2241 1287 2318 ποῖον
1311 2237 1461 2314 κατίδοι
1488 2270 1539 2319 τις
1549 2269 1575 2326 ¹5

329 2356 374 2439 ἀν
392 2357 457 2440 τὸν
474 2365 538 2460 τῆς
562 2361 791 2465 παραμυθίας
820 2361 993 2470 ἐντούτῳ
1018 2361 1175 2464 τρόπον;
1205 2359 1318 2439 καίτοι
1341 2361 1537 2439 Φιλίππου

329 2483 394 2582 μέν
414 2484 581 2586 ἐρομένου
599 2490 657 2566 καὶ
676 2485 846 2590 λέγοντος
865 2497 889 2536 “
904 2486 1025 2590 Κύριε,
1044 2486 1162 2593 δεῖξον
1181 2485 1265 2584 ἡμῖν
1283 2481 1348 2564 τὸν
1369 2485 1533 2586 Πατέρα,

330 2618 352 2654 “
371 2610 429 2686 καὶ
456 2611 559 2710 ἀρκεῖ
581 2609 694 2709 ἡμῖν,”
714 2609 796 2690 τότε
822 2609 865 2712 δὴ
890 2612 971 2692 τότε
999 2613 1057 2692 καὶ
1084 2613 1169 2690 λίαν
1190 2610 1371 2711 εὐκαίρως,
1398 2605 1468 2688 ἅτε
1494 2608 1534 2706 δὴ

330 2734 389 2810 καὶ
413 2739 477 2811 τοῦ
502 2735 566 2832 τῆς
591 2736 780 2836 θεολογίας
805 2733 1039 2836 ἐνεστηκότος
1062 2742 1195 2839 καιροῦ,
1212 2733 1276 2814 τὸν
1296 2733 1451 2836 Πατέρα
1472 2733 1534 2832 μέν

330 2856 369 2935 ἐν
387 2855 501 2963 ἐαυτῷ
528 2853 672 2955 δεικνύς,
691 2857 818 2938 ἐαυτὸν
840 2857 878 2938 δέ
904 2859 950 2938 οὐ
972 2856 1087 2939 πόλιν
1110 2861 1148 2937 ἐν
1169 2863 1221 2965 τῷ
1241 2859 1373 2960 Πατρὶ,
1394 2863 1457 2938 καὶ
1482 2859 1572 2938 ότιιι

331 2979 408 3059 κατ’
438 2977 540 3060 οὐδέν
566 2979 727 3062 ἐλάττων
755 2985 855 3063 ἐστὶν
882 2983 1002 3082 αὐτοῦ,
1030 2987 1076 3087 τῇ
1104 2980 1142 3062 δέ
1169 2979 1261 3062 κατὰ
1287 2987 1362 3061 πᾶν
1391 2980 1531 3082 ίσότητι

163 3118 204 3171 1b.
214 3133 238 3185 9,
250 3131 288 3168 ¹0·
333 3101 538 3208 διαπρεπὴς,
568 3106 706 3214 έφασκε
735 3117 757 3154 “
771 3107 949 3215 Τοσούτῳ
979 3105 1097 3215 χρόνῳ
1126 3107 1207 3206 μεθ’
1238 3108 1336 3205 ὐμῶν
1364 3111 1448 3206 εἶμι,
1477 3113 1530 3188 καὶ

299 3239 355 3307 d“
374 3231 439 3310 οὐκ
469 3229 626 3334 ἐγνωκοίς
655 3267 710 3333 με,
740 3233 926 3329 Φίλιππε;
969 3233 989 3310 ό
1021 3231 1185 3335 ἐωρακιύς
1213 3233 1274 3329 ἐμε
1302 3229 1438 3333 ἑόρακε
1470 3233 1530 3312 τὸν

334 3363 356 3402 “
376 3353 534 3456 Πατέρα·
565 3357 608 3434 οὐ
629 3357 806 3441 πιστεύεις
830 3356 885 3437 ότι
910 3354 981 3458 ἐγὼ
1007 3358 1044 3434 ἐν
1062 3360 1113 3462 τῷ
1126 3357 1252 3458 Πατρὶ
1277 3357 1334 3432 καὶ
1360 3357 1382 3433 ὁ
1403 3355 1528 3460 Πατὴρ

163 3469 282 3600 ξξθω·
336 3487 357 3525 “
374 3479 413 3556 ἐν
435 3479 515 3576 ἐμοί
539 3481 662 3577 ἐστιν,
697 3480 768 3582 ἐγὼ
796 3486 854 3560 καὶ
882 3481 903 3559 ὁ
933 3479 1062 3583 Πατὴρ
1089 3480 1128 3559 ἐν
1151 3479 1292 3578 ἐσμεν.”
1322 3477 1426 3558 ἀλλά
1453 3481 1527 3562 τότε
1538 3511 1566 3568 ²5

334 3598 401 3696 μέν
419 3601 586 3702 εὐκαίρως
604 3599 666 3682 τόν
685 3607 741 3684 ἐπὶ
765 3605 903 3687 τούτοις
926 3603 1010 3704 ἡμῖν
1028 3603 1229 3710 ἐξυφαίνων
1248 3602 1372 3704 λόγον,
1392 3605 1527 3690 εἰκότως

334 3721 558 3828 ἐθαυμάζετο·
589 3731 664 3806 νυνὶ
692 3727 730 3808 δέ
756 3736 860 3809 ποΐον
881 3727 953 3833 ἔχει
977 3725 1019 3807 τό
1045 3735 1197 3829 πρᾶγμα
1223 3725 1358 3831 καιρόν,
1381 3725 1405 3830 ἢ
1429 3738 1525 3812 ποῖον

333 3846 429 3932 ὅλως
453 3847 650 3956 ἐπιδέξεται
674 3849 867 3953 λογισμὸν,
886 3850 909 3952 ἢ
928 3853 1128 3949 βούλεσθαι
1145 3851 1211 3950 μέν
1228 3849 1295 3952 τὴν
1312 3855 1443 3938 ἐντοῖς
1461 3893 1523 3956 μο-

333 3979 458 4075 θηταΐς
489 3972 704 4078 καταραίσαι
732 3974 863 4074 λύπην,
887 3973 1061 4084 φάρμακα
1089 3973 1128 4056 δέ
1152 3971 1277 4079 ὥσπερ
1304 3979 1522 4078 παραμυθίας

334 4101 454 4181 αὐτοῖς
480 4100 641 4194 ἐπινοεῖν,
663 4097 705 4178 τὸ
733 4099 897 4205 ἐπιτάξαι
926 4100 1071 4204 χαίρειν,
1095 4101 1142 4180 ’ότι
1171 4099 1343 4210 πορεύεται
1371 4101 1452 4209 πρδς
1475 4103 1561 4194 τύιςο

304 4219 497 4330 θΠατέρα;
538 4217 593 4325 ἀρ’
622 4223 687 4302 ὀὐν
716 4224 780 4302 οὐκ
813 4223 858 4302 ἂν
891 4223 1029 4326 γένοιτο
1060 4228 1118 4304 καὶ
1149 4233 1222 4310 τοῖς
1253 4227 1339 4304 λίαν
1371 4225 1520 4326 ἀνοήτως

370 4439 395 4494 3.
414 4445 464 4493 μου
475 4424 569 4493 μείζων
580 4425 638 4482 ἐστι
652 4425 683 4480 Ε.
804 4442 846 4481 12.
863 4449 914 4496 μου
925 4426 1018 4496 μείζων
1031 4426 1063 4480 Ε.
1184 4443 1224 4494 14.
1243 4425 1447 4494 ἀντλπῆλλιιττεν
1456 4431 1518 4500 prius

334 4494 534 4633 :gipgafpffmv
546 4564 578 4619 E.
594 4513 636 4552 20.
655 4497 684 4551 δέ
697 4497 730 4553 Ε.
742 4495 764 4551 δ’
779 4495 830 4552 Ed.
940 4514 982 4554 22.
1001 4497 1141 4569 διαπρεπὲς
1154 4496 1186 4553 Ε.
1293 4497 1336 4552 28.
1356 4497 1479 4570 ἐπιδέξαι
1490 4501 1517 4557 Ε.
