<?xml version="1.0" encoding="UTF-8"?>
<!DOCTYPE html PUBLIC "-//W3C//DTD XHTML 1.0 Transitional//EN"
    "http://www.w3.org/TR/xhtml1/DTD/xhtml1-transitional.dtd">
<html xmlns="http://www.w3.org/1999/xhtml" xml:lang="en" lang="en">
 <head>
  <title>
</title>
<meta http-equiv="Content-Type" content="text/html;charset=utf-8" />
  <meta name='ocr-system' content='tesseract 3.04.00' />
  <meta name='ocr-capabilities' content='ocr_page ocr_carea ocr_par ocr_line ocrx_word'/>
</head>
<body>
  <div class='ocr_page' id='page_1' title='image "./sanctipatrisnos02pusegoog_0651.png"; bbox 0 0 3274 5118; ppageno 0'>
   <div class='ocr_carea' id='block_1_1' title="bbox 113 355 1312 453">
    <p class='ocr_par' dir='ltr' id='par_1_1' title="bbox 113 355 1312 453">
     <span class='ocr_line' id='line_1_1' title="bbox 113 355 1312 453; baseline -0.005 -25"><span class='ocrx_word' id='word_1_1' title='bbox 113 363 179 430; x_wconf 85' lang='lat' dir='ltr'><strong>xvi.</strong></span> <span class='ocrx_word' id='word_1_2' title='bbox 190 387 221 453; x_wconf 84' lang='lat'>3.</span> <span class='ocrx_word' id='word_1_3' title='bbox 295 367 352 432; x_wconf 93' lang='lat' dir='ltr'>IN</span> <span class='ocrx_word' id='word_1_4' title='bbox 384 365 417 434; x_wconf 87' lang='lat' dir='ltr'>S.</span> <span class='ocrx_word' id='word_1_5' title='bbox 442 367 700 434; x_wconf 82' lang='lat' dir='ltr'>JOANNEM&#39;.</span> <span class='ocrx_word' id='word_1_6' title='bbox 746 367 843 432; x_wconf 87' lang='lat' dir='ltr'><strong>LIB.</strong></span> <span class='ocrx_word' id='word_1_7' title='bbox 867 368 909 434; x_wconf 90' lang='lat' dir='ltr'>X.</span> <span class='ocrx_word' id='word_1_8' title='bbox 954 365 1127 434; x_wconf 79' lang='lat' dir='ltr'>CARII.</span> <span class='ocrx_word' id='word_1_9' title='bbox 1248 355 1312 426; x_wconf 81' lang='grc'>618</span> 
     </span>
    </p>
   </div>
   <div class='ocr_carea' id='block_1_2' title="bbox 6 525 1314 639">
    <p class='ocr_par' dir='ltr' id='par_1_2' title="bbox 6 525 1314 639">
     <span class='ocr_line' id='line_1_2' title="bbox 6 525 1314 639; baseline -0.003 -27"><span class='ocrx_word' id='word_1_10' title='bbox 6 571 14 612; x_wconf 87' lang='lat'>:</span> <span class='ocrx_word' id='word_1_11' title='bbox 114 529 288 632; x_wconf 76' lang='grc' dir='ltr'>θερμότης</span> <span class='ocrx_word' id='word_1_12' title='bbox 314 533 595 637; x_wconf 89' lang='grc' dir='ltr'>προεγνωσμένη</span> <span class='ocrx_word' id='word_1_13' title='bbox 622 541 697 620; x_wconf 85' lang='grc' dir='ltr'>τοῖς</span> <span class='ocrx_word' id='word_1_14' title='bbox 728 530 928 639; x_wconf 71' lang='grc' dir='ltr'>πάσχουσι,</span> <span class='ocrx_word' id='word_1_15' title='bbox 958 535 1016 612; x_wconf 84' lang='grc' dir='ltr'>καὶ</span> <span class='ocrx_word' id='word_1_16' title='bbox 1048 525 1314 629; x_wconf 74' lang='grc' dir='ltr'>ἀσθενεστέραν</span> 
     </span>
    </p>
   </div>
   <div class='ocr_carea' id='block_1_3' title="bbox 6 653 1343 972">
    <p class='ocr_par' dir='ltr' id='par_1_3' title="bbox 6 653 1343 972">
     <span class='ocr_line' id='line_1_3' title="bbox 6 653 536 762; baseline 0.011 -28"><span class='ocrx_word' id='word_1_17' title='bbox 6 698 8 734; x_wconf 73' lang='lat'>1</span> <span class='ocrx_word' id='word_1_18' title='bbox 113 653 179 754; x_wconf 73' lang='grc' dir='ltr'>τὴν</span> <span class='ocrx_word' id='word_1_19' title='bbox 197 655 328 762; x_wconf 79' lang='grc' dir='ltr'>ἔφοδον</span> <span class='ocrx_word' id='word_1_20' title='bbox 345 656 536 762; x_wconf 80' lang='grc' dir='ltr'>ἐργάζεται.</span> 
     </span>
     <span class='ocr_line' id='line_1_4' title="bbox 216 881 1343 972; baseline 0.002 -26"><span class='ocrx_word' id='word_1_21' title='bbox 216 881 274 947; x_wconf 80' lang='grc' dir='ltr'>Καὶ</span> <span class='ocrx_word' id='word_1_22' title='bbox 302 888 404 950; x_wconf 87' lang='grc' dir='ltr'>τοῦτο</span> <span class='ocrx_word' id='word_1_23' title='bbox 432 885 633 966; x_wconf 70' lang='grc' dir='ltr'>ποιήσουσιν,</span> <span class='ocrx_word' id='word_1_24' title='bbox 660 888 710 952; x_wconf 85' lang='grc' dir='ltr'>ὅτι</span> <span class='ocrx_word' id='word_1_25' title='bbox 737 885 795 952; x_wconf 89' lang='grc' dir='ltr'>οὐκ</span> <span class='ocrx_word' id='word_1_26' title='bbox 822 885 969 962; x_wconf 81' lang='grc' dir='ltr'>ἔτνωοαν</span> <span class='ocrx_word' id='word_1_27' title='bbox 996 884 1053 952; x_wconf 87' lang='grc' dir='ltr'>τὸν</span> <span class='ocrx_word' id='word_1_28' title='bbox 1080 883 1210 972; x_wconf 80' lang='grc' dir='ltr'>Πατέρα</span> <span class='ocrx_word' id='word_1_29' title='bbox 1325 901 1343 960; x_wconf 82' lang='lat'><strong>3</strong></span> 
     </span>
    </p>
   </div>
   <div class='ocr_carea' id='block_1_4' title="bbox 627 1010 799 1089">
    <p class='ocr_par' dir='ltr' id='par_1_4' title="bbox 627 1010 799 1089">
     <span class='ocr_line' id='line_1_5' title="bbox 627 1010 799 1089; baseline 0.017 -11"><span class='ocrx_word' id='word_1_30' title='bbox 627 1010 704 1078; x_wconf 81' lang='grc' dir='ltr'>οὐδὲ</span> <span class='ocrx_word' id='word_1_31' title='bbox 730 1011 799 1089; x_wconf 76' lang='grc' dir='ltr'>ἐμὲ.</span> 
     </span>
    </p>
   </div>
   <div class='ocr_carea' id='block_1_5' title="bbox 57 1159 1341 2390">
    <p class='ocr_par' dir='ltr' id='par_1_5' title="bbox 81 1159 1312 1776">
     <span class='ocr_line' id='line_1_6' title="bbox 81 1159 1275 1278; baseline 0.003 -32"><span class='ocrx_word' id='word_1_32' title='bbox 81 1184 100 1244; x_wconf 86' lang='grc'><strong>5</strong></span> <span class='ocrx_word' id='word_1_33' title='bbox 162 1167 306 1278; x_wconf 82' lang='grc' dir='ltr'>Ἔδειξε</span> <span class='ocrx_word' id='word_1_34' title='bbox 334 1178 407 1252; x_wconf 88' lang='grc' dir='ltr'>τῶν</span> <span class='ocrx_word' id='word_1_35' title='bbox 431 1174 613 1254; x_wconf 81' lang='grc' dir='ltr'>Ἰουδαίων</span> <span class='ocrx_word' id='word_1_36' title='bbox 640 1173 704 1254; x_wconf 82' lang='grc' dir='ltr'>τὸν</span> <span class='ocrx_word' id='word_1_37' title='bbox 722 1184 744 1223; x_wconf 83' lang='grc'><strong>“</strong></span> <span class='ocrx_word' id='word_1_38' title='bbox 758 1173 882 1278; x_wconf 79' lang='grc' dir='ltr'>ζῆλον,</span> <span class='ocrx_word' id='word_1_39' title='bbox 908 1175 950 1254; x_wconf 83' lang='grc' dir='ltr'>οὐ</span> <span class='ocrx_word' id='word_1_40' title='bbox 978 1173 1054 1254; x_wconf 80' lang='grc' dir='ltr'>κατ’</span> <span class='ocrx_word' id='word_1_41' title='bbox 1079 1159 1275 1274; x_wconf 82' lang='grc' dir='ltr'>ἐπίγνωσιν</span> 
     </span>
     <span class='ocr_line' id='line_1_7' title="bbox 113 1292 1312 1404; baseline -0.001 -30"><span class='ocrx_word' id='word_1_42' title='bbox 113 1293 274 1398; x_wconf 84' lang='grc' dir='ltr'>καθάπερ</span> <span class='ocrx_word' id='word_1_43' title='bbox 311 1293 435 1395; x_wconf 88' lang='grc' dir='ltr'>ἀμέλει</span> <span class='ocrx_word' id='word_1_44' title='bbox 472 1301 530 1377; x_wconf 81' lang='grc' dir='ltr'>καὶ</span> <span class='ocrx_word' id='word_1_45' title='bbox 567 1299 587 1378; x_wconf 90' lang='lat'><em>6</em></span> <span class='ocrx_word' id='word_1_46' title='bbox 626 1296 776 1381; x_wconf 83' lang='grc' dir='ltr'>Παῦλός</span> <span class='ocrx_word' id='word_1_47' title='bbox 812 1305 920 1404; x_wconf 90' lang='grc' dir='ltr'>φησι·</span> <span class='ocrx_word' id='word_1_48' title='bbox 963 1295 1237 1394; x_wconf 71' lang='grc' dir='ltr'>πεπλανημένον</span> <span class='ocrx_word' id='word_1_49' title='bbox 1274 1292 1312 1374; x_wconf 87' lang='grc' dir='ltr'>δέ</span> 
     </span>
     <span class='ocr_line' id='line_1_8' title="bbox 112 1418 1311 1528; baseline -0.001 -31"><span class='ocrx_word' id='word_1_50' title='bbox 112 1418 260 1525; x_wconf 88' lang='grc' dir='ltr'>σφόδρα</span> <span class='ocrx_word' id='word_1_51' title='bbox 296 1423 355 1500; x_wconf 86' lang='grc' dir='ltr'>καὶ</span> <span class='ocrx_word' id='word_1_52' title='bbox 387 1419 458 1528; x_wconf 83' lang='grc' dir='ltr'>ἐξω</span> <span class='ocrx_word' id='word_1_53' title='bbox 489 1455 561 1502; x_wconf 89' lang='grc' dir='ltr'>που</span> <span class='ocrx_word' id='word_1_54' title='bbox 591 1423 764 1516; x_wconf 86' lang='grc' dir='ltr'>βαίνοντα</span> <span class='ocrx_word' id='word_1_55' title='bbox 800 1427 864 1522; x_wconf 84' lang='grc' dir='ltr'>τῆς</span> <span class='ocrx_word' id='word_1_56' title='bbox 901 1421 1036 1504; x_wconf 78' lang='grc' dir='ltr'>εὐθείας</span> <span class='ocrx_word' id='word_1_57' title='bbox 1072 1421 1167 1516; x_wconf 84' lang='grc' dir='ltr'>ὁδοῦ,</span> <span class='ocrx_word' id='word_1_58' title='bbox 1198 1419 1311 1498; x_wconf 90' lang='grc' dir='ltr'>καίτοι</span> 
     </span>
     <span class='ocr_line' id='line_1_9' title="bbox 112 1539 1311 1647; baseline 0 -25"><span class='ocrx_word' id='word_1_59' title='bbox 112 1547 285 1624; x_wconf 87' lang='grc' dir='ltr'>δοκοῦντα</span> <span class='ocrx_word' id='word_1_60' title='bbox 313 1544 404 1624; x_wconf 82' lang='grc' dir='ltr'>κατά</span> <span class='ocrx_word' id='word_1_61' title='bbox 427 1579 470 1647; x_wconf 90' lang='grc' dir='ltr'>γε</span> <span class='ocrx_word' id='word_1_62' title='bbox 494 1543 558 1624; x_wconf 84' lang='grc' dir='ltr'>τὸν</span> <span class='ocrx_word' id='word_1_63' title='bbox 575 1547 613 1625; x_wconf 85' lang='grc' dir='ltr'>έν</span> <span class='ocrx_word' id='word_1_64' title='bbox 630 1547 748 1630; x_wconf 76' lang='grc' dir='ltr'>αὐτοῖς</span> <span class='ocrx_word' id='word_1_65' title='bbox 773 1545 860 1626; x_wconf 86' lang='grc' dir='ltr'>ὅντα</span> <span class='ocrx_word' id='word_1_66' title='bbox 884 1545 1025 1626; x_wconf 83' lang='grc' dir='ltr'>σκοπὸν</span> <span class='ocrx_word' id='word_1_67' title='bbox 1047 1549 1229 1624; x_wconf 84' lang='grc' dir='ltr'>τελεῖσθαι</span> <span class='ocrx_word' id='word_1_68' title='bbox 1254 1539 1311 1622; x_wconf 84' lang='grc' dir='ltr'>διά</span> 
     </span>
     <span class='ocr_line' id='line_1_10' title="bbox 113 1663 1312 1776; baseline 0.006 -32"><span class='ocrx_word' id='word_1_69' title='bbox 113 1663 219 1748; x_wconf 85' lang='grc' dir='ltr'>Θεόν.</span> <span class='ocrx_word' id='word_1_70' title='bbox 268 1666 380 1776; x_wconf 81' lang='grc' dir='ltr'>ᾤοντο</span> <span class='ocrx_word' id='word_1_71' title='bbox 411 1666 477 1768; x_wconf 78' lang='grc' dir='ltr'>μέν</span> <span class='ocrx_word' id='word_1_72' title='bbox 505 1668 577 1773; x_wconf 92' lang='grc' dir='ltr'>γάρ</span> <span class='ocrx_word' id='word_1_73' title='bbox 609 1673 673 1769; x_wconf 80' lang='grc' dir='ltr'>τῆς</span> <span class='ocrx_word' id='word_1_74' title='bbox 706 1667 765 1749; x_wconf 85' lang='grc' dir='ltr'>διά</span> <span class='ocrx_word' id='word_1_75' title='bbox 795 1669 983 1753; x_wconf 88' lang='grc' dir='ltr'>Μωυσέως</span> <span class='ocrx_word' id='word_1_76' title='bbox 1016 1664 1312 1772; x_wconf 74' lang='grc' dir='ltr'>ι’πτερασπίζοντες</span> 
     </span>
    </p>

    <p class='ocr_par' dir='ltr' id='par_1_6' title="bbox 57 1789 1341 2390">
     <span class='ocr_line' id='line_1_11' title="bbox 57 1789 1311 1901; baseline 0.001 -33"><span class='ocrx_word' id='word_1_77' title='bbox 57 1790 261 1890; x_wconf 71' lang='grc' dir='ltr'>ιοέντολῆς</span> <span class='ocrx_word' id='word_1_78' title='bbox 297 1789 361 1871; x_wconf 85' lang='grc' dir='ltr'>τὸν</span> <span class='ocrx_word' id='word_1_79' title='bbox 397 1799 461 1871; x_wconf 86' lang='grc' dir='ltr'>τοῦ</span> <span class='ocrx_word' id='word_1_80' title='bbox 498 1789 608 1894; x_wconf 88' lang='grc' dir='ltr'>νόμον</span> <span class='ocrx_word' id='word_1_81' title='bbox 646 1797 779 1897; x_wconf 85' lang='grc' dir='ltr'>δοτῆρα</span> <span class='ocrx_word' id='word_1_82' title='bbox 813 1794 1079 1901; x_wconf 88' lang='grc' dir='ltr'>κατενφραίνειν</span> <span class='ocrx_word' id='word_1_83' title='bbox 1113 1789 1218 1887; x_wconf 84' lang='grc' dir='ltr'>Θεὸν,</span> <span class='ocrx_word' id='word_1_84' title='bbox 1252 1793 1311 1870; x_wconf 84' lang='grc' dir='ltr'>καὶ</span> 
     </span>
     <span class='ocr_line' id='line_1_12' title="bbox 110 1911 1341 2020; baseline 0.002 -28"><span class='ocrx_word' id='word_1_85' title='bbox 110 1911 307 2018; x_wconf 87' lang='grc' dir='ltr'>μαχόμενοι</span> <span class='ocrx_word' id='word_1_86' title='bbox 347 1922 421 1999; x_wconf 83' lang='grc' dir='ltr'>τοῖς</span> <span class='ocrx_word' id='word_1_87' title='bbox 462 1914 520 1994; x_wconf 89' lang='grc' dir='ltr'>διά</span> <span class='ocrx_word' id='word_1_88' title='bbox 556 1921 722 2020; x_wconf 81' lang='grc' dir='ltr'>Χριστοῦ</span> <span class='ocrx_word' id='word_1_89' title='bbox 762 1917 1013 2014; x_wconf 79' lang='grc' dir='ltr'>θεσπίσμασιν</span> <span class='ocrx_word' id='word_1_90' title='bbox 1049 1917 1242 2013; x_wconf 81' lang='grc' dir='ltr'>εὐδοκιμεῖν</span> <span class='ocrx_word' id='word_1_91' title='bbox 1269 1919 1341 1994; x_wconf 81' lang='grc' dir='ltr'>ὀίο</span> 
     </span>
     <span class='ocr_line' id='line_1_13' title="bbox 110 2036 1311 2143; baseline 0.002 -27"><span class='ocrx_word' id='word_1_92' title='bbox 110 2036 263 2123; x_wconf 86' lang='grc' dir='ltr'>τάλανες</span> <span class='ocrx_word' id='word_1_93' title='bbox 291 2039 334 2118; x_wconf 87' lang='lat'><em>06</em></span> <span class='ocrx_word' id='word_1_94' title='bbox 362 2045 496 2143; x_wconf 89' lang='grc' dir='ltr'>μικρῶς</span> <span class='ocrx_word' id='word_1_95' title='bbox 525 2038 792 2138; x_wconf 75' lang='grc' dir='ltr'>ὑπελάμβανον.</span> <span class='ocrx_word' id='word_1_96' title='bbox 842 2037 901 2119; x_wconf 86' lang='grc' dir='ltr'>διά</span> <span class='ocrx_word' id='word_1_97' title='bbox 929 2037 1002 2143; x_wconf 88' lang='grc' dir='ltr'>γάρ</span> <span class='ocrx_word' id='word_1_98' title='bbox 1031 2073 1087 2119; x_wconf 87' lang='grc' dir='ltr'>τοι</span> <span class='ocrx_word' id='word_1_99' title='bbox 1113 2046 1219 2118; x_wconf 83' lang='grc' dir='ltr'>τοῦτο</span> <span class='ocrx_word' id='word_1_100' title='bbox 1252 2042 1311 2118; x_wconf 81' lang='grc' dir='ltr'>καὶ</span> 
     </span>
     <span class='ocr_line' id='line_1_14' title="bbox 110 2160 1308 2269; baseline 0.002 -30"><span class='ocrx_word' id='word_1_101' title='bbox 110 2169 184 2245; x_wconf 87' lang='grc' dir='ltr'>τοῖς</span> <span class='ocrx_word' id='word_1_102' title='bbox 211 2160 275 2242; x_wconf 80' lang='grc' dir='ltr'>τόν</span> <span class='ocrx_word' id='word_1_103' title='bbox 302 2161 536 2266; x_wconf 80' lang='grc' dir='ltr'>εὖαγγελικὸν</span> <span class='ocrx_word' id='word_1_104' title='bbox 563 2163 836 2266; x_wconf 84' lang='grc' dir='ltr'>διακηρύττουσι</span> <span class='ocrx_word' id='word_1_105' title='bbox 865 2162 978 2266; x_wconf 89' lang='grc' dir='ltr'>λόγον</span> <span class='ocrx_word' id='word_1_106' title='bbox 1004 2161 1180 2244; x_wconf 73' lang='grc' dir='ltr'>ἐπέκειντο</span> <span class='ocrx_word' id='word_1_107' title='bbox 1208 2167 1308 2269; x_wconf 88' lang='grc' dir='ltr'>σφο-</span> 
     </span>
     <span class='ocr_line' id='line_1_15' title="bbox 110 2283 1311 2390; baseline 0.001 -27"><span class='ocrx_word' id='word_1_108' title='bbox 110 2287 213 2388; x_wconf 88' lang='grc' dir='ltr'>δρῶς,</span> <span class='ocrx_word' id='word_1_109' title='bbox 239 2287 325 2366; x_wconf 85' lang='grc' dir='ltr'>ἀλλ’</span> <span class='ocrx_word' id='word_1_110' title='bbox 345 2285 497 2388; x_wconf 83' lang='grc' dir='ltr'>ἠγνόουν</span> <span class='ocrx_word' id='word_1_111' title='bbox 518 2283 666 2388; x_wconf 78' lang='grc' dir='ltr'>ἀπάσης</span> <span class='ocrx_word' id='word_1_112' title='bbox 691 2286 778 2366; x_wconf 85' lang='grc' dir='ltr'>ἐίσω</span> <span class='ocrx_word' id='word_1_113' title='bbox 801 2285 972 2370; x_wconf 82' lang='grc' dir='ltr'>πεσόντες</span> <span class='ocrx_word' id='word_1_114' title='bbox 996 2286 1142 2390; x_wconf 87' lang='grc' dir='ltr'>μωρίας,</span> <span class='ocrx_word' id='word_1_115' title='bbox 1166 2287 1224 2366; x_wconf 80' lang='grc' dir='ltr'>καὶ</span> <span class='ocrx_word' id='word_1_116' title='bbox 1253 2283 1311 2366; x_wconf 87' lang='grc' dir='ltr'>διά</span> 
     </span>
    </p>
   </div>
   <div class='ocr_carea' id='block_1_6' title="bbox 53 2531 1475 4496">
    <p class='ocr_par' dir='ltr' id='par_1_7' title="bbox 108 2531 1451 3041">
     <span class='ocr_line' id='line_1_16' title="bbox 110 2531 1315 2636; baseline 0.002 -24"><span class='ocrx_word' id='word_1_117' title='bbox 110 2534 169 2612; x_wconf 80' lang='grc' dir='ltr'>καὶ</span> <span class='ocrx_word' id='word_1_118' title='bbox 192 2531 349 2636; x_wconf 84' lang='grc' dir='ltr'>Πατέρα,</span> <span class='ocrx_word' id='word_1_119' title='bbox 368 2541 513 2634; x_wconf 78' lang='grc' dir='ltr'>μᾶλλον</span> <span class='ocrx_word' id='word_1_120' title='bbox 535 2531 572 2615; x_wconf 84' lang='grc' dir='ltr'>δέ</span> <span class='ocrx_word' id='word_1_121' title='bbox 599 2535 662 2616; x_wconf 79' lang='grc' dir='ltr'>οὐκ</span> <span class='ocrx_word' id='word_1_122' title='bbox 686 2532 815 2620; x_wconf 80' lang='grc' dir='ltr'>εἱδότες</span> <span class='ocrx_word' id='word_1_123' title='bbox 840 2535 1036 2635; x_wconf 84' lang='grc' dir='ltr'>ἡλίσκοντο</span> <span class='ocrx_word' id='word_1_124' title='bbox 1060 2541 1257 2634; x_wconf 89' lang='grc' dir='ltr'>παντελῶς,</span> <span class='ocrx_word' id='word_1_125' title='bbox 1276 2536 1315 2616; x_wconf 86' lang='grc' dir='ltr'>τί</span> 
     </span>
     <span class='ocr_line' id='line_1_17' title="bbox 108 2655 1306 2810; baseline 0.003 -75"><span class='ocrx_word' id='word_1_126' title='bbox 108 2655 175 2810; x_wconf 67' lang='grc' dir='ltr'>μέγ</span> <span class='ocrx_word' id='word_1_127' title='bbox 200 2657 281 2737; x_wconf 88' lang='grc' dir='ltr'>ἐστι</span> <span class='ocrx_word' id='word_1_128' title='bbox 310 2656 450 2761; x_wconf 88' lang='grc' dir='ltr'>Πατὴρ,</span> <span class='ocrx_word' id='word_1_129' title='bbox 477 2659 516 2738; x_wconf 90' lang='grc' dir='ltr'>τί</span> <span class='ocrx_word' id='word_1_130' title='bbox 541 2657 580 2738; x_wconf 86' lang='grc' dir='ltr'>δέ</span> <span class='ocrx_word' id='word_1_131' title='bbox 608 2657 722 2739; x_wconf 83' lang='grc' dir='ltr'>πάλιν</span> <span class='ocrx_word' id='word_1_132' title='bbox 750 2659 770 2738; x_wconf 88' lang='lat'><em>6</em></span> <span class='ocrx_word' id='word_1_133' title='bbox 799 2657 844 2766; x_wconf 83' lang='grc' dir='ltr'>ἐξ</span> <span class='ocrx_word' id='word_1_134' title='bbox 871 2659 979 2739; x_wconf 73' lang='grc' dir='ltr'>αὐτοῦ</span> <span class='ocrx_word' id='word_1_135' title='bbox 1009 2659 1178 2766; x_wconf 82' lang='grc' dir='ltr'>πεφηνάις</span> <span class='ocrx_word' id='word_1_136' title='bbox 1206 2658 1306 2743; x_wconf 82' lang='grc' dir='ltr'>Υἱός.</span> 
     </span>
     <span class='ocr_line' id='line_1_18' title="bbox 109 2779 1311 2937; baseline 0.008 -79"><span class='ocrx_word' id='word_1_137' title='bbox 109 2782 168 2858; x_wconf 82' lang='grc' dir='ltr'>καὶ</span> <span class='ocrx_word' id='word_1_138' title='bbox 190 2780 232 2860; x_wconf 91' lang='grc' dir='ltr'>τό</span> <span class='ocrx_word' id='word_1_139' title='bbox 256 2815 298 2883; x_wconf 94' lang='grc' dir='ltr'>γε</span> <span class='ocrx_word' id='word_1_140' title='bbox 322 2781 540 2890; x_wconf 78' lang='grc' dir='ltr'>παράδοξον,</span> <span class='ocrx_word' id='word_1_141' title='bbox 561 2781 785 2863; x_wconf 86' lang='grc' dir='ltr'>Μωυσέα</span> <span class='ocrx_word' id='word_1_142' title='bbox 742 2818 807 2882; x_wconf 93' lang='grc' dir='ltr'>μεν</span> <span class='ocrx_word' id='word_1_143' title='bbox 825 2781 897 2937; x_wconf 81' lang='grc' dir='ltr'>γὰρ</span> <span class='ocrx_word' id='word_1_144' title='bbox 915 2779 979 2864; x_wconf 82' lang='grc' dir='ltr'>τόν</span> <span class='ocrx_word' id='word_1_145' title='bbox 996 2783 1232 2934; x_wconf 83' lang='grc' dir='ltr'>σοφώτατον</span> <span class='ocrx_word' id='word_1_146' title='bbox 1232 2789 1311 2868; x_wconf 88' lang='grc' dir='ltr'>ταῖς</span> 
     </span>
     <span class='ocr_line' id='line_1_19' title="bbox 109 2902 1460 3054; baseline 0.005 -74"><span class='ocrx_word' id='word_1_147' title='bbox 109 2902 279 2986; x_wconf 81' lang='grc' dir='ltr'>ἀνωτάτω</span> <span class='ocrx_word' id='word_1_148' title='bbox 316 2913 432 3006; x_wconf 83' lang='grc' dir='ltr'>τιμαῖς</span> <span class='ocrx_word' id='word_1_149' title='bbox 469 2908 816 3012; x_wconf 86' lang='grc' dir='ltr'>καταστεφανοῦν’</span> <span class='ocrx_word' id='word_1_150' title='bbox 796 2906 996 3009; x_wconf 88' lang='grc' dir='ltr'>ηπείγοντο,</span> <span class='ocrx_word' id='word_1_151' title='bbox 1026 2907 1137 3007; x_wconf 88' lang='grc' dir='ltr'>νόμον</span> <span class='ocrx_word' id='word_1_152' title='bbox 1168 2915 1233 2987; x_wconf 84' lang='grc' dir='ltr'>τοῦ</span> <span class='ocrx_word' id='word_1_153' title='bbox 1264 2904 1308 2988; x_wconf 86' lang='grc' dir='ltr'>δι’</span> <span class='ocrx_word' id='word_1_154' title='bbox 1354 2909 1460 3054; x_wconf 49' lang='grc' dir='ltr'>ξφξζέ·</span> 
     </span>
    </p>

    <p class='ocr_par' dir='ltr' id='par_1_8' title="bbox 55 3027 1460 3382">
     <span class='ocr_line' id='line_1_20' title="bbox 55 3027 1460 3176; baseline 0.002 -69"><span class='ocrx_word' id='word_1_155' title='bbox 55 3055 96 3097; x_wconf 78' lang='lat'>20</span> <span class='ocrx_word' id='word_1_156' title='bbox 109 3028 279 3176; x_wconf 85' lang='grc' dir='ltr'>ἀγγέλων</span> <span class='ocrx_word' id='word_1_157' title='bbox 305 3027 480 3131; x_wconf 83' lang='grc' dir='ltr'>γεγονότα</span> <span class='ocrx_word' id='word_1_158' title='bbox 507 3027 683 3110; x_wconf 89' lang='grc' dir='ltr'>διάκονον</span> <span class='ocrx_word' id='word_1_159' title='bbox 716 3028 780 3108; x_wconf 86' lang='grc' dir='ltr'>τὸν</span> <span class='ocrx_word' id='word_1_160' title='bbox 807 3029 845 3109; x_wconf 92' lang='grc' dir='ltr'>δέ</span> <span class='ocrx_word' id='word_1_161' title='bbox 875 3028 1057 3133; x_wconf 83' lang='grc' dir='ltr'>Κύρων</span> <span class='ocrx_word' id='word_1_162' title='bbox 1036 3037 1139 3128; x_wconf 88' lang='grc' dir='ltr'>ημῶν</span> <span class='ocrx_word' id='word_1_163' title='bbox 1163 3031 1451 3154; x_wconf 56' lang='grc' dir='ltr'>ἸησοῦνᾱΗθδῧ</span> <span class='ocrx_word' id='word_1_164' title='bbox 1433 3057 1460 3092; x_wconf 85' lang='lat'>¹¹·</span> 
     </span>
     <span class='ocr_line' id='line_1_21' title="bbox 108 3149 1305 3258; baseline 0.001 -27"><span class='ocrx_word' id='word_1_165' title='bbox 108 3149 172 3231; x_wconf 86' lang='grc' dir='ltr'>τὸν</span> <span class='ocrx_word' id='word_1_166' title='bbox 190 3152 427 3255; x_wconf 83' lang='grc' dir='ltr'>Χριστὸν,τὴ</span> <span class='ocrx_word' id='word_1_167' title='bbox 383 3151 671 3257; x_wconf 86' lang='grc' dir='ltr'>τηνάπόῤῥητον</span> <span class='ocrx_word' id='word_1_168' title='bbox 692 3161 756 3232; x_wconf 84' lang='grc' dir='ltr'>τοῦ</span> <span class='ocrx_word' id='word_1_169' title='bbox 781 3150 926 3255; x_wconf 88' lang='grc' dir='ltr'>Πατρος</span> <span class='ocrx_word' id='word_1_170' title='bbox 953 3151 1192 3258; x_wconf 77' lang='grc' dir='ltr'>ἐξηγούμενον</span> <span class='ocrx_word' id='word_1_171' title='bbox 1215 3152 1305 3248; x_wconf 85' lang='grc' dir='ltr'>βού-</span> 
     </span>
     <span class='ocr_line' id='line_1_22' title="bbox 107 3273 1435 3382; baseline 0.002 -28"><span class='ocrx_word' id='word_1_172' title='bbox 107 3284 229 3376; x_wconf 91' lang='grc' dir='ltr'>λησιν,</span> <span class='ocrx_word' id='word_1_173' title='bbox 248 3273 402 3380; x_wconf 85' lang='grc' dir='ltr'>λέγονταί</span> <span class='ocrx_word' id='word_1_174' title='bbox 420 3309 458 3357; x_wconf 87' lang='grc' dir='ltr'>τε</span> <span class='ocrx_word' id='word_1_175' title='bbox 477 3282 608 3382; x_wconf 80' lang='grc' dir='ltr'>σαφῶς</span> <span class='ocrx_word' id='word_1_176' title='bbox 626 3285 649 3323; x_wconf 86' lang='grc'><strong>“</strong></span> <span class='ocrx_word' id='word_1_177' title='bbox 661 3273 784 3356; x_wconf 67' lang='grc' dir='ltr'>’”Απ</span> <span class='ocrx_word' id='word_1_178' title='bbox 764 3283 917 3375; x_wconf 82' lang='grc' dir='ltr'>εμαυτοῦ</span> <span class='ocrx_word' id='word_1_179' title='bbox 935 3310 1026 3355; x_wconf 92' lang='grc' dir='ltr'>ποιω</span> <span class='ocrx_word' id='word_1_180' title='bbox 1007 3273 1161 3373; x_wconf 82' lang='grc' dir='ltr'>οὐδέν,</span> <span class='ocrx_word' id='word_1_181' title='bbox 1180 3277 1303 3356; x_wconf 76' lang='grc' dir='ltr'>ἀλλΗ</span> <span class='ocrx_word' id='word_1_182' title='bbox 1286 3311 1307 3356; x_wconf 93' lang='grc' dir='ltr'>ο</span> <span class='ocrx_word' id='word_1_183' title='bbox 1352 3305 1435 3372; x_wconf 72' lang='lat' dir='ltr'><strong>Supra</strong></span> 
     </span>
    </p>

    <p class='ocr_par' dir='ltr' id='par_1_9' title="bbox 108 3373 1456 3630">
     <span class='ocr_line' id='line_1_23' title="bbox 108 3373 1456 3508; baseline 0.002 -30.095"><span class='ocrx_word' id='word_1_184' title='bbox 108 3399 299 3506; x_wconf 82' lang='grc' dir='ltr'>“πεμφας</span> <span class='ocrx_word' id='word_1_185' title='bbox 323 3435 367 3502; x_wconf 87' lang='grc' dir='ltr'>με</span> <span class='ocrx_word' id='word_1_186' title='bbox 387 3399 580 3504; x_wconf 82' lang='grc' dir='ltr'>Πατηρ’</span> <span class='ocrx_word' id='word_1_187' title='bbox 538 3397 644 3485; x_wconf 86' lang='grc' dir='ltr'>αυτός</span> <span class='ocrx_word' id='word_1_188' title='bbox 668 3433 729 3499; x_wconf 91' lang='grc' dir='ltr'>μοι</span> <span class='ocrx_word' id='word_1_189' title='bbox 753 3397 903 3498; x_wconf 82' lang='grc' dir='ltr'>ἐντολὴν</span> <span class='ocrx_word' id='word_1_190' title='bbox 922 3398 1115 3478; x_wconf 82' lang='grc' dir='ltr'>δέδωκε’</span> <span class='ocrx_word' id='word_1_191' title='bbox 1076 3431 1111 3478; x_wconf 91' lang='grc' dir='ltr'>τι</span> <span class='ocrx_word' id='word_1_192' title='bbox 1137 3398 1223 3480; x_wconf 84' lang='grc' dir='ltr'>ε’ίπω</span> <span class='ocrx_word' id='word_1_193' title='bbox 1248 3403 1308 3481; x_wconf 80' lang='grc' dir='ltr'>καὶ</span> <span class='ocrx_word' id='word_1_194' title='bbox 1352 3373 1456 3508; x_wconf 54' lang='lat'><em>{6623}</em></span> 
     </span>
     <span class='ocr_line' id='line_1_24' title="bbox 108 3521 1303 3630; baseline 0 -26"><span class='ocrx_word' id='word_1_195' title='bbox 108 3531 131 3569; x_wconf 95' lang='lat'><strong>“</strong></span> <span class='ocrx_word' id='word_1_196' title='bbox 149 3523 398 3625; x_wconf 86' lang='grc' dir='ltr'>τίλαλήσω,”</span> <span class='ocrx_word' id='word_1_197' title='bbox 423 3558 501 3610; x_wconf 87' lang='grc' dir='ltr'>ταις</span> <span class='ocrx_word' id='word_1_198' title='bbox 528 3522 698 3630; x_wconf 82' lang='grc' dir='ltr'>ἐσχάταις</span> <span class='ocrx_word' id='word_1_199' title='bbox 724 3523 878 3623; x_wconf 83' lang='grc' dir='ltr'>ἀτιμίαις</span> <span class='ocrx_word' id='word_1_200' title='bbox 904 3524 1179 3625; x_wconf 87' lang='grc' dir='ltr'>περιβαλεῖν’</span> <span class='ocrx_word' id='word_1_201' title='bbox 1141 3557 1205 3604; x_wconf 92' lang='grc' dir='ltr'>ουκ</span> <span class='ocrx_word' id='word_1_202' title='bbox 1232 3521 1303 3604; x_wconf 85' lang='grc' dir='ltr'>ῶκ-</span> 
     </span>
    </p>

    <p class='ocr_par' dir='ltr' id='par_1_10' title="bbox 53 3647 1466 4002">
     <span class='ocr_line' id='line_1_25' title="bbox 53 3647 1307 3756; baseline -0.001 -27"><span class='ocrx_word' id='word_1_203' title='bbox 53 3667 93 3729; x_wconf 81' lang='lat'>25</span> <span class='ocrx_word' id='word_1_204' title='bbox 108 3680 236 3745; x_wconf 88' lang='grc' dir='ltr'>νησαν,</span> <span class='ocrx_word' id='word_1_205' title='bbox 272 3648 387 3729; x_wconf 91' lang='grc' dir='ltr'>καίτοι</span> <span class='ocrx_word' id='word_1_206' title='bbox 424 3654 849 3751; x_wconf 85' lang='grc' dir='ltr'>συνθαυματουργοῦντος</span> <span class='ocrx_word' id='word_1_207' title='bbox 885 3647 980 3756; x_wconf 73' lang='grc' dir='ltr'>αὐτῷ</span> <span class='ocrx_word' id='word_1_208' title='bbox 1013 3654 1079 3727; x_wconf 83' lang='grc' dir='ltr'>τοῦ</span> <span class='ocrx_word' id='word_1_209' title='bbox 1116 3651 1212 3728; x_wconf 83' lang='grc' dir='ltr'>Θεοῦ</span> <span class='ocrx_word' id='word_1_210' title='bbox 1249 3651 1307 3728; x_wconf 81' lang='grc' dir='ltr'>καὶ</span> 
     </span>
     <span class='ocr_line' id='line_1_26' title="bbox 108 3769 1305 3876; baseline 0.008 -27"><span class='ocrx_word' id='word_1_211' title='bbox 108 3769 264 3874; x_wconf 82' lang='grc' dir='ltr'>Πατρός,</span> <span class='ocrx_word' id='word_1_212' title='bbox 300 3806 358 3853; x_wconf 91' lang='grc' dir='ltr'>και</span> <span class='ocrx_word' id='word_1_213' title='bbox 396 3774 439 3854; x_wconf 95' lang='grc' dir='ltr'>δι</span> <span class='ocrx_word' id='word_1_214' title='bbox 478 3777 651 3874; x_wconf 75' lang='grc' dir='ltr'>αἰσθητῆς</span> <span class='ocrx_word' id='word_1_215' title='bbox 695 3772 831 3853; x_wconf 83' lang='grc' dir='ltr'>ἀνωθεν</span> <span class='ocrx_word' id='word_1_216' title='bbox 868 3779 1132 3876; x_wconf 86' lang='grc' dir='ltr'>μαρτυροῦντος</span> <span class='ocrx_word' id='word_1_217' title='bbox 1169 3776 1305 3876; x_wconf 81' lang='grc' dir='ltr'>φωνῆς,</span> 
     </span>
     <span class='ocr_line' id='line_1_27' title="bbox 106 3892 1475 4002; baseline 0.001 -30"><span class='ocrx_word' id='word_1_218' title='bbox 106 3895 389 3999; x_wconf 86' lang='grc' dir='ltr'>ἀνακεκραγότος</span> <span class='ocrx_word' id='word_1_219' title='bbox 416 3897 453 3977; x_wconf 90' lang='grc' dir='ltr'>δέ</span> <span class='ocrx_word' id='word_1_220' title='bbox 481 3895 674 4002; x_wconf 87' lang='grc' dir='ltr'>διαῤῥήδην</span> <span class='ocrx_word' id='word_1_221' title='bbox 700 3899 759 3976; x_wconf 81' lang='grc' dir='ltr'>καὶ</span> <span class='ocrx_word' id='word_1_222' title='bbox 786 3896 956 3998; x_wconf 91' lang='grc' dir='ltr'>λέγοντος</span> <span class='ocrx_word' id='word_1_223' title='bbox 976 3905 998 3944; x_wconf 88' lang='grc'><strong>“</strong></span> <span class='ocrx_word' id='word_1_224' title='bbox 1011 3892 1175 3979; x_wconf 77' lang='grc' dir='ltr'>Οὗτός</span> <span class='ocrx_word' id='word_1_225' title='bbox 1157 3929 1258 3976; x_wconf 83' lang='grc' dir='ltr'>εστιν</span> <span class='ocrx_word' id='word_1_226' title='bbox 1286 3899 1306 3977; x_wconf 88' lang='lat'><em>6</em></span> <span class='ocrx_word' id='word_1_227' title='bbox 1351 3921 1475 3978; x_wconf 70' lang='grc' dir='ltr'>ωιιιιιυι</span> 
     </span>
    </p>

    <p class='ocr_par' dir='ltr' id='par_1_11' title="bbox 106 3989 1444 4248">
     <span class='ocr_line' id='line_1_28' title="bbox 107 3989 1444 4130; baseline 0.002 -32"><span class='ocrx_word' id='word_1_228' title='bbox 107 4026 129 4066; x_wconf 87' lang='grc'><strong>“</strong></span> <span class='ocrx_word' id='word_1_229' title='bbox 148 4018 236 4103; x_wconf 77' lang='grc' dir='ltr'>Υἱός</span> <span class='ocrx_word' id='word_1_230' title='bbox 262 4055 332 4118; x_wconf 89' lang='grc' dir='ltr'>μου</span> <span class='ocrx_word' id='word_1_231' title='bbox 359 4021 380 4101; x_wconf 89' lang='lat'><em>6</em></span> <span class='ocrx_word' id='word_1_232' title='bbox 409 4019 593 4124; x_wconf 87' lang='grc' dir='ltr'>ἀγαπητος</span> <span class='ocrx_word' id='word_1_233' title='bbox 620 4023 657 4100; x_wconf 87' lang='grc' dir='ltr'>ἐν</span> <span class='ocrx_word' id='word_1_234' title='bbox 682 4056 711 4130; x_wconf 86' lang='grc' dir='ltr'>ιρ</span> <span class='ocrx_word' id='word_1_235' title='bbox 694 4017 958 4120; x_wconf 69' lang='grc' dir='ltr'>ηὐδόκησαά</span> <span class='ocrx_word' id='word_1_236' title='bbox 992 4018 1070 4098; x_wconf 88' lang='grc' dir='ltr'>ἐστι</span> <span class='ocrx_word' id='word_1_237' title='bbox 1098 4020 1217 4100; x_wconf 89' lang='grc' dir='ltr'>τοίνυν</span> <span class='ocrx_word' id='word_1_238' title='bbox 1242 4022 1305 4101; x_wconf 84' lang='grc' dir='ltr'>οὐκ</span> <span class='ocrx_word' id='word_1_239' title='bbox 1351 3989 1414 4040; x_wconf 45' lang='grc' dir='ltr'>Μ’</span> <span class='ocrx_word' id='word_1_240' title='bbox 1406 4005 1444 4055; x_wconf 77' lang='lat'>¹&#39;⁷</span> 
     </span>
     <span class='ocr_line' id='line_1_29' title="bbox 106 4141 1335 4248; baseline 0.002 -26"><span class='ocrx_word' id='word_1_241' title='bbox 106 4143 326 4247; x_wconf 83' lang='grc' dir='ltr'>ἀμφίβολον,</span> <span class='ocrx_word' id='word_1_242' title='bbox 339 4147 387 4228; x_wconf 86' lang='grc' dir='ltr'>ῶς</span> <span class='ocrx_word' id='word_1_243' title='bbox 405 4145 501 4248; x_wconf 81' lang='grc' dir='ltr'>ε’ίπερ</span> <span class='ocrx_word' id='word_1_244' title='bbox 518 4178 571 4229; x_wconf 88' lang='grc' dir='ltr'>τις</span> <span class='ocrx_word' id='word_1_245' title='bbox 589 4142 707 4224; x_wconf 83' lang='grc' dir='ltr'>έλοιτο</span> <span class='ocrx_word' id='word_1_246' title='bbox 725 4151 799 4228; x_wconf 82' lang='grc' dir='ltr'>τοῖς</span> <span class='ocrx_word' id='word_1_247' title='bbox 819 4141 883 4223; x_wconf 86' lang='grc' dir='ltr'>τὸν</span> <span class='ocrx_word' id='word_1_248' title='bbox 898 4147 991 4224; x_wconf 81' lang='grc' dir='ltr'>θεῖον</span> <span class='ocrx_word' id='word_1_249' title='bbox 1006 4142 1335 4246; x_wconf 70' lang='grc' dir='ltr'>διαπορθμεόοοσιο</span> 
     </span>
    </p>

    <p class='ocr_par' dir='ltr' id='par_1_12' title="bbox 53 4263 1306 4496">
     <span class='ocr_line' id='line_1_30' title="bbox 53 4263 1306 4376; baseline 0.002 -30"><span class='ocrx_word' id='word_1_250' title='bbox 53 4305 94 4364; x_wconf 84' lang='lat'>30</span> <span class='ocrx_word' id='word_1_251' title='bbox 108 4264 222 4370; x_wconf 89' lang='grc' dir='ltr'>λόγον</span> <span class='ocrx_word' id='word_1_252' title='bbox 249 4269 463 4376; x_wconf 81' lang='grc' dir='ltr'>έπιφιίεσθαι</span> <span class='ocrx_word' id='word_1_253' title='bbox 493 4273 637 4370; x_wconf 80' lang='grc' dir='ltr'>πικρῶς,</span> <span class='ocrx_word' id='word_1_254' title='bbox 666 4268 704 4348; x_wconf 88' lang='grc' dir='ltr'>έν</span> <span class='ocrx_word' id='word_1_255' title='bbox 731 4267 857 4374; x_wconf 77' lang='grc' dir='ltr'>ἀγνοίᾳ</span> <span class='ocrx_word' id='word_1_256' title='bbox 885 4267 1038 4346; x_wconf 88' lang='grc' dir='ltr'>κείσεται</span> <span class='ocrx_word' id='word_1_257' title='bbox 1065 4263 1188 4366; x_wconf 81' lang='grc' dir='ltr'>πάσης</span> <span class='ocrx_word' id='word_1_258' title='bbox 1215 4267 1306 4366; x_wconf 83' lang='grc' dir='ltr'>ὁμοῦ</span> 
     </span>
     <span class='ocr_line' id='line_1_31' title="bbox 106 4387 1306 4496; baseline 0.003 -25"><span class='ocrx_word' id='word_1_259' title='bbox 106 4393 170 4492; x_wconf 75' lang='grc' dir='ltr'>τῆς</span> <span class='ocrx_word' id='word_1_260' title='bbox 202 4392 303 4494; x_wconf 84' lang='grc' dir='ltr'>ἁγίας</span> <span class='ocrx_word' id='word_1_261' title='bbox 336 4425 374 4472; x_wconf 91' lang='grc' dir='ltr'>τε</span> <span class='ocrx_word' id='word_1_262' title='bbox 408 4394 465 4473; x_wconf 81' lang='grc' dir='ltr'>καὶ</span> <span class='ocrx_word' id='word_1_263' title='bbox 497 4389 690 4494; x_wconf 86' lang='grc' dir='ltr'>ἀμοουσίου</span> <span class='ocrx_word' id='word_1_264' title='bbox 720 4391 885 4494; x_wconf 84' lang='grc' dir='ltr'>Τριόδος.</span> <span class='ocrx_word' id='word_1_265' title='bbox 934 4389 1014 4471; x_wconf 83' lang='grc' dir='ltr'>οόδέ</span> <span class='ocrx_word' id='word_1_266' title='bbox 1044 4387 1117 4496; x_wconf 87' lang='grc' dir='ltr'>γάρ</span> <span class='ocrx_word' id='word_1_267' title='bbox 1149 4387 1221 4471; x_wconf 84' lang='grc' dir='ltr'>οἶδε</span> <span class='ocrx_word' id='word_1_268' title='bbox 1254 4391 1306 4474; x_wconf 67' lang='grc' dir='ltr'>τόν</span> 
     </span>
    </p>
   </div>
   <div class='ocr_carea' id='block_1_7' title="bbox 612 4599 799 4656">
    <p class='ocr_par' dir='ltr' id='par_1_13' title="bbox 612 4599 799 4656">
     <span class='ocr_line' id='line_1_32' title="bbox 612 4599 799 4656; baseline -0.011 0"><span class='ocrx_word' id='word_1_269' title='bbox 612 4617 654 4656; x_wconf 78' lang='lat'>22.</span> <span class='ocrx_word' id='word_1_270' title='bbox 673 4604 754 4654; x_wconf 85' lang='grc' dir='ltr'>ποιῶν</span> <span class='ocrx_word' id='word_1_271' title='bbox 767 4599 799 4655; x_wconf 80' lang='grc' dir='ltr'>Ε.</span> 
     </span>
    </p>
   </div>
   <div class='ocr_carea' id='block_1_8' title="bbox 1279 1163 1472 1218">
    <p class='ocr_par' dir='ltr' id='par_1_14' title="bbox 1279 1163 1472 1218">
     <span class='ocr_line' id='line_1_33' title="bbox 1279 1163 1472 1218; baseline -0.01 0"><span class='ocrx_word' id='word_1_272' title='bbox 1279 1169 1309 1218; x_wconf 85' lang='grc'>.”</span> <span class='ocrx_word' id='word_1_273' title='bbox 1356 1163 1431 1216; x_wconf 75' lang='lat' dir='ltr'><strong>nom.</strong></span> <span class='ocrx_word' id='word_1_274' title='bbox 1445 1180 1472 1216; x_wconf 64' lang='lat' dir='ltr'>xa</span> 
     </span>
    </p>
   </div>
   <div class='ocr_carea' id='block_1_9' title="bbox 1627 3047 1630 3162">
    <p class='ocr_par' dir='ltr' id='par_1_15' title="bbox 1627 2963 1630 3162">
     <span class='ocr_line' id='line_1_34' title="bbox 1627 3047 1630 3162; baseline 0 -196"><span class='ocrx_word' id='word_1_275' title='bbox 1627 3047 1630 3162; x_wconf 31' lang='grc' dir='ltr'>γ</span> 
     </span>
    </p>
   </div>
   <div class='ocr_carea' id='block_1_10' title="bbox 0 0 1642 5110">
    <p class='ocr_par' dir='ltr' id='par_1_16' title="bbox 0 0 1642 5110">
     <span class='ocr_line' id='line_1_35' title="bbox 0 0 1642 5110; baseline 0 0"><span class='ocrx_word' id='word_1_276' title='bbox 0 0 1642 5110; x_wconf 95' lang='lat' dir='ltr'> </span> 
     </span>
    </p>
   </div>
  </div>
 </body>
</html>
