3248 5112
114 372 215 418 xm.
304 352 361 417 IN
394 355 428 420 s,
452 352 707 422 JoANNEM.
752 355 848 420 121ss.
872 355 913 422 x.
958 317 1145 420 cAP.11.'
1254 349 1319 414 ιω

116 518 314 625 καταπείθη
341 517 476 623 λόγοις,
503 521 622 604 ἐπίδος
648 519 714 621 τήν
735 521 861 602 πίστιν
884 523 979 632 αὐτῶ
1005 527 1138 618 βοῶντι
1167 521 1320 624 Χριστῷ

118 650 141 689 “
161 641 280 742 Ἀμήν
307 640 403 742 ἀμὴν
430 645 528 747 λέγω
557 647 650 744 ὑμῖν,
676 643 739 724 ε’ἀν
765 644 815 746 μή
844 643 984 751 φάγητε
1012 644 1079 746 τήν
1106 641 1226 746 σάρκα
1254 649 1319 721 τοῦ
1362 639 1486 770 {32⁹2

118 775 142 814 “
161 770 238 845 υίοῶ
264 775 329 846 τοῦ
356 767 549 870 ἀνθρῶπου
575 769 633 846 καὶ
663 769 766 866 πίητε
794 770 902 849 αὐτοῦ
930 767 973 849 τὸ
1003 767 1101 868 αἷμα,
1130 768 1194 846 οὐκ
1223 765 1349 870 έχετεο
1381 841 1391 854 ,

119 899 144 936 “
162 887 256 990 ζωὴν
273 892 310 970 ε’ν
328 892 475 974 ἑαυτοῖς.
515 890 703 994 ὃτρῶγων
721 927 791 992 μου
808 892 875 992 τὴν
892 891 1014 995 σάρκα
1039 894 1098 972 καὶ
1120 890 1233 971 πίνων
1251 921 1321 986 μου

79 1024 145 1099 5“
163 1012 205 1093 τὸ
234 1012 322 1112 αἷμα
350 1014 421 1120 ἕχει
449 1011 541 1116 ζωήν
557 1013 709 1112 αῖῶνιον,
729 1016 829 1117 κάγὼ
857 1014 1057 1116 ἀναστήσω
1085 1013 1194 1096 αὐτὸν
1216 1015 1253 1092 ἐν
1276 1017 1322 1114 τῇ

121 1149 146 1186 “
163 1136 301 1243 ἐσχάτῃ
328 1137 476 1245 ήμέρρ.”
514 1136 650 1222 ἀκούεις
683 1137 752 1239 ἤδη
783 1139 914 1220 λοιπὸν
942 1142 1099 1242 ἐναργῶς
1128 1135 1322 1220 διειπόντος

121 1261 243 1358 αὐτοῦ,
263 1264 310 1346 ῶς
339 1258 382 1340 ἀν
404 1260 455 1360 μή
483 1259 659 1366 φάγωμεν
670 1260 747 1362 ’τήν
768 1259 890 1366 σάρκα
914 1264 1022 1343 αὐτοῦ
1047 1264 1105 1344 καὶ
1127 1261 1263 1359 πίωμεν
1280 1257 1323 1340 τό

122 1383 222 1483 αἷμα,
250 1385 315 1464 οὐκ
343 1385 471 1490 ἔχομεν
498 1386 536 1464 ε’ν
563 1386 711 1482 ἑαυτοῖς,
736 1384 931 1484 τουτέστιν,
962 1389 999 1466 ε’ν
1029 1393 1074 1491 τῇ
1104 1385 1174 1491 ἰδίᾳ
1203 1386 1323 1487 σαρκὶ,

123 1506 217 1612 ζωὴν
248 1507 413 1606 αῖιόνιον;
460 1507 601 1608 νοηθείη
639 1511 673 1587 δ’
708 1507 753 1588 ἀν
783 1509 806 1609 ἡ
841 1509 980 1594 αἰώνιος
1013 1508 1094 1612 ζωὴ,
1127 1512 1186 1587 καὶ
1222 1504 1325 1606 μάλα

62 1665 111 1706 ιο
125 1632 276 1730 δικαίως,
295 1632 318 1730 ἡ
343 1630 445 1739 σάρξ
466 1636 530 1730 τῆς
556 1631 656 1735 ζωῆς,
675 1631 841 1712 τουτέστι
865 1641 930 1712 τοῦ
956 1639 1196 1734 Μονογενοῦς.
1234 1632 1325 1730 αὕτη

125 1755 164 1835 δὲ
183 1755 275 1854 ἡμᾶς
292 1755 485 1855 ἀνίστησιν
501 1757 540 1835 ε’ν
558 1761 603 1860 τῇ
622 1755 760 1862 ἐσχάτη
779 1757 907 1864 ἡμέρᾳ,
928 1763 1005 1841 πῶς
1031 1755 1053 1858 ἢ
1076 1758 1155 1836 τίνα
1173 1753 1323 1858 τρόπον,

125 1880 267 1984 ἀκούσῃ
303 1878 368 1978 μέν
402 1878 518 1978 δήπου
553 1877 709 1977 πάντως,
740 1879 812 1982 ε’γῶ
849 1879 887 1962 δὲ
923 1886 1032 1961 εἰπεῖν
1064 1882 1145 1960 οὐκ·
1166 1875 1361 1977 ὀκνήσω(1

127 2002 246 2114 ἐπειδὴ
273 2001 346 2106 γὰρ
373 2001 475 2110 σὰρξ
500 2002 639 2104 ἐγένετο
665 2007 729 2103 τῆς
758 2004 857 2107 ζωῆς,
878 2003 1052 2102 τουτέστι,
1074 2012 1138 2084 τοῦ
1166 2006 1205 2083 ἐκ
1231 2007 1327 2082 Θεοῦ

128 2129 189 2207 καὶ
208 2126 353 2231 Πατρός
379 2125 666 2232 ἀναλάμφαντος
685 2126 819 2228 Λόγον,
836 2126 928 2230 πρὸς
949 2125 1017 2226 τήν
1034 2131 1097 2227 τῆς
1117 2127 1206 2230 ζωῆς
1221 2159 1324 2224 μετε-

72 2287 114 2347 15
129 2249 276 2358 χῶρησε
301 2248 460 2348 δύναμιν,
479 2253 537 2329 καὶ
565 2249 644 2328 ἔστι
672 2256 746 2329 τῶν
770 2248 974 2356 ἀμηχάνων,
994 2250 1136 2360 θανάτῳ
1162 2254 1330 2330 νικᾶσθαι

128 2375 196 2474 τὴν
215 2373 319 2478 ζωήν.
358 2374 485 2454 οὐκοῦν
509 2373 651 2477 ἐπείπερ
678 2375 717 2452 ἐν
742 2373 826 2474 ἡμῖν
847 2375 995 2480 γέγονεν
1018 2375 1041 2474 ἡ
1070 2372 1151 2478 ζωή,
1169 2379 1241 2452 τῶν
1264 2379 1329 2452 τοῦ

129 2495 287 2578 θανάτου
312 2501 458 2596 δεσμῶν
475 2497 539 2577 οὐκ
563 2497 735 2603 ἀνέξεται,
754 2496 890 2598 νικήσει
914 2497 952 2579 δὲ
978 2495 1122 2582 πάντως
1147 2496 1213 2596 τὴν
1232 2501 1325 2601 φθο-

129 2621 210 2726 ράν,
233 2622 374 2723 ε’πείπερ
402 2621 466 2700 οὐκ
495 2616 566 2700 οἶδε
594 2619 640 2700 τά
667 2619 712 2727 ἐξ
736 2622 844 2720 αὐτῆς
872 2621 1069 2719 ὑπομένειν.
1104 2601 1152 2702 ὀὐ
1178 2619 1251 2722 γάρ
1270 2619 1327 2718 “ή

131 2757 155 2794 “
174 2744 296 2852 φθορὰ
320 2741 386 2843 τήν
404 2743 615 2850 ἀφθαρσίαν
633 2743 876 2848 κληρονομεῖ,”
895 2744 988 2825 κατὰ
1011 2745 1077 2846 τήν
1094 2754 1158 2826 τοῦ
1178 2741 1330 2826 Παύλου

75 2915 118 2954 20
132 2867 273 2977 φωνήν.
323 2873 353 2946 εὶ
386 2865 458 2970 γὰρ
492 2871 550 2948 καὶ
585 2866 640 2947 ότι
676 2865 840 2965 μάλιστα
871 2869 1032 2972 Χριστός
1062 2865 1173 2970 Ἐγῶ,
1205 2871 1361 2974 φησὶν,ο

110 2989 334 3091 ἀναστήσω
364 2989 483 3089 αὑτὸν,
511 2991 590 3095 οὐχὶ
619 2986 711 3096 μόνη
741 2997 786 3098 τῇ
816 2993 887 3099 ἰδίᾳ
915 2992 1124 3096 περιτέθεικε
1152 2994 1262 3093 σαρκὶ
1289 2987 1332 3071 τὸ

133 3117 312 3198 δύνασθαι
344 3117 532 3196 διανιστοῖν
559 3113 642 3198 τοὺς
673 3114 955 3215 κεκοιμημένους,
983 3117 1068 3196 ἀλλ’
1098 3112 1136 3195 ἓν
1163 3111 1334 3219 ὑπάρχων

134 3239 225 3340 μετὰ
243 3245 307 3339 τῆς
326 3240 416 3324 ἰδίας
433 3235 570 3342 σαρκὸς
588 3239 608 3318 ὁ
627 3239 666 3317 ἐν
683 3239 774 3344 αὐτῇ
794 3237 887 3323 Θεὸς
901 3238 1033 3340 Λόγος,
1045 3238 1087 3318 τό
1105 3238 1205 3340 Ἐγώ
1224 3244 1333 3344 φησι,

136 3366 196 3445 καὶ
221 3363 304 3443 λίαν
323 3364 449 3464 ὀρθῶς.
491 3362 533 3442 οὐ
560 3359 632 3464 γάρ
660 3367 709 3446 εἰς
734 3367 820 3442 υἱῶν
844 3362 957 3442 δυάδα
980 3361 1142 3461 τέμνεται
1158 3358 1335 3464 Χριστὸς,

82 3521 124 3582 ²5
138 3488 218 3568 οὔτε
244 3483 317 3587 μὴν
344 3485 540 3587 ἀλλότριον
564 3493 629 3565 τοῦ
658 3491 888 3587 Μονογενοῦς
916 3483 1117 3586 ὑπονοήσαι
1143 3519 1198 3569 τις
1226 3484 1271 3564 ἂν
1294 3483 1338 3564 τὸ

138 3617 248 3711 σῶμα
266 3611 385 3708 αὐτοῦ,
403 3607 528 3712 ῶσπερ
547 3609 610 3689 οὖν
628 3607 753 3708 ἀμέλει
772 3610 911 3708 καὶτῆς
930 3609 1102 3712 ἡμετέρας
1124 3612 1250 3717 ψυχῆς
1273 3609 1339 3689 οὐκ

139 3733 184 3816 ἂν
203 3731 306 3832 οἶμαί
319 3767 373 3816 τις
391 3733 587 3835 ἀλλότριον
604 3739 778 3836 προσερεῖ
791 3729 834 3813 τὸ
852 3739 962 3830 σῶμα
981 3733 1103 3834 αι’πῆς.

189 3857 281 3938 Ὅτε
300 3857 420 3937 τοίνυν
437 3859 495 3936 καὶ
515 3855 574 3936 διά
591 3855 729 3937 τούτων
746 3857 831 3956 ἡμῖν
848 3857 1096 3962 ἀναπέφανται
1113 3864 1187 3938 τῶν
1204 3861 1338 3960 θεωρη-

138 3979 276 4081 μάτων,
291 3979 454 4078 ἄμπελος
472 3978 538 4078 μὲν
557 3979 728 4085 ἀντάρχων
745 3977 837 4060 κατά
855 3988 961 4060 τοῦτο
978 3979 1152 4084 Χριστὸς,
1171 3979 1369 4081 κλήματαο
1390 4003 1509 4064 sou.

86 4147 129 4206 30
140 4105 179 4186 δὲ
198 4105 307 4206 ἡμεῖς,
324 4101 388 4184 ἀτε
407 4102 451 4204 δὴ
470 4107 527 4184 καὶ
546 4108 611 4204 τῆς
627 4101 718 4206 πρὸς
736 4101 845 4184 αὐτὸν
862 4104 1023 4208 ε’χόμενοι
1046 4105 1240 4195 κοινωνίας,
1261 4105 1341 4208 οὐχὶ

140 4227 253 4330 μόνον
278 4231 531 4328 πνευματικῆς,
562 4225 663 4308 ἀλλά
692 4231 751 4308 καὶ
779 4231 999 4326 σωματικῆς·
1033 4227 1072 4307 τί
1095 4225 1213 4328 μάτην
1240 4226 1341 4326 ἡμῶν

1375 2623 1387 2660 1
1396 2610 1454 2662 Cor.

1373 2694 1415 2728 xv.
1426 2689 1468 2741 50.

181 4464 205 4504 ι.
224 4447 370 4503 καταπείθει
383 4447 417 4504 E.
585 4455 615 4516 ⁸4.
634 4449 733 4504 ίαντοῖς
745 4446 778 4502 Ε.
791 4445 877 4502 αδτοῖς
889 4443 942 4500 Εδ.
1117 4462 1159 4517 13.
1176 4445 1227 4518 γὰρ
1240 4463 1295 4502 om.
1308 4445 1342 4501 E.

144 4535 188 4576 τι.
206 4519 380 4606 ἀναστήσεται
393 4519 426 4574 E.
478 4517 636 4591 περιτέθεικε
647 4521 678 4588 τῇ
692 4517 744 4587 ἰδίᾳ
756 4517 862 4571 invene
874 4515 969 4571 ordine
982 4515 1015 4571 Ε.
1152 4531 1196 4588 23.
1215 4520 1295 4573 dom.
1309 4517 1342 4572 E.

146 4591 189 4646 τε.
206 4589 368 4660 amm
381 4589 413 4644 ιι.
