3274 5118
307 349 372 412 560
611 349 650 414 B.
673 346 886 414 CYRILLI
916 345 1205 412 ALEXANDR.
1373 365 1427 406 xv.
1441 355 1472 423 5,
1485 337 1520 398 6-

277 589 395 668 strab
418 589 483 670 εἰμι
508 593 527 660 ιί
553 593 710 676 άμπελος,
728 589 818 671 ὑμεῖς
843 593 882 660 τά
908 595 1068 670 κλιίματα·
1095 594 1114 660 ὁ
1138 593 1247 670 μένων
1265 591 1301 656 ἐν
1319 589 1396 665 ἐμοί
1424 586 1520 660 κάτώ

358 715 394 782 ἑν
426 717 525 802 αὐτῷ,
557 713 653 784 οὗτος
688 719 782 808 φέρει
818 717 944 808 καρπὸν
979 719 1091 784 πολύν·
1132 718 1183 783 ὅτι
1218 715 1318 804 χωρίς
1355 715 1440 790 ἐμοῦ
1477 711 1517 776 οὐ

277 839 295 895 6
359 839 496 908 δύνασθε
520 838 625 908 ποιεῖν
648 842 754 908 οὐδέν.
789 842 846 909 ἐάν
865 843 908 919 μιί
937 867 986 910 τις
1012 840 1106 934 μείνη
1132 843 1167 908 ἐν
1189 841 1272 920 ἐμοί,
1290 839 1419 920 ἐβλιίθιι
1447 837 1519 906 ἔξω

359 967 406 1031 ὡς
427 967 465 1034 τὸ
485 971 594 1043 κλιίμα
619 969 672 1033 καί
694 970 870 1058 ἑξκράνθιι,
895 967 948 1034 καί
976 969 1167 1044 συνάτουσιν
1186 969 1267 1032 αὐτά
1295 965 1349 1031 καί
1372 961 1425 1030 εἰς
1450 968 1518 1052 πῡρ

359 1091 525 1174 βάλλουσι,
550 1094 604 1160 καί
632 1093 767 1164 καίεται.
1532 1111 1551 1169 5

278 1279 296 1324 ⁰
362 1261 594 1372 Ἀναφιινδδν
612 1266 632 1345 ὁ
653 1262 785 1369 Κύριος
802 1264 904 1364 ἡμῶν
921 1265 1065 1365 Ἰησοῦς
1083 1264 1104 1343 ὁ
1123 1261 1286 1369 Χριστὸς
1302 1260 1440 1362 ταύτης
1458 1295 1519 1341 τοι

307 1391 365 1468 καί
395 1387 505 1487 μάνης
535 1389 636 1469 ἕνεκα
665 1392 729 1488 τῆς
760 1387 884 1486 αἰτίας,
913 1385 1079 1494 ἀμπελσν
1105 1387 1171 1487 μέν
1199 1386 1323 1468 ἑαυτὸν
1351 1420 1518 1466 κατωνα-

306 1510 448 1612 μάσθαι
473 1514 600 1618 φησίν,
621 1509 709 1614 ὑπέρ
734 1519 799 1591 τοῦ
824 1510 981 1592 συνιέναι
1006 1517 1147 1618 σαφῶς,
1167 1511 1278 1607 μόνον
1296 1508 1332 1589 δέ
1352 1510 1433 1612 ου’χὶ
1451 1511 1518 1588 καὶ

307 1642 381 1719 τοῖς
408 1644 473 1716 τοῦ
499 1635 669 1742 σώματος
696 1638 902 1742 ὀφθαλμοῖς
929 1639 1093 1733 κατιδεῖν,
1118 1639 1167 1720 ὡς
1190 1637 1228 1714 ἐν
1252 1639 1365 1738 παχεῖ
1383 1666 1426 1711 τε
1452 1635 1518 1712 καί

307 1764 470 1867 αἰσθητῷ
489 1762 548 1838 καὶ
567 1758 759 1867 φανοτάτφ
779 1760 863 1840 λίαν
880 1759 1153 1864 παραδείγματι,
1173 1763 1222 1843 ὡς
1238 1765 1312 1842 τοῖς
1329 1754 1395 1854 μέν
1414 1757 1517 1865 αι’πῷ
1533 1784 1571 1824 ¹0

307 1889 576 1984 προσηλῶσθαι
598 1881 844 1984 σπουδάᾇιυσι
866 1886 924 1962 καὶ
948 1884 1063 1991 ἀπρὶξ
1083 1883 1263 1983 ἑλομένοις
1286 1887 1512 1985 προσπεφυ-

308 2009 414 2104 κέναι,
432 2006 616 2111 περιέποι
635 2010 757 2090 καλῶς
773 2003 815 2085 τὸ
842 2004 1023 2087 δύνασθαί
1043 2041 1082 2088 τε
1107 2011 1165 2088 καὶ
1191 2006 1392 2106 ἐπιπγδείως
1418 2004 1527 2110 ἔχειν·

307 2127 397 2234 πρὸς
425 2129 491 2230 τὴν
514 2134 578 2230 τῆς
606 2132 731 2233 ἀρετῆς
759 2127 962 2230 ἀποκύησιν
990 2134 1049 2210 καὶ
1077 2128 1324 2238 καρποφορίας
1351 2163 1515 2227 πνευμα-

142 2273 256 2334 em.
279 2258 416 2352 ατικῆς,
453 2254 737 2359 χορηγουμένους
774 2250 953 2352 δηλονότι,
991 2252 1154 2358 καθάπερ
1191 2257 1230 2334 ἐκ
1270 2251 1405 2354 μητρὸς
1446 2257 1514 2351 τῆς

308 2375 485 2476 ἀμπέλου,
503 2377 570 2477 τὴν
587 2377 632 2485 ἐξ
647 2379 754 2477 αὐτῆς
773 2375 924 2476 δύναμιν
942 2385 991 2463 είς
1008 2375 1050 2458 τὸ
1070 2379 1246 2458 δύνασθαι
1265 2381 1323 2457 καὶ
1341 2380 1511 2479 ἐνεργεῖν·
1528 2397 1564 2457 ¹5

308 2507 381 2584 τοῖς
410 2500 524 2601 γεμὴν
552 2501 828 2599 ἀποσπωμένοις
854 2499 991 2607 ὥσπερ,
1013 2502 1092 2602 ἤτοι
1119 2500 1426 2602 διακεκομμένοις,
1448 2507 1514 2602 τῆς

308 2629 357 2708 είς
378 2623 486 2702 αὐτὸν
504 2623 668 2728 σχέσεως
693 2623 752 2704 διά
776 2633 840 2705 τοῦ
860 2689 869 2707 .
890 2690 899 2707 .
921 2689 929 2707 .
951 2690 959 2707 .
980 2629 1157 2729 τραπῆναι
1178 2691 1187 2707 .
1208 2689 1217 2706 .
1238 2691 1247 2708 .
1267 2691 1276 2708 .
1295 2623 1387 2728 πρὸς
1413 2625 1439 2705 ἃ
1462 2625 1515 2726 μὴ

309 2747 382 2826 δεῖν
400 2749 459 2825 καὶ
483 2751 530 2829 εὶς
555 2743 699 2852 ἀπῳδὸν
716 2749 768 2854 τῷ
787 2752 870 2858 θεῷ
894 2752 1091 2848 πολιτείαν,
1109 2751 1255 2848 οὐδεμία
1276 2747 1343 2848 μέν
1361 2747 1516 2850 δύναμις

308 2869 554 2976 ἐποφθήσεται
581 2873 644 2969 τῆς
673 2876 721 2955 είς
748 2871 878 2975 ἀρετὴν
905 2870 1194 2974 ἐπιτηδειότητος,
1222 2873 1308 2952 ἀλλ’
1338 2871 1421 2952 οὐδὲ
1449 2881 1516 2955 τοῦ

308 2993 487 3074 δύνασθαι
506 3002 580 3081 τοῖς
599 2999 644 3076 ἐκ.
655 2999 719 3097 τῆς
738 2999 982 3102 ἀγαθουργίας
1004 2998 1209 3101 διαπρέπειν
1227 3005 1387 3102 καρποῖς,
1406 2999 1516 3080 ἐίνται
1527 3037 1564 3077 20

309 3117 347 3199 δέ
372 3126 528 3220 μᾶλλον,
552 3122 601 3205 ὡς
624 3122 669 3227 ἐξ
693 3119 851 3224 ἀνάγκης
878 3121 1123 3226 ἀπαραιτήτου
1150 3120 1290 3220 λοιπὸν,
1310 3121 1352 3201 τὸ
1380 3128 1515 3228 χρῆναι

273 3242 498 3352 θπαμφάγιρ
517 3249 748 3326 δαπανᾶσθαι
766 3245 863 3350 πυρί.
894 3244 936 3326 τὸ
955 3245 1027 3349 γάρ
1045 3245 1232 3350 ἄχρηστον
1246 3251 1295 3331 είς
1313 3246 1514 3355 εὐσέβειαν,

308 3366 505 3467 ἐπιτήδειόν
531 3403 609 3454 πως
636 3375 685 3454 εἰς
713 3367 756 3450 τὸ
784 3370 884 3455 δίκας
911 3367 1134 3450 ἀποτιννάειν
1161 3374 1265 3464 δοκεῖ,
1293 3368 1420 3473 ὥσπερ
1448 3373 1514 3452 οὖν

309 3489 434 3590 ἀμέλει
465 3495 524 3574 καὶ
555 3491 597 3574 τὸ
626 3493 777 3573 αὖανθέν
806 3496 844 3573 ἐν
871 3490 1036 3594 κλήμασι
1064 3491 1163 3602 μόνῳ
1194 3492 1378 3599 χρήσιμον
1405 3495 1512 3608 ἔσται

309 3615 408 3717 πυρί.
1111 3707 1120 3724 .
1524 3644 1562 3705 ²5

366 3738 505 3834 Λάβοις
533 3741 567 3820 δ’
587 3737 633 3821 ἀν
653 3746 727 3820 τῶν
749 3741 942 3843 εἰρημένων
963 3739 1218 3848 ἀναμφίλογάν
1235 3774 1275 3820 τε
1303 3742 1361 3820 καὶ
1389 3743 1511 3842 ἀληθῆ

309 3861 374 3964 τὴν
397 3861 590 3970 ἀπόδειξιν,
610 3865 651 3943 οὐ
678 3861 744 3948 τάς
769 3871 842 3945 τῶν
867 3865 1025 3970 ἀρχαίων
1047 3865 1159 3967 ἀγίων
1181 3863 1512 3968 περισκοπούμενος

309 3987 482 4096 κεφαλὰς,
500 3989 585 4068 ἀλλ’
606 3989 724 4072 αὐτοῖς
745 3989 895 4096 ἐπαφεὶς
916 3987 981 4089 τὴν
1000 3987 1157 4068 διάνοιαν
1174 3995 1249 4072 τοῖς
1274 3987 1388 4090 ἀγίοις
1411 3991 1509 4070 ἀπο-

309 4111 472 4198 στόλοις.
511 4117 544 4193 oi
571 4110 638 4212 μέν
662 4111 735 4216 γὰρ
762 4115 826 4212 τῆς
854 4118 902 4197 είς
928 4109 1094 4215 Χριστὸν
1117 4110 1260 4214 ἀγάπης
1288 4112 1364 4192 κατ’
1385 4113 1513 4196 σιἰδένα

344 4317 371 4366 4.
390 4297 454 4352 αδτίι
468 4297 500 4351 E.
512 4297 574 4352 αι’πδ
588 4296 639 4352 Εά.
781 4296 808 4353 6.
826 4296 897 4367 ἡμῶν
908 4305 1079 4368 assumptum
1091 4315 1124 4353 ex
1137 4297 1171 4354 Ε.
1320 4313 1362 4352 ιο.
1379 4297 1465 4354 ιιιίτὸν
1477 4299 1511 4354 Ε.

312 4386 353 4436 ¹4·
373 4365 564 4436 [legendumne
575 4367 793 4449 χορηγουμένοιιῑ
929 4383 969 4439 ¹7·
988 4371 1005 4399 “
1015 4369 1088 4423 Inter
1099 4372 1146 4423 τοῦ
1158 4375 1184 4422 ελ
1196 4369 1262 4440 πρὸς
1273 4367 1390 4438 spatium
1403 4369 1464 4423 circ.
1477 4369 1510 4423 16

308 4439 456 4492 litterarum
472 4455 588 4492 ναοαυια
603 4439 752 4493 rel1ctum.”
765 4437 797 4492 Ε.
829 4437 949 4492 Verbum
967 4442 1092 4508 τραπῆναι
1109 4439 1232 4566 εαρρίςνί
1248 4453 1280 4493 ex
1297 4455 1419 4510 ιηηιιαιπ
1436 4439 1509 4492 enim

308 4507 386 4562 valdo
397 4508 541 4572 abbreviat,
555 4508 662 4561 nonnisi
675 4509 751 4564 vacui
764 4519 866 4580 partem
880 4509 1003 4580 supplere
1015 4509 1134 4566 arbitrtu
1154 4527 1211 4566 um.
1248 4509 1371 4565 Fortasse
1382 4511 1509 4580 τραπῆναι

307 4574 461 4640 βοάλεσθαι,
474 4579 516 4632 vel
529 4577 649 4646 ἡρῆσθαι.
