3200 5092
67 337 175 404 τίἀιθ.
226 339 284 406 IN
315 341 352 406 S.
379 342 655 408 JOANNEM.
702 342 797 407 LIB.
813 342 856 408 V.
901 342 1004 408 CAP.
1029 341 1089 407 IV.
1226 341 1270 404 29

69 507 112 582 καὶ
134 503 187 583 διά
211 507 322 586 τοίαν
348 509 476 586 αἰτίαν
504 511 528 588 ὁ
557 507 732 612 μακάριος
761 505 1037 610 Εὐαγγελιστὴς
1065 506 1130 585 οὐκ
1157 507 1269 606 ἐγνω-

69 629 143 705 ιέιαι
165 633 278 734 φησὶν
296 633 512 716 Ἰουδαίους
541 633 598 712 ὅτι
622 630 687 712 τὸν
705 630 801 712 Θεὸν
824 634 942 716 αύτοῖς
968 633 1025 709 καὶ
1048 627 1186 734 Πατέρα
1211 625 1270 707 διὰ

67 753 181 832 τούτων
200 751 388 852 ἐσήμανεν
417 757 440 834 ὁ
472 755 654 859 Χριστὸς,
672 758 865 856 ἀναγκαῖον
890 759 1013 836 εἰπεῖν.
1050 749 1241 851 ἐπειδὴ
1195 785 1268 854 γαρ

70 875 124 974 ἔφη
145 873 230 978 πρὸς
252 877 392 962 αύτούς
420 881 443 958 ὁ
464 878 602 982 Σωτήρ
622 889 644 926 “
658 885 704 960 Εἰ
729 877 789 978 ἐμὲ
813 876 936 984 ᾔδειτε,
956 880 1015 957 καὶ
1039 875 1102 956 τὸν
1121 874 1298 1028 Ποτίραο
1311 863 1413 998 m

49 1011 87 1076 5⁴⁴
99 1033 159 1094 μου
180 998 223 1078 ἀν
239 999 396 1105 ᾔδειτε,”
418 1003 486 1082 ἵνα
515 1007 584 1082 κάν
608 1001 723 1110 τούτῳ
746 1002 860 1083 πάλιν
884 1004 1004 1101 ἀληθῆ
1029 1000 1206 1102 λέγων
1170 999 1266 1100 ευρί·

70 1155 189 1220 οτηται,
204 1120 287 1209 τοὺς
305 1126 583 1226 ἀγνοήσοντας
600 1125 664 1205 τὸν
681 1123 781 1223 Υὶὸν,
799 1129 1018 1226 ἀγνοοῦντας
1035 1121 1191 1229 εἰσφέρει
1210 1123 1269 1200 καὶ

70 1243 119 1322 τὸν
135 1249 285 1350 Πατέρα
327 1247 502 1352 θύρα
453 1283 530 1352 γαρ
549 1247 674 1353 ὥσπερ
692 1283 750 1328 και
738 1249 868 1348 πύλη
886 1282 940 1333 τις
958 1250 1038 1326 ἐστὶ
1055 1250 1119 1345 τῆς
1137 1251 1187 1329 είς
1204 1278 1269 1324 τον

73 1371 194 1472 Πατέρα
219 1373 405 1473 γνώσεως
437 1375 460 1453 ὁ
491 1371 593 1456 Υἱός·
647 1371 704 1452 διὰ
730 1381 836 1454 τοῦτο
864 1375 923 1452 καὶ
952 1369 1078 1472 ’ἐλεγεν
1102 1381 1124 1416 “
1139 1372 1268 1453 Οὐδεὶς
1312 1371 1401 1488 ¹¹¹fo

72 1493 225 1646 ἔρχεται
251 1529 349 1598 προς
380 1496 454 1576 τὸν
481 1496 687 1600 Πατέρα’
660 1532 689 1577 ει
717 1496 768 1648 μὴ
801 1498 892 1577 διΗ
874 1497 993 1596 εμοῦ.”
1042 1499 1090 1580 ὡς
1122 1491 1195 1597 γάρ
1226 1491 1297 1599 ἐξ·

39 1644 62 1684 ¹
51 1617 181 1702 (afim
202 1623 259 1699 ἐπι
282 1655 328 1702 το
357 1623 576 1727 ἀρχέτυπον
595 1621 837 1726 ἀνατρέχωνὸ
863 1629 943 1705 νοῦς
972 1623 1011 1699 ἐκ
1035 1628 1100 1699 τοῦ
1123 1652 1266 1720 παρεμ·

72 1743 240 1826 τἀτοντος
271 1745 394 1824 ἐκεῖνο
429 1743 659 1850 φαντάζεται.
706 1744 751 1846 ἦν
780 1745 842 1824 οὖν
873 1748 1068 1844 ἀναγκαῖον
1096 1741 1267 1847 ἐπιδεῖξαι

73 1863 138 1950 τοὺς
158 1869 353 1952 Ἰουδαίους
382 1866 494 1947 ούδέν
518 1871 724 1954 ἐννοοῦντας
748 1873 830 1970 περὶ
857 1867 1015 1970 Πατρέις,
1034 1867 1177 1969 ἐπείπερ
1202 1867 1267 1945 οὑκ

73 1989 235 2088 ἡθίληοαν
256 1991 473 2094 ἀναγώγως
498 1990 571 2071 ἀπὸ
596 1997 660 2092 τῆς
684 1993 853 2095 γνώσεως
879 1997 944 2092 τῆς
971 1999 1035 2072 τοῦ
1059 1996 1149 2070 Υίοῦ
1176 1987 1301 2090 πρὸςά

74 2111 126 2210 τὴν
140 2117 265 2194 ἐκείνου
284 2121 600 2220 χειραγωγεῖσθαι
624 2115 846 2222 κατάληψιν.
884 2115 941 2195 διὰ
960 2123 1067 2194 τοῦτο
1085 2120 1227 2216 γοργῶς
1246 2115 1266 2192 ὁ

41 2237 333 2339 ιὅλῖίαγγιλιστὴς
370 2241 570 2343 μονονουχὶ
603 2243 661 2318 καί
692 2239 975 2339 ἐπισημαίνεται,
1008 2238 1063 2318 ὅτι
1095 2238 1266 2340 λε’γοντος

74 2367 124 2436 τοῦ
145 2367 308 2463 Χριστοῦ
323 2366 383 2443 Ὁ
407 2360 560 2470 πέμφάς
586 2395 630 2462 με
658 2362 797 2464 ἀληθής
825 2365 936 2462 ἐστιν,
961 2369 1018 2443 ιύιι
1047 2362 1195 2466 ἔγνωσαν
1217 2359 1265 2442 ’ὅτι

75 2482 115 2562 τα
132 2487 265 2595 Πατέρα
284 2490 410 2572 αὐτοῖς
432 2485 557 2588 ἔλεγεν.

97 2733 190 2800 Ὀταν
216 2735 384 2816 ὑψώοιιτε
411 2735 468 2804 τὸν
495 2733 566 2803 υἷὸν
593 2741 650 2803 τοῦ
674 2735 861 2828 ἀνθρώπου,
887 2740 963 2806 τότε
989 2735 1153 2814 τνώοεοθε
1180 2738 1230 2804 ὅτι
1280 2731 1318 2787 2⁸

581 2862 648 2938 ἐτώ
673 2861 748 2941 εἰμι.

41 3047 67 3086 ²²
118 3023 206 3110 Τοὺς
232 3033 309 3106 τῶν
341 3031 478 3129 ἰατρῶν
502 3026 673 3128 ἀρίστους
701 3027 998 3127 ἀπομιμούμενος,
1026 3029 1090 3127 τῆς
1117 3027 1267 3121 ἐνούσης

76 3147 176 3232 α’ποῖς
205 3151 301 3230 κατά
335 3148 467 3256 ψυχὴν
495 3151 697 3254 ἀῤῥωστίας
730 3155 935 3254 ἀπογυμνοΐ
963 3151 1029 3250 τὴν
1060 3149 1263 3258 πρόφασιν,

78 3276 124 3348 καί
146 3271 186 3352 τὸ
212 3271 423 3354 διακωλύον
447 3272 575 3358 αὐτοὺς
603 3280 650 3359 εἷς
678 3273 745 3376 τὴν
770 3277 824 3356 ἐπ’
844 3277 941 3383 αύτῷ
967 3275 1117 3354 σύνεσίν
1140 3310 1178 3355 τε
1207 3277 1296 3354 καὶο

78 3395 184 3476 πίστιν
199 3399 287 3477 ῐίναι
305 3403 466 3500 γοργῶς,
484 3397 727 3480 ἀποκαλύπτει
745 3407 888 3506 σαφῶς.
933 3395 1051 3498 ἐπειδὴ
1070 3398 1142 3502 γὰρ
1162 3399 1210 3484 εἵς
1227 3435 1266 3480 τε

80 3519 133 3614 τὴν
162 3519 281 3622 σάρκα
313 3523 379 3600 καὶ
410 3520 453 3600 τὸ
485 3523 644 3602 ἐντεῦθεν
672 3525 869 3620 βλίττοντες
901 3523 1015 3626 γε’νος,
1047 3523 1157 3625 μικρά
1188 3559 1266 3608 πως

47 3655 72 3712 ²3
82 3647 202 3740 φρονεῖν
220 3646 454 3726 ἀνεπείθοντο
472 3649 554 3747 περὶ
576 3647 693 3744 αὐτοῦ,
712 3646 885 3747 κάλυμμα
909 3645 948 3726 δέ
973 3653 1078 3726 τοῦτο
1103 3654 1176 3731 τοῖς
1201 3652 1266 3748 τῆς

82 3766 214 3852 διανοίας
241 3770 391 3874 ἔχοντες
418 3769 632 3874 ὀφθαλμοῖς,
651 3772 714 3850 ούκ
740 3768 877 3877 ᾔδεσαν
901 3767 946 3849 ἂν
967 3767 1055 3849 ὄντα
1080 3767 1186 3868 Θεὸν,
1206 3775 1265 3850 καὶ

83 3893 273 3998 ἀτέφηνεν
295 3892 502 3995 ἄνθρωπος,
522 3893 722 3994 ἀναγκαίως
748 3895 866 3978 αὐτοῖς
891 3893 1121 4000 προσεφώνει
1145 3895 1265 3996 λέγων

79 4009 168 4094 Ὁται
193 4011 358 4126 ιἰφύσγιε
385 4017 438 4096 for
465 4015 529 4095 υίοι
554 4018 609 4096 τοῦ
636 4015 801 4125 ἀνθρώπου
828 4017 901 4098 τίτι
928 4015 1094 4120 γιύσεσθι
1120 4017 1169 4096 ’ίτι
1197 4018 1266 4120 ἐγιί

89 4243 319 4370 ww*
400 4311 462 4366 ε.
446 4239 851 4396 ῌίῖἶὲἶῇᾚαὲἐῗ
957 4255 1001 4394 ιζ
1016 4241 1265 4383 fflyssffl'}

87 4379 362 4454 alsy-ruendam
374 4393 405 4438 ut
418 4335 549 4437 adnotat
541 4401 598 4454 ιριο
609 4384 681 4440 Aub.
694 4383 768 4439 deest
780 4385 832 4439 hoc
844 4383 974 4439 verbum
968 4400 1033 4438 ma
1149 4400 1191 4439 20.
1209 4385 1265 4454 ὅρι’-

89 4455 209 4510 mm.
219 4453 350 4526 αδετις,
362 4454 412 4509 ned
424 4453 519 4508 παιδος
531 4454 599 4509 fone
610 4455 705 4510 mehun
717 4455 871 4510 exlubetB
970 4453 1012 4508 2⁶
1032 4452 1094 4508 ὄντα
1107 4456 1173 4510 θεόν
1184 4407 1265 4510 ed1d1

89 4591 122 4624 τοι
88 4533 234 4631 neobfl.
246 4575 315 4630 Θσδν
324 4575 385 4632 ὅπα
398 4575 483 4640 Aub„
497 4591 544 4646 qm
535 4573 664 4630 'adnotat
676 4578 743 4630 θεὸν
754 4574 864 4630 deesse
858 4593 887 4629 ιιι
898 4574 1052 4646 tpographo
1065 4594 1125 4630 suo.
