3274 5118
310 335 375 400 688
614 340 653 405 B.
678 339 890 406 CYRILLI
920 341 1211 407 ALEXANDR.
1405 333 1471 398 xvi·
1486 347 1524 415 15

311 501 382 608 ίμά
413 503 529 610 φησίν
558 505 640 604 ἔστι,
669 503 736 607 τὴν
765 511 814 592 εἰς
843 507 954 610 ἄκρον
981 507 1121 607 ἕνωσιν,
1150 505 1196 608 ἣν
1223 505 1299 612 ἔχει
1341 500 1447 606 πρὸς
1474 501 1528 580 τὸν

310 625 546 728 γεννήσαντα,
564 628 707 730 καὶτὸν
724 633 788 730 τῆς
806 629 1085 732 ὁμοονσιότητος
1106 629 1266 730 δύναμιν,
1285 629 1330 710 ἐν
1353 629 1527 728 σίπαραλ·

310 748 456 837 λάκτοις
482 753 597 834 οὖσαν
618 759 691 838 τοῖς
716 752 920 854 ἰθιαίμασιν,
939 755 978 834 ἐν
995 756 1133 862 ἀμφοῖν
1154 751 1214 836 &a
1239 753 1389 835 τούτου
1419 783 1530 851 πορει-

310 874 458 960 δεικνύς.
505 884 611 957 τοῦτο
646 877 681 958 δ’
713 873 759 956 ἂν
791 877 879 962 ἰδοις
916 879 975 958 καί
1012 876 1115 976 μάλα
1151 885 1283 984 σαφιΐις
1317 879 1369 958 ἐν
1404 873 1532 976 ἑτέροις

310 997 467 1100 λε’γοντα
493 998 585 1104 πρὸς
610 997 675 1082 τὸν
694 1001 842 1105 Πατέρα
870 1011 891 1049 “
906 997 1035 1082 Πάντα
1062 999 1135 1106 γὰρ
1162 999 1208 1083 τοί
1236 999 1308 1101 ἐμὰ
1342 1000 1412 1079 σά
1447 999 1552 1092 ἐοτςᾶ

310 1131 333 1170 “
350 1123 409 1202 καί
427 1121 474 1204 τὰ
491 1121 545 1204 σιί
562 1123 661 1224 ε’μά·”
690 1123 744 1210 οἰς
761 1124 834 1229 γὰρ
850 1123 945 1210 ὅλως
962 1123 1079 1206 ἔνεστι
1096 1125 1138 1207 τὸ
1153 1123 1395 1206 διαλλάττον
1417 1121 1531 1218 οὐδὲν,

310 1247 368 1328 καί
385 1247 410 1348 ἡ
428 1245 520 1328 κατιί
537 1249 620 1329 πᾶν
628 1249 747 1330 ὁτιοῦν
765 1249 942 1350 οὖσιοίθης
961 1245 1085 1351 ἰσότης
1101 1283 1142 1331 τε
1158 1254 1217 1330 καί
1238 1248 1439 1356 ἐμφέρεια,
1459 1251 1533 1328 πῶς

279 1372 374 1452 οοιίκ
399 1372 444 1454 ἂν
461 1369 531 1453 εἰεν
547 1371 660 1454 ταιίτιί
686 1378 732 1480 τῇ
757 1373 890 1480 φύσει;
920 1373 992 1479 ἔχει
1009 1375 1128 1455 τοίνυν
1146 1375 1167 1454 ὃ
1186 1372 1279 1458 Θεὸς
1301 1375 1369 1453 καὶ
1395 1367 1533 1470 Πατὴρ

308 1495 353 1602 ἐξ
379 1497 504 1578 ἑαυτοῦ
532 1531 573 1578 τε
605 1499 664 1578 καί
693 1499 732 1577 ἐν
760 1501 874 1606 ἐαυτῷ
901 1495 944 1578 τὸ
974 1497 1064 1578 ’ίθιον
1088 1504 1247 1598 Πνεῦμα,
1271 1495 1462 1578 τουτείντι
1493 1491 1531 1574 τὸ

302 1617 447 1723 Ἂγιον,
475 1623 521 1700 δι’
549 1621 592 1701 οὗ
618 1627 693 1706 τοῖς
720 1620 835 1723 ἁγίαις
864 1621 1084 1726 ἐναυλίζεταί
1106 1656 1147 1703 τε
1174 1622 1234 1703 καί
1261 1619 1529 1703 ἀποκαλύπτει
1541 1655 1568 1694 ιο

308 1741 500 1847 μυστήρια,
530 1745 595 1825 οὐκ
625 1745 664 1825 ἐν
692 1743 792 1853 τάξει
824 1749 870 1850 τῇ
904 1745 1102 1850 ὑπουργικῇ
1133 1742 1530 1848 παραλαμβανομένου

308 1865 400 1972 ’πρὸς
425 1876 544 1949 τοῦτο·
573 1866 624 1968 μὴ
652 1867 724 1973 γάρ
752 1873 874 1974 οἰηθῇς
900 1903 935 1950 τι
961 1877 1136 1950 τοιοῦτον·
1168 1869 1252 1950 ἀλλ’
1278 1870 1318 1949 ἔν
1346 1870 1460 1976 αὐτῷ
1488 1899 1526 1947 τε

309 1989 412 2076 ὄντος
438 1993 630 2090 οιίσιωδῶς,
652 1995 711 2073 καί
740 1992 784 2100 ἐξ
808 1993 916 2073 αὐτοῦ
943 1991 1131 2096 προϊόντος
1157 1992 1359 2095 άμερίοτως
1391 2025 1439 2073 τε
1468 1991 1527 2070 καὶ

308 2113 544 2216 ἀθιαστάτιος,
562 2119 611 2202 ὦς
628 2115 701 2198 ἰθιά
718 2151 755 2198 τε
775 2117 1063 2221 διερμηνεύοντος
1078 2115 1125 2198 τιί
1142 2119 1181 2198 ἐν
1199 2114 1229 2226 ᾧ
1251 2119 1310 2198 καί
1332 2119 1381 2225 ἐξ
1406 2115 1524 2216 οὗπέρ

307 2239 420 2320 ε’στιν.
459 2241 578 2340 ὁμιλεῖ
591 2239 664 2345 γὰρ
682 2241 750 2346 οὐχ
767 2240 892 2345 ἑτέρως
912 2246 957 2347 τῇ
976 2241 1092 2322 κτίσει
1109 2239 1213 2340 Θεὸς,
1232 2247 1262 2322 εἰ
1283 2239 1334 2342 μὴ
1353 2240 1404 2322 δι’
1427 2243 1520 2321 Υίοῦ
1534 2271 1562 2327 15

274 2364 346 2444 ᾱίν
370 2362 564 2465 Πνεύματι.
610 2366 697 2446 ἀλλ’
717 2365 805 2446 ἴδιον
832 2363 905 2469 γὰρ
934 2370 1083 2465 Πνεῦμα
1110 2363 1216 2447 τοῦτό
1247 2367 1423 2447 ἐστικαὶ
1456 2369 1521 2444 τοῦ

310 2491 551 2589 Μονογενοῦς,
570 2487 761 2587 ὀμοούσιος
778 2486 850 2592 γάρ
867 2492 946 2570 ε’στι
964 2494 1016 2596 τῷ
1034 2489 1167 2593 Πατρί.

363 2610 512 2710 Ἐπειδὴ
539 2613 668 2710 τοίνυν,
688 2615 814 2718 φησίν,
838 2610 1039 2718 ἐνιπτάρχον
1066 2612 1231 2720 φαίνεται
1258 2615 1310 2722 τῷ
1339 2617 1430 2721 Θεῷ
1459 2609 1516 2690 καί

310 2737 430 2838 Πατρί
446 2733 489 2815 τὸ
507 2736 544 2814 ἐν
563 2734 746 2834 Πνεύματι
769 2741 822 2846 τῷ
845 2737 923 2844 ἰδίιρ
948 2743 1023 2822 τοῖς
1045 2737 1159 2844 ἀξίοις
1175 2736 1515 2828 ἀποκαλύπτεσθαι,

308 2861 461 2962 ἐνεργεῖν
478 2893 517 2939 τε
544 2863 603 2940 καί
631 2860 673 2940 δι’
693 2860 803 2940 αὐτοῦ
830 2859 877 2942 τὰ
903 2859 1044 2965 ὅσαπερ
1072 2860 1116 2941 ἂν
1134 2858 1323 2962 βούληται,
1341 2862 1455 2961 κάμοὶ
1477 2855 1554 2938 δέιῡ

308 2991 415 3064 τοῦτο
433 2981 613 3088 πρόσεστι
632 2989 810 3092 φυσικῶς,
830 2983 890 3064 διὰ
913 2982 1049 3086 ταύτην
1066 2985 1190 3088 εἴρηκα
1213 2983 1280 3086 τὴν
1298 2987 1418 3066 αἰτίαν
1430 2981 1512 3065 ’Ότι

308 3110 348 3192 εἰι
375 3110 431 3190 τοῦ
459 3108 539 3214 ἐμοῦ
566 3107 742 3216 λαμβάνει
774 3113 835 3190 καί
864 3113 1058 3211 ιίναγγελιί
1080 3113 1168 3215 ὑμῖν.
1208 3109 1447 3215 ταραπέσθω
1475 3103 1511 3188 δὲ

308 3234 440 3334 μηδεὶς,
459 3230 546 3312 ὅταν
564 3234 603 3311 ε’ν
620 3231 757 3318 τούτοις
776 3230 888 3337 ἀκούῃ
906 3229 949 3311 τὸ
968 3235 1032 3332 τῆς
1051 3231 1202 3339 λήψεως
1224 3232 1350 3333 ὄνομα,
1368 3237 1507 3314 διενθυ-

308 3358 447 3456 μείσθω
466 3354 504 3436 δὲ
521 3363 667 3454 μᾶλλον
683 3358 806 3437 ἐκεῖνο·
838 3354 982 3460 δράσειε
1000 3355 1073 3458 γὰρ
1095 3355 1141 3436 ἂν
1158 3358 1287 3461 ὀρθῶς·
1317 3355 1373 3437 ὅτι
1391 3355 1509 3438 πάντα

280 3479 356 3560 ατὰ
382 3482 463 3584 περὶ
492 3484 587 3560 θεοῦ
612 3486 776 3560 λαλείται
803 3478 870 3580 μὲν
898 3479 981 3560 καθ’
1010 3479 1113 3580 ἡμᾶς,
1142 3488 1272 3562 νοεῖται
1299 3478 1417 3584 γεμὴν
1445 3479 1549 3580 ⁰¹3x²⁵

310 3605 433 3702 οὕτως,
463 3603 549 3684 ἀλλ’
579 3601 668 3707 ὑπὲρ
703 3603 809 3706 ἡμᾶς·
850 3599 1052 3704 λαμβάνειν
1080 3637 1120 3685 τε
1152 3605 1245 3686 οὕτω
1281 3601 1325 3686 τὸ
1359 3601 1510 3704 Πνεῦρά

310 3732 441 3834 φαμεν,
459 3725 499 3807 ἕκ
523 3759 563 3806 τε
589 3733 654 3808 τοῦ
680 3726 825 3832 Πατρίνς
853 3729 912 3810 καί
939 3735 1004 3812 τοῦ
1022 3732 1114 3808 Υἰοῦ
1141 3726 1188 3810 τιί
1215 3729 1343 3826 αὐτῶν,
1365 3728 1434 3835 αιίχ
1463 3729 1509 3810 ὧς

309 3847 398 3932 ποτὲ
432 3847 500 3951 μὲν
532 3851 597 3931 οὐκ
633 3849 717 3956 ἕχον
752 3851 819 3952 τὴν
854 3854 1008 3932 ἐνοῦσαν
1041 3853 1161 3938 αὐτοῖς
1196 3852 1337 3955 γνῶσίν
1374 3887 1416 3933 τε
1452 3851 1507 3934 καί

310 3974 470 4076 δύναμιν,
499 3973 582 4082 ἕχον
612 3973 651 4055 δὲ
682 3973 764 4056 τότε
795 3973 902 4076 μόλις
931 3974 1020 4057 ὅταν
1049 3979 1172 4076 νοῆται
1203 3973 1407 4076 λαμβάνον·
1458 3977 1508 4058 ἀεὶ
1614 3985 1616 4064 Ι

309 4097 381 4204 γὰρ
408 4096 531 4210 σοφὸν
553 4103 612 4181 καὶ
639 4097 791 4181 δυνατὸν
813 4099 856 4181 τὸ
883 4095 1035 4201 Πνεῦμά
1059 4101 1149 4199 ἐστι,
1168 4105 1315 4200 μθλλον
1338 4099 1377 4181 δὲ
1404 4099 1547 4186 αιίτιίᾶο
1615 4076 1617 4156 ἰ

309 4257 432 4329 χρημα
454 4223 572 4331 σοφία
597 4227 656 4305 καὶ
680 4223 838 4325 δύναμις,
856 4224 921 4305 οὐκ
945 4225 984 4304 ἐκ
1008 4227 1163 4330 μετοχῆς
1188 4227 1252 4324 τῆς
1275 4221 1387 4325 τινὸς,
1408 4221 1507 4305 α’λλᾶ

312 4519 370 4627 ¹63.
372 4502 653 4648 γἶρίντιιιινωιίἰιόρίιίιρὲρυε.
658 4507 755 4647 {aa
755 4504 807 4561 Ed.
1028 4524 1056 4580 9.
1074 4507 1156 4578 ἑαυτῷ
1170 4505 1231 4577 aq.
1245 4503 1359 4560 Vaccus.
1372 4505 1442 4578 αὐτῷ
1458 4507 1506 4561 Ed.

345 4611 352 4628 .
406 4595 424 4646 ρ
614 4593 647 4631 ex
679 4614 686 4630 .
756 4593 797 4632 co.
