3238 5114
302 360 366 428 τοο
606 365 645 434 Β.
669 363 876 431 omnm
905 363 1197 434 ALEXANDR.
1366 361 1507 444 κιαι,

299 529 374 606 τιῦν
394 528 525 609 ἀδικεῖν
547 527 724 610 εἰωθότων
746 527 787 611 τῦ
815 535 911 611 θεῖον
938 529 1127 630 ἀσύνηθες,
1154 531 1209 609 ἀεὶ
1236 521 1455 626 διαλύρπον
1471 525 1509 602 ἐν

300 651 559 752 ἀκαταλήκτοις
577 661 651 739 τοῖς
668 655 811 734 ἐνοῦσιν
828 653 925 762 αὐτῷ
942 651 1246 754 πλεονεκτήμασι.

356 775 555 877 Λελιίληκοι
579 778 698 857 τοίνυν
723 778 753 858 ἑν
779 785 826 886 τῷ
854 781 974 887 κόσμῳ
998 775 1225 874 τὰτοιαῦτα,
1249 776 1384 882 φησὶν,
1399 773 1508 852 ἰἰαοῖ

300 896 462 1002 ήμέτεροι
497 903 654 1000 μαθηταὶ
690 898 745 994 τήν
772 897 851 1006 ι’μῖμ
886 899 992 998 έχουσι
1030 897 1143 1008 χαρῖιν
1175 893 1442 1004 πεπληρωμένην
1481 895 1509 972 ἐι

271 1027 428 1108 οαῦτοῖς·
466 1029 543 1108 πῶς
570 1021 610 1103 δέ
634 1021 658 1123 ή
684 1023 765 1103 τίνα
791 1020 937 1126 τρόπον,
964 1025 1112 1126 ἐροῦμεν
1135 1029 1304 1117 εἰσαῦθις,
1329 1027 1414 1102 ταῖς
1435 1022 1533 1102 τῶνὸ

300 1145 425 1247 λόγων
452 1147 645 1255 ἀσαφείαις
678 1153 892 1254 φιλονεικεῖν
924 1148 988 1227 ούκ
1020 1145 1250 1248 ὀκνήσαντες·
1287 1141 1411 1252 ᾤοντο
1443 1140 1510 1238 μὲν

299 1268 373 1375 γὰρ
399 1277 433 1352 οί
464 1269 630 1376 μακάριοι
660 1275 827 1372 μαθηταὶ,
855 1269 1031 1356 συνόντος
1059 1271 1179 1355 αὐτοῖς
1205 1271 1265 1349 καὶ
1291 1265 1509 1366 συνδιατρί-

298 1401 429 1490 βοντος
463 1402 529 1476 τοῦ
561 1400 736 1497 Χριστοῦ,
770 1397 884 1494 δῆλον
921 1393 960 1474 δέ
997 1393 1053 1475 ὅτι
1089 1392 1182 1474 κατὰ
1211 1389 1335 1496 σάρκα
1369 1389 1508 1494 φαμέν,

298 1516 423 1618 πάσης
449 1517 514 1618 μέν
540 1517 695 1604 εὐκόλως
721 1517 1081 1624 ἀπολλαχθήσεσθοι
1108 1521 1313 1622 συμφορᾶς,
1338 1517 1403 1594 καὶ
1431 1547 1508 1593 κιν-

300 1640 426 1750 δύνους
449 1641 531 1726 τοῦς
555 1643 600 1750 ἐξ
620 1642 803 1723 Ἰουδαίων
820 1641 1135 1745 ποραδραμεῖσθαι
1159 1640 1301 1748 ῥᾳδίως,
1318 1636 1511 1718 ἀνάλωτοί
1521 1671 1549 1711 ιο

300 1798 338 1845 τε
364 1753 539 1865 διαμένειν
555 1773 630 1852 τοῖς
654 1764 821 1846 ἐθέλουσι
843 1774 988 1846 κακοῦν·
1025 1764 1290 1870 κεχωρισμένον
1307 1757 1428 1864 γεμὴν
1447 1763 1506 1839 καὶ

299 1887 390 1990 πρὸς
408 1886 450 1968 τὸ
475 1888 550 1970 ἅνω
576 1887 821 1994 χωρήσαντος,
838 1891 947 1970 παντὶ
970 1887 1036 1990 μέν
1054 1890 1202 1987 ἑτοίμως
1224 1891 1507 1990 περιπεσεῖσθαι

299 2011 460 2119 κινδύνῳ,
487 2011 552 2093 τὸν
579 2011 617 2093 δέ
644 2013 702 2094 ἐπὶ
729 2019 803 2098 τοῖς
830 2011 999 2117 ἐσχάτοις
1028 2013 1214 2112 ῦπομεῖναι
1241 2010 1422 2106 κίνδυνον,
1456 2011 1507 2091 ῦς

299 2133 441 2221 οῦδενῦς
469 2135 572 2221 ὄντος
601 2135 653 2216 ἐτι
682 2143 747 2217 τοῦ
780 2139 933 2239 διαρκοῦς
963 2135 1208 2236 ἐπαμύνοντος
1240 2137 1299 2214 καὶ
1329 2130 1400 2232 τήν
1429 2138 1506 2211 τῶν

265 2267 511 2362 ἁπειρασμιῦν
536 2263 790 2346 διαπτοοῦντος
807 2260 949 2367 ἔφοδον.
987 2257 1198 2360 διὰταύτην
1217 2259 1281 2338 οῦν
1298 2255 1366 2355 τήν
1385 2255 1503 2335 αἰτίαν
1516 2283 1548 2343 ¹5

300 2382 371 2484 ἄρα
390 2385 410 2462 ὁ
432 2385 562 2486 Κύριος
582 2384 683 2484 ἡμῶν
696 2385 844 2484 Ἰησοῦς
860 2384 880 2462 ὁ
899 2380 1072 2486 Χριστὸς,
1090 2384 1172 2462 οὔτε
1194 2379 1260 2480 τήν
1278 2376 1385 2486 ἅπαξ
1401 2383 1502 2484 ληφ-

300 2511 426 2586 θεῖσαν
453 2507 667 2610 ἀρνούμενος
691 2505 961 2610 ἀνθροπτότητα,
989 2507 1070 2586 οὔτε
1094 2503 1167 2607 μὴν
1192 2508 1257 2604 τῆς
1283 2509 1501 2605 θεοπρεποῦς

299 2629 466 2736 ἐξουσίας
483 2633 522 2710 έν
534 2631 648 2736 ἐνδείᾳ
665 2628 840 2733 γεγονότα
858 2628 993 2714 δεικνῦς
1011 2627 1146 2726 ἑαυτὸν,
1157 2637 1264 2709 τοῦτο
1282 2627 1425 2706 κάκεῖνο
1443 2623 1502 2706 διὰ

299 2759 372 2832 τῶν
386 2751 509 2855 λόγων
526 2753 703 2860 ἐφαίνετο,
714 2753 884 2834 δεδόσθαι
900 2751 966 2853 μέν
983 2755 1031 2840 ὦς
1049 2751 1227 2860 ἀνθρώπῳ
1242 2751 1361 2853 λέγων
1374 2749 1420 2830 τὸ
1438 2754 1501 2850 τῆς

299 2873 463 2975 θεότιμος
491 2874 613 2976 ὄνομα,
636 2879 892 2958 ἀποτελεῖσθαι
920 2875 1033 2980 γεμήν
1050 2878 1089 2956 έν
1115 2877 1212 2983 αύτῷ
1239 2876 1297 2955 καὶ
1325 2873 1369 2953 δι’
1391 2874 1500 2954 αὐτοῦ
1513 2907 1545 2948 ιο

297 2998 397 3102 παρὰ
424 2998 571 3105 Ποτρῦς
595 2997 661 3102 τήν
686 2999 745 3082 ἐπὶ
768 3007 843 3086 τοῖς
866 2999 1076 3100 σεβομένοις
1100 2997 1209 3079 αὐτὸν
1231 2997 1346 3106 φειδοῖ
1373 3030 1414 3076 τε
1443 3001 1501 3077 καὶ

297 3121 460 3226 τήρησιν.
497 3126 536 3206 τί
560 3123 599 3206 δὲ
626 3123 697 3227 ἄρα
721 3121 765 3204 τῦ
788 3130 919 3230 σοφῶς
941 3122 987 3224 ἦν
1011 3125 1049 3204 ἐν
1072 3121 1210 3207 τούτοις
1233 3122 1498 3230 ἐξηρτυμένους

297 3247 357 3326 ἵνα
384 3247 428 3348 δή
455 3248 600 3347 μάθοιεν
624 3253 658 3330 οί
685 3245 854 3351 μακάριοι
881 3249 1040 3348 μαθηταὶ
1067 3249 1126 3327 καὶ
1153 3251 1294 3326 συνεῖεν
1319 3245 1359 3324 εῦ
1386 3243 1501 3344 μάλα,

297 3369 433 3452 λεπτὸν
451 3370 714 3472 ἐπιστήσαντες
735 3377 788 3480 τῷ
811 3369 995 3478 λεγομένῳ
1013 3367 1078 3451 τὸν
1096 3377 1192 3469 νοῦν,
1211 3367 1266 3450 ὅτι
1292 3373 1351 3450 καὶ
1378 3368 1502 3450 συνὼν

296 3491 388 3593 μετὰ
411 3493 558 3598 σαρκὸς,
576 3497 618 3575 οῦ
637 3493 695 3575 διὰ
719 3494 850 3595 ταύτης
875 3495 994 3578 αὐτοῖς
1017 3491 1064 3574 τὰ
1092 3499 1141 3578 εἰς
1166 3490 1350 3595 σωτηρίαν
1373 3493 1498 3596 είργιί-
1512 3523 1540 3582 ²5

298 3615 386 3720 ζετο,
405 3617 491 3698 ἀλλ’
510 3620 548 3698 ἐν
574 3625 620 3725 τῇ
648 3623 713 3719 τῆς
740 3617 908 3720 θεότητος
935 3617 1026 3726 δόξῃ
1054 3620 1112 3699 καὶ
1135 3618 1281 3718 δυνοίμει
1305 3621 1351 3720 τῇ
1379 3651 1497 3698 παντ-

188 3844 191 3851 .
299 3746 431 3850 ουργῲ.
477 3740 580 3823 οὐδὲν
605 3743 669 3823 οὖν
700 3742 782 3848 ἄρα,
810 3745 937 3848 φησὶν,
965 3741 1127 3844 ἀδικήσει
1153 3740 1236 3826 τοῦς
1263 3738 1430 3840 μαθητὰς
1459 3739 1499 3821 τὸ

133 3881 252 3940 om.
269 3861 350 3964 νμὴ
375 3853 539 3971 παρεῖναι
565 3865 656 3968 μετὰ
683 3863 830 3969 σαρκός,
857 3871 921 3966 τῆς
946 3869 1064 3966 θεῖκής
1091 3864 1260 3972 ἐξουσίας
1283 3871 1349 3944 τοῦ
1368 3869 1497 3944 Μονο·ἱ

297 3999 423 4092 γενοῦς
459 3989 644 4096 διασώζειν
681 3987 837 4076 εὐκόλως
873 3989 1068 4089 δυναμένης
1105 3987 1244 4086 αῦτοῦς,
1277 3985 1345 4068 κᾶν
1375 3992 1410 4068 εἰ
1447 3985 1497 4090 μή

298 4113 462 4222 φαίνοιτο
482 4123 653 4220 παροῦσα
674 4111 785 4220 τυχὸν
809 4113 832 4214 ή
855 4112 967 4222 σάρξ.
1507 4144 1533 4200 3ο

353 4240 428 4320 Καὶ
452 4237 565 4320 ταῦτα’
593 4245 723 4344 φαμεν,
749 4237 814 4318 οῦκ
843 4240 882 4318 ἐν
908 4239 961 4346 τῷ
990 4239 1112 4338 μηδενὶ
1143 4233 1296 4320 τιθέντες
1323 4231 1367 4315 τὸ
1397 4233 1496 4339 ἅγιον

298 4366 408 4460 σῶμα
425 4369 489 4442 τοῦ
504 4365 680 4466 Χριστοῦ,
698 4360 749 4464 μή
768 4361 918 4466 γένοιτο,
937 4361 1022 4443 ἀλλ’
1043 4357 1098 4441 ὅτι
1116 4357 1182 4461 τήν
1199 4361 1257 4441 ἐπὶ
1276 4365 1351 4444 τοῖς
1368 4371 1492 4442 τελου-

475 4607 501 4662 3.
519 4589 551 4648 ἶν’
565 4591 597 4646 E.
866 4607 908 4664 19.
926 4589 1048 4666 ἐφαίνετο
1059 4587 1321 4664 ιοςυιοριυιοοκΕ.
