3248 5112
130 346 194 426 xiv.
209 365 260 434 23.
429 349 485 414 IN
516 349 548 414 S.
574 349 595 414 J
601 349 829 416 OANNEM.
877 349 970 414 LIB.
995 348 1036 412 X.
1262 345 1327 410 40⁷

131 509 235 595 θεός·
267 516 300 592 οὶ
322 512 361 594 δὲ
385 514 444 595 διὰ
460 512 583 615 πάσης
601 518 727 618 ἀρετῆς
742 513 806 596 τὸν
824 520 950 595 οἰκεῖον
968 509 1362 614 καταλαμπρῦνοντεςά

131 641 227 733 νοῦν,
244 635 382 741 ἔχοντές
406 673 444 718 τε
469 637 538 739 ἤδη
564 637 655 742 πρὸς
679 636 721 720 τῦ
746 638 937 738 μανθάνειν
954 637 1156 736 ἐπιτηδείως
1181 632 1227 713 τὰ
1251 632 1329 714 θεῖά

130 789 169 836 τε
197 762 255 838 καὶ
283 762 505 864 κεκρυμμέναι
532 760 723 863 μυστήρια,
749 761 815 862 τὴν
838 761 897 842 διὰ
924 769 988 842 τοῦ
1015 759 1226 860 Πνεῦματος
1254 757 1324 857 λή-

130 885 264 986 ψονται
296 887 499 993 δᾳδουχίαν,
527 889 587 966 καὶ
614 882 722 966 αὐτὸν
750 889 787 966 ἐν
813 887 949 970 ἑαυτοῖς
976 882 1233 966 ε’ναιυλισθένται
1263 879 1328 962 τὸν

96 1015 115 1074 5
134 1007 269 1110 Κύριον
287 1017 361 1094 τοῖς
388 1015 452 1110 τῆς
475 1011 629 1094 διανοίας
655 1007 925 1112 ἐπαθρὴσουσιν
943 1011 1158 1117 ὀφθαλμοῖς.
1200 1009 1327 1092 οὐκοῦν

131 1129 174 1208 οῦ
191 1130 291 1232 κοινὴ
308 1139 382 1217 τοῖς
400 1133 528 1218 ἀλλοις
545 1139 618 1212 τῶν
637 1133 749 1236 ἁγίων
767 1134 789 1232 ἡ
808 1139 954 1236 γνιῦσις,
973 1133 1057 1212 ἀλλ’
1076 1131 1253 1236 ἐξαίρετός
1274 1165 1328 1214 τις

131 1255 189 1332 κοῦ
218 1256 432 1360 διωρισμένη
459 1259 518 1337 καὶ
545 1254 691 1356 πολλὴν
712 1255 848 1362 ἔχουσα
874 1255 940 1356 τὴν
966 1253 1154 1362 διαφοράν.
1195 1257 1333 1363 ὠφελεῖ

132 1387 322 1481 τοιγαροῦν
341 1379 399 1461 διὰ
423 1379 559 1465 παντὸς
583 1381 677 1480 ἡμᾶς
703 1378 817 1483 λόγου
841 1415 880 1460 τε
908 1382 966 1460 καὶ
992 1375 1128 1482 τρόπου
1151 1375 1323 1482 Χριστός.

129 1501 361 1604 πρῶτονμὲν
385 1502 467 1608 γὰρ,
489 1504 543 1589 τίς
570 1505 590 1584 ὃ
618 1505 727 1585 αὐτὸν
754 1505 906 1607 ἀγαπῶν
933 1503 971 1582 εὖ
996 1501 1099 1602 μάλα
1126 1501 1355 1604 διαρίζετιιι,ο

77 1653 117 1694 10
132 1623 265 1711 δεικνῦς
290 1625 338 1713 ὥς
362 1662 404 1728 γε
428 1663 490 1728 μοι
514 1629 677 1735 φαίνεται
700 1631 759 1708 καὶ
785 1635 877 1708 νοεῖν
896 1626 1033 1708 ἔπεισιν
1050 1627 1175 1729 ὀρθῶς,
1194 1628 1242 1710 ὡς
1261 1625 1328 1728 οῦχ

129 1745 269 1830 ἅπασιν
294 1753 428 1860 ἐφεῖται
461 1759 589 1848 λαβεῖν
615 1750 681 1852 τὴν
708 1759 773 1832 τοῦ
801 1751 1026 1856 χαρίσματος
1053 1748 1212 1849 δύναμιν,
1240 1749 1326 1828 ἀλλ’

131 1872 262 1978 οἷσπερ
286 1874 331 1955 ἀν
352 1874 554 1981 ἐνυπάρχον
579 1877 695 1984 ὁρῷτο
723 1873 765 1956 τὸ
793 1879 857 1974 τῆς
883 1878 932 1960 εἰς
959 1873 1068 1956 αὐτὸν
1091 1873 1328 1978 γνησιότητος

131 1997 299 2102 καύχημα
317 1997 375 2079 διὰ
393 2007 457 2080 τοῦ
473 2003 630 2103 τηρήσω
646 1997 712 2084 τὰς
730 1995 889 2084 ε’ντολάς.

190 2119 282 2202 Εἶτα
300 2122 380 2203 τίνα
398 2123 532 2226 τρόπον
551 2125 670 2209 οῦτοΐς
689 2120 900 2229 ε’πιλάμψει,
916 2127 994 2206 πῶς
1019 2120 1057 2203 δέ
1081 2122 1199 2207 αὐτοῖς
1217 2122 1323 2224 ε’γκα·

78 2273 116 2332 15
133 2245 409 2346 τοικισθήσετιιι,
421 2245 534 2350 λέγει·
552 2249 746 2350 Ἀγιιπιὶαει
766 2245 837 2348 γὰρ
856 2248 952 2328 ιιῦτδι
967 2255 982 2328 o‘
997 2249 1112 2352 Πιιτῆρ
1129 2281 1205 2350 μιν,
1219 2245 1325 2351 φησί.

130 2369 324 2470 τετιμηκάις
351 2368 424 2473 γάρ
451 2405 503 2456 τις
532 2369 576 2450 δι’
599 2372 790 2454 εὐπειθείας
817 2375 880 2469 τῆς
913 2373 960 2454 εἷς
990 2368 1054 2448 τὸν
1076 2367 1167 2449 Υὶὸν
1195 2367 1259 2449 τὸν
1286 2367 1331 2476 ἐξ

131 2492 241 2596 οἶπτέρ
277 2495 357 2575 ε’στι
391 2480 598 2598 γεννήταρα,
631 2491 770 2598 καρπὸν
806 2493 878 2600 ἕξει
914 2500 978 2574 τοῦ
1014 2491 1226 2596 πράγματος
1261 2490 1357 2592 τὴνι
1384 2517 1501 2583 831Δ.,

130 2616 329 2718 ἀγάπησα.
379 2613 455 2698 εἶτα
488 2619 526 2699 τί
554 2618 597 2699 τὸ
630 2621 788 2698 ἐντεῦθεν
818 2619 994 2715 ἀνατελεῖ,
1024 2622 1131 2697 ποῖον
1160 2615 1199 2696 δὲ
1232 2617 1328 2724 αὐτῷ

130 2741 314 2844 περιέποι
338 2739 380 2822 τὸ
405 2741 526 2847 κέρδος
550 2741 669 2850 σαφὲς
689 2741 864 2826 καθιστάς
882 2738 1112 2846 Ἐλιασίμεθά
1130 2745 1224 2847 φησι
1244 2739 1327 2846 πρὶν

76 2864 226 2946 αοαιῦτλι
258 2866 328 2968 ε’γῦι
362 2874 422 2948 καὶ
457 2875 472 2948 ἀ
506 2865 633 2972 Παιτλρ,
664 2873 723 2947 καὶ
755 2862 849 2970 μοιλι
877 2869 957 2970 παρ’
986 2870 1076 2974 αὐτῷ
1104 2861 1323 2967 ποιησέμεθιι.

129 2989 409 3090 κατοικήσαντος
435 2989 507 3092 γάρ
531 2993 569 3069 έν
587 2990 671 3088 ἡμῖν
689 2997 753 3068 τοῦ
772 2992 940 3090 Σωτῆρος
965 2988 1066 3086 ἡμῶν
1084 2991 1248 3090 Χριστοῦ
1266 2985 1326 3066 διά

129 3119 194 3191 τοῦ
211 3113 338 3215 Ἀγίαν
361 3111 580 3212 Πνεῦματος,
598 3110 771 3192 συνέσται
798 3107 915 3210 δήπου
941 3109 1084 3194 πάντως
1110 3113 1167 3189 καὶ
1193 3112 1213 3190 ὁ
1239 3144 1323 3212 γεν-

130 3232 245 3333 νήσας
263 3234 382 3317 αῦτόν·
408 3242 557 3335 Πνεῦμα
576 3234 648 3338 γὰρ
666 3236 725 3314 καὶ
744 3235 935 3314 αὐτοῦτοῦ
954 3231 1099 3335 Πατρὸς
1116 3229 1159 3312 τά
1177 3237 1327 3331 Πνεῦμα

129 3363 307 3460 Χριστοῦ·
343 3362 401 3440 καὶ
429 3366 519 3461 γοῦν
544 3359 564 3438 ὁ
589 3356 782 3442 θεσπέσιος
806 3363 955 3442 Παῦλος
984 3361 1036 3462 τῇ
1063 3353 1129 3455 μέν
1150 3356 1240 3436 ’ίδιον
1262 3365 1326 3436 τοῦ

76 3491 115 3552 ²5
131 3482 286 3586 Πατρὸς,
308 3488 361 3590 πῇ
388 3481 427 3564 δὲ
453 3489 518 3562 τοῦ
539 3485 630 3562 Υἱοῦ
658 3479 700 3561 τὸ
729 3479 881 3580 Πνεῦμά
908 3487 1035 3588 φησιν,
1060 3483 1102 3560 οῦ
1128 3487 1202 3565 ταῖς
1227 3481 1324 3566 ἰδίοις

129 3607 348 3688 ἀντιτάττων
382 3604 519 3709 λόγοις,
555 3606 743 3706 ἀληθεύων
779 3602 816 3685 δὲ
852 3612 997 3704 μᾶλλον
1029 3606 1111 3685 καθ’
1143 3604 1354 3708 έκάτερονῚ)

130 3731 202 3836 ἕχει
230 3727 301 3832 γάρ
329 3733 421 3811 οὕτω
449 3737 494 3836 τῇ
522 3731 644 3836 φύσει.
690 3730 788 3831 λέγει
813 3730 931 3810 τοίνυν
952 3729 1042 3833 πρός
1067 3764 1175 3826 τινας,
1194 3729 1250 3808 ὅτι
1268 3731 1323 3808 “ὁ
1368 3738 1460 3852 ξχωχ

1309 3851 1320 3880 χ
1412 3837 1419 3851 .
1465 3841 1471 3854 .

129 3863 151 3902 “
169 3855 306 3956 ἐγείρας
339 3851 504 3958 Χριστὸν
532 3854 677 3955 Ἰησοῦν
708 3856 746 3934 ἐκ
783 3859 916 3955 νεκρῶν
949 3851 1157 3954 ζωοποιήσει
1189 3855 1247 3932 καὶ
1278 3887 1325 3932 τα

129 3988 151 4026 “
170 3975 284 4078 θνητά
312 3977 468 4078 σώματα
500 3980 609 4078 ὑμῶν,
638 3976 696 4059 διά
727 3986 791 4057 τοῦ
823 3979 1039 4060 ἐνοικοῦντος
1068 3978 1176 4056 αῦταῦ
1208 3977 1323 4055 Πνεῦ-

72 4126 113 4184 30
128 4111 149 4148 “
168 4136 282 4200 ματος
308 4103 346 4181 ἐν
374 4103 486 4200 ῦμῖν,”
516 4099 591 4181 εἶτα
622 4099 734 4181 πάλιν
752 4077 877 4180 “”Ὀτι
905 4097 948 4177 δέ
971 4101 1053 4178 ε’στε
1083 4099 1160 4194 υἱοὶ,
1188 4099 1318 4203 ἐξοπέ-
1367 4124 1491 4175 (mim.

127 4236 148 4273 ‘⁶
167 4235 311 4306 στειλεν
330 4225 351 4305 ὁ
371 4223 465 4309 θεὸς
482 4224 526 4304 τὸ
544 4230 695 4321 Πνεῦμα
711 4231 775 4304 τοῦ
793 4228 884 4303 Υὶοῦ
903 4223 1012 4302 αῦτοῦ
1031 4220 1160 4306 εἰςτὰς
1179 4223 1322 4324 καρδίας

164 4515 189 4570 3.
209 4497 361 4568 κεκριμμίνο
376 4497 407 4550 Ε.
504 4511 528 4568 5.
548 4495 742 4566 ε’ποθρήαουσιν
755 4495 819 4549 E.F.
834 4493 905 4548 Catt.
920 4491 968 4548 Ed.
984 4511 1038 4564 mg.
1052 4491 1257 4562 ι’παθροίσαυσιν
1271 4491 1322 4549 Ed.

131 4570 171 4626 16.
189 4591 228 4626 τις
240 4577 410 4641 assumptum
423 4587 455 4623 ex
469 4567 501 4622 Ε.
610 4582 652 4634 27.
671 4571 685 4618 ὁ
698 4577 867 4636 assumptum
880 4583 912 4618 ex
927 4563 957 4617 E.

172 4671 242 4716 von.
260 4671 297 4716 11.
701 4669 718 4733 3
736 4669 750 4708 s
