3248 5112
111 382 214 428 xm.
302 365 358 430 IN
388 366 422 432 S.
447 367 703 456 JQANNEM.
748 365 844 431 LIB.
868 367 908 430 X.
954 365 1128 432 CARII.
1248 365 1312 428 5³9

112 585 136 625 „
157 526 360 637 ἑτερόφυλα
388 537 587 617 παντελῶς·
628 534 741 618 οὕτως
773 532 841 637 οὐχ
872 529 1061 630 όμοοόσιος
1094 526 1229 612 όΥίὸς
1260 533 1312 634 τῷ

112 711 138 749 ,,
160 657 290 755 Πατρὶ,
327 655 491 755 διέστηκε
528 654 567 736 δὲ
610 656 703 737 κατὰ
741 654 839 737 πολὺ
880 659 938 735 καὶ
974 655 1151 754 οὐσιώδης
1186 649 1312 734 αὐτοὺς

113 834 139 872 ,,
159 775 299 880 διείργει
326 778 448 882 λόγος,
466 779 501 860 εἴ
525 814 568 882 γε
593 781 613 860 ό
638 780 703 880 μέν
726 783 805 860 ε’στι
832 778 1043 882 γεωργὸς,ό
1071 776 1110 858 δὲ
1137 780 1310 877 ἄμπελος.

114 957 140 994 ,,
159 896 303 1004 ὅτιγὰρ
322 903 386 982 οὐκ
403 901 561 1006 εὐλόγως
578 903 670 988 τινές
688 909 736 988 είς
754 901 818 986 τὸν
835 907 899 1002 τῆς
920 900 1010 997 μετὰ
1027 900 1163 1003 σαρκὸς
1181 906 1315 981 οἰκονο-

73 1050 140 1119 5,,
159 1023 241 1120 μίας
269 1025 383 1127 λόγον
410 1023 630 1108 τὰτοιαῦτα
658 1033 891 1130 περιενεγκεῖν
918 1024 1220 1131 ἐπιχειρήσουσιν,
1251 1027 1314 1105 οὐκ

116 1206 141 1242 ,,
161 1145 262 1227 ἔστιν
286 1151 506 1256 ἀμφίβολον.
545 1152 588 1230 οὐ
615 1149 686 1252 γὰρ
714 1147 779 1248 τὴν
806 1147 928 1253 σάρκα
953 1148 1019 1250 τὴν
1046 1152 1170 1230 ἑαυτοῦ
1198 1155 1349 1255 φησινᾶ

117 1329 142 1367 ,,
161 1267 248 1352 εἶναι
272 1273 339 1374 τὴν
362 1274 536 1372 ἄμπελον,
555 1281 701 1372 μᾶλλον
722 1271 761 1354 δὲ
788 1273 854 1373 τὴν
875 1273 1039 1372 θεότητα.
1077 1277 1144 1354 τινὶ
1172 1273 1245 1376 γὰρ
1272 1275 1315 1354 οὐ

118 1453 141 1490 ,,
160 1396 281 1500 σαφές
306 1397 419 1494 ἔσται,
442 1400 572 1505 φησὶν,
596 1401 644 1482 ὡς
671 1396 714 1477 τὸ
741 1397 910 1502 ἡμέτερον
929 1404 1039 1495 σῶμα
1062 1398 1140 1502 οὐχὶ
1164 1401 1228 1496 τῆς
1252 1406 1317 1477 τοῦ

120 1578 143 1616 ,,
163 1523 331 1624 Σωτῆρος
358 1523 568 1625 ε’κκρεμοῖται
594 1518 747 1624 σαρκὸς,
767 1519 929 1623 καθάπερ
957 1518 1119 1618 ἀμπέλου
1146 1519 1193 1600 τὰ
1221 1517 1313 1621 κλή·

56 1684 145 1738 10„
165 1677 273 1741 ματα,
305 1645 385 1724 οὔτε
422 1643 494 1744 μὴν
525 1647 545 1724 ὁ
576 1651 649 1724 τῶν
682 1644 794 1747 ἁγίων
825 1643 961 1747 καρπὸς
998 1642 1184 1746 σαρκικὸς,
1216 1642 1318 1724 α’λλᾶ

121 1825 144 1862 ,,
161 1765 418 1866 πνενματικός;
448 1769 575 1848 οὐκοῦν
590 1770 628 1847 ε’ν
646 1765 753 1870 μέρει,
773 1771 878 1875 φησὶ,
897 1767 1058 1867 τεθείσης
1076 1772 1125 1851 είς
1142 1767 1184 1847 τὸ
1202 1766 1319 1871 παρὸν

122 1942 146 1987 „
163 1893 227 1989 τῆς
259 1889 407 1995 σαρκὸς,
434 1893 524 1997 αὐτῇ
556 1896 602 1997 τῇ
634 1889 775 1992 θεότητι
803 1900 868 1971 τοῦ
895 1895 986 1970 Υἱοῖι
1017 1889 1084 1991 τὴν
1110 1899 1175 1971 τοῦ
1206 1889 1320 1993 λόγου

123 2072 146 2110 ,,
163 2012 404 2116 περιθήσομεν
422 2014 581 2112 δύναμιν,
596 2018 655 2095 καὶ
673 2014 784 2115 αὐτὴν
803 2018 950 2119 ἐροῦμεν
964 2011 1051 2094 εἶναι
1068 2013 1134 2114 τὴν
1145 2013 1321 2114 ἄμπελον,

123 2197 147 2234 ,,
165 2137 207 2237 ἧς
225 2137 408 2245 ἐξῆμμεθα
427 2137 486 2218 διὰ
503 2143 567 2240 τῆς
585 2141 773 2224 πίστεως.”

60 2285 110 2346 ¹15
181 2265 295 2342 Ταυτὶ
316 2260 382 2362 μὲν
400 2261 519 2370 ε’κείνιρ
541 2267 845 2368 καταφλυαρῖγσαι
868 2261 1034 2366 παρίστη
1057 2260 1320 2370 παρωθουμένηι

122 2385 297 2470 ποικίλως
326 2385 418 2466 κατά
447 2420 489 2489 γε
519 2383 562 2466 τό
591 2386 689 2493 αὐτῷ
719 2393 840 2470 καλοῖς
870 2384 963 2491 ἔχειν
990 2391 1129 2485 δοκοῦν,
1155 2383 1222 2485 τὴν
1248 2391 1351 2468 verme

124 2507 230 2588 θείων
253 2507 442 2612 δογμάτων
465 2509 655 2612 ὀρθότητα,
676 2511 734 2588 καὶ
761 2506 833 2588 σῖιν
853 2516 981 2614 πολλῇ
1009 2510 1205 2617 κακουργίᾳ
1232 2507 1323 2614 πρὸς

124 2629 190 2710 τὸν
217 2633 313 2740 αὐτῷ
339 2633 558 2736 προτεθέντα
576 2631 848 2737 παρατρέιτοντι
876 2634 1029 2744 σκοπόν.
1067 2635 1167 2734 ἡμεῖς
1195 2634 1233 2714 δὲ
1260 2637 1325 2732 τῆς

125 2754 297 2854 ἀληθείας
327 2755 500 2862 ἐχόμενοι,
529 2762 699 2863 πανταχῇ
730 2755 981 2856 διακεισόμεθα
1005 2758 1071 2858 μὲν
1099 2758 1167 2862 οὐχ
1195 2757 1323 2852 οὕτως,

71 2914 113 2956 το
126 2887 273 2959 πολλοῦ
296 2914 338 2983 γε
364 2884 422 2960 καὶ
447 2885 511 2978 δεῖ,
527 2879 594 2982 τὴν
612 2881 672 2961 διὰ
699 2889 770 2962 τῶν
788 2882 901 2984 ἁγίων
918 2882 1020 2980 ἡμῶν
1037 2881 1202 2984 πατέρων
1221 2886 1322 2984 ἰχνη-

126 3011 320 3087 λατοῦντες
349 3003 517 3102 σύνεσιν,
541 3011 616 3089 τοῖς
642 3010 707 3104 τῆς
735 3005 903 3103 ἀληθείας
935 3003 1101 3110 ἑψόμεθα
1130 3001 1323 3105 δόγμασιν.

127 3123 225 3209 ὅπως
243 3125 309 3226 μέν
327 3124 372 3206 όν
390 3131 521 3226 νοῆσαι
542 3127 723 3232 προσήκοι
740 3135 804 3207 τοῦ
823 3129 1056 3230 προκειμένου
1077 3125 1143 3225 τὴν
1161 3125 1326 3225 δύναμιν,

128 3250 192 3328 οὐκ
229 3246 406 3355 ἀκόμψως
442 3249 511 3352 ἤδη
549 3248 850 3354 διερευνήσαιμεν,
883 3250 975 3330 κατοῖ
1010 3284 1052 3354 γε
1089 3247 1132 3330 τό
1169 3251 1207 3330 έν
1243 3249 1328 3348 ἡμῖν

129 3372 289 3479 ἐφικτόν·
329 3375 507 3457 σκεπτέον
536 3375 574 3455 δὲ
605 3373 720 3456 πόλιν
754 3373 851 3459 ὅπως
882 3408 921 3454 τε
955 3375 1047 3473 ἡμᾶς
1079 3377 1138 3454 καὶ
1169 3373 1250 3452 τίνα
1282 3369 1327 3473 δὴ

74 3521 115 3584 25
129 3494 263 3600 τρόπον
286 3498 539 3605 ἐξοπλίζεσθαι
567 3497 647 3603 χρὴ,
668 3501 726 3578 καὶ
753 3503 827 3581 τοῖς
855 3499 939 3600 παρ’
958 3499 1099 3578 ἐκείνων
1121 3495 1357 3577 ἀνταποδό·ι
1382 3518 1444 3577 861
1453 3517 1493 3575 Δ.

128 3625 271 3701 σασθαι
299 3617 433 3723 λόγοις.
472 3627 501 3700 εί
526 3619 685 3724 μὲνγὰρ
713 3627 836 3727 σιωπῇ
863 3620 1146 3726 παρελάσαντες,
1164 3618 1266 3700 οὐδέν
1282 3618 1328 3722 ἦν

128 3745 290 3826 ἐντεῦθεν.
316 3749 401 3826 ἰδεῖν
428 3745 470 3826 τὸ
497 3743 643 3840 βλάβος
670 3751 748 3829 ταῖς
775 3751 849 3826 τῶν
875 3745 1136 3850 ἁπλουστέρων
1161 3743 1330 3829 διανοίαις

129 3869 327 3974 εῖστρέχον,
363 3869 505 3952 είκότως
542 3866 585 3948 τό
620 3869 782 3966 ματαίοις
818 3872 1044 3974 ἐντρίβεσθαι
1081 3867 1206 3972 λόγοις
1243 3869 1328 3970 παρ’

130 3991 230 4072 οὐδὲν
247 3990 469 4094 ἡγησάμενοι
492 3999 569 4076 ταῖς
592 3998 665 4074 τῶν
684 3995 815 4101 ἑφεξῆς
834 3995 1001 4093 κειμένων
1019 3995 1180 4096 θεωρίαις
1198 3995 1326 4090 ε’πενη·

78 4151 119 4210 30
131 4113 281 4220 χόμεθα·
320 4114 440 4215 ἐπειδὴ
475 4114 512 4196 δὲ
542 4116 584 4196 οὐ
614 4116 745 4220 μικρὰν
772 4116 838 4216 τὴν
867 4117 993 4220 ζημίαν
1022 4117 1195 4196 ε’ποίσειεν
1225 4113 1270 4194 ἂν
1299 4119 1329 4193 εῖ

130 4241 386 4344 παραδεχθεῖεν
418 4237 488 4320 ὑπό
524 4273 588 4320 του
621 4239 668 4319 τὰ
700 4241 792 4320 οὕτω
828 4239 1119 4343 δογματιζόμενα,
1154 4245 1232 4323 πῶς
1263 4237 1328 4318 οὐκ

170 4467 193 4504 1.
211 4450 354 4522 ἀλλόφυλα
366 4450 403 4508 E.
503 4467 545 4522 13.
562 4449 644 4519 οὔτ-δν
655 4451 690 4505 Ε.
699 4451 779 4506 αὐτόν
788 4449 840 4506 Ed.
944 4463 985 4522 ¹5·
1003 4449 1207 4523 ποροθουμένιιν
1218 4448 1281 4520 (uic)
1296 4449 1330 4508 E.

133 4533 177 4644 γη.
195 4519 227 4592 ὀρ
291 4543 317 4576 τι
330 4521 365 4578 Ε.
472 4539 515 4594 23.
533 4519 746 4591 διερευνήσοιμεν
758 4521 790 4577 Ε.
803 4519 1006 4593 διηρευνήσαμεν
1019 4521 1071 4578 Ed.
1190 4519 1236 4576 26.
1250 4541 1335 4592 παρα·

151 4613 166 4644 ο
205 4613 251 4646 ντο

168 4613 204 4647 σα
252 4613 265 4648 ς
688 4693 740 4760 μ
756 4691 775 4740 ²
