3184 5104
419 328 482 393 176
721 330 761 396 Β.
785 327 990 396 CYRILLI
1019 328 1309 396 ALEXANDR.

416 493 592 596 Χριστός.
634 493 712 576 ἰδοῦ
738 495 810 600 γὰρ
836 493 928 600 πρός
956 501 1008 604 τῷ
1037 495 1172 598 μηδένα
1200 494 1380 576 διδάσκειν
1405 494 1491 594 ε’πεί)

416 617 481 698 τὸν
511 623 594 723 περὶ
630 623 696 722 τῆς
731 622 917 722 ἐπιδημίας
949 621 1057 701 αῦτοῦ
1088 617 1212 723 λόγον,
1244 623 1303 699 καὶ
1336 615 1418 704 τοῦς
1451 652 1491 697 οι

417 743 632 843 δυναμεῖιους
658 745 697 825 ε’κ
724 749 788 845 τῆς
814 752 888 826 τῶν
913 745 1206 848 κατορθουμένων
1228 739 1476 845 λαμπρότητος

417 866 530 974 λῦττφ
548 875 795 948 καταπτοοῦσι
812 865 931 978 φόβῳ,
950 870 1010 948 καὶ
1034 866 1202 971 σκληρὰν
1219 865 1427 951 ἐπιτιθέντες
1450 867 1491 944 ἀν

415 987 484 1090 τὴν
501 992 541 1070 ἐκ
559 995 623 1091 τῆς
641 998 753 1100 σφῶν
770 989 993 1096 ἀγριότητος,
1015 995 1272 1095 ὁμολογεῖσθαι
1290 988 1491 1070 διακωλύουι

383 1115 461 1221 be}
484 1115 603 1196 αὐτῶν
626 1117 783 1222 ὁρᾶσθαι
810 1123 884 1196 τῶν
907 1115 1124 1223 παραδόξων
1146 1116 1211 1196 οῦκ
1237 1112 1474 1214 ἀτονήσαντο.

416 1237 598 1320 σύνακτον
620 1237 693 1344 γὰρ
718 1248 902 1324 ποιοῦντες
925 1237 989 1320 τὸν
1010 1238 1227 1342 εῦγνιόμονα,
1245 1239 1304 1319 διά
1329 1273 1369 1320 τε
1392 1245 1491 1318 τοῦτο

415 1358 459 1442 τὸ
476 1363 657 1444 πιστεύειν
677 1365 836 1463 εῦκολον,
853 1364 918 1444 οῦκ
935 1366 1147 1468 ε’ρυθριῶσιν
1163 1368 1197 1444 οἱ
1221 1363 1377 1460 δείλαιοι,
1395 1363 1491 1441 ἀλλο

416 1483 455 1566 δὲ
473 1485 609 1591 τρόπον
627 1487 708 1569 τινὰ
724 1496 790 1568 τοῦ
809 1493 905 1568 Θεοῦ
922 1485 987 1570 τὸν
1006 1493 1091 1595 Θεῷ
1112 1486 1344 1585 κολλώμενον
1361 1486 1413 1590 ἐπ’
1432 1484 1491 1590 ἐξο

416 1612 538 1697 αῦτοῖς
562 1616 620 1693 καῖ
644 1611 754 1693 αῦτῖιν
772 1613 975 1694 ἀναπείθειν
991 1612 1056 1693 τὸν
1073 1609 1242 1693 ἁπάντων
1257 1609 1392 1713 Κύριον
1410 1643 1491 1688 συνε

415 1732 483 1834 τήν
513 1737 683 1838 γενέσθαι
718 1741 784 1838 τῆς
821 1735 972 1837 ένοῦοης
1008 1737 1127 1821 αῦτοῖς
1164 1735 1256 1816 κατὰ
1290 1734 1435 1816 πάντων
1468 1767 1491 1830 μ

416 1861 648 1963 ἀπολογεῖται
687 1859 802 1963 γεμήν
839 1863 860 1940 ό
898 1858 1098 1958 θαυμάσιος
1137 1857 1424 1962 Εῦαγγελισηής,
1439 1891 1491 1940 ,κι

417 1981 527 2092 φόβιρ
554 1986 765 2084 νενικῆσθαί
787 1990 882 2093 φησι
905 1982 987 2068 τοῦς
1012 1983 1267 2086 ἐρωτωμένους,
1290 1983 1354 2062 οῦκ
1378 1983 1491 2080 ε’θελῆι

387 2106 476 2190 οδιά
501 2117 608 2190 τοῦτο
632 2115 741 2190 εἰπεῖν
763 2112 812 2194 ὡς
836 2107 900 2190 τὸν
918 2107 963 2215 ἐξ
984 2109 1101 2188 αῦτιῦν
1122 2104 1298 2210 γεγονότα
1321 2103 1491 2210 τεθεράπε

416 2231 591 2335 Χριστὸς,
629 2233 687 2312 ἵνα
728 2237 792 2334 τῆς
830 2233 1013 2314 Ἰουδαίων
1050 2233 1219 2316 ἀπονοίας
1260 2230 1491 2334 ἀπογυμνοῦσι

415 2355 565 2459 μέγεθος
592 2353 748 2465 φανερὸν
773 2354 991 2462 καταστήση
1019 2358 1077 2435 καὶ
1104 2362 1178 2440 τοῖς
1204 2355 1279 2454 μετ’
1299 2353 1439 2439 αι’πούς.
1478 2389 1491 2434 τ

417 2477 461 2560 ἂν
478 2480 618 2582 γένοιτο
636 2479 891 2561 τῶντοιούτων
909 2477 1246 2582 ἀπανθρωπότερον,
1258 2479 1296 2560 οἵ
1309 2513 1351 2582 γε
1369 2481 1427 2558 καὶ
1445 2513 1491 2578 τη

417 2603 575 2708 ὁρίζουσι
602 2610 677 2688 τοῖς
703 2603 941 2706 εῦγνῶμοσιν,
969 2602 1102 2706 ἄγουσι
1131 2601 1170 2683 δὲ
1201 2601 1293 2706 πρὸς
1325 2601 1368 2682 τὸ
1398 2601 1490 2684 κολό

417 2731 490 2807 δεῖν
521 2725 604 2812 τοῦς
641 2728 816 2812 συνέντας
852 2726 948 2812 ὅλως
984 2725 1049 2808 τὸν
1080 2725 1139 2807 διά
1174 2723 1286 2826 νόμον
1322 2729 1381 2807 καὶ
1416 2762 1490 2829 προ

340 2875 345 2882 ’
417 2849 688 2952 κηρυττόμενον.
738 2852 802 2932 οῦκ
830 2854 1072 2954 ἀγνοηθεῖσαν
1100 2849 1138 2932 δὲ
1165 2858 1240 2936 τοῖς
1269 2851 1385 2953 ἁγίοις
1413 2885 1490 2954 προι

415 2969 483 3076 τήν
500 2979 574 3054 τῶν
590 2972 773 3056 Ἰουδαίων
791 2973 941 3056 ἀνόσιον
958 2977 1104 3083 σκέψιν,
1123 2977 1162 3056 ε’κ
1182 2982 1255 3056 τῶν
1273 2980 1376 3080 ἱερῶν
1393 3009 1489 3078 γραμ

417 3096 627 3202 εὑρήσομεν.
665 3097 724 3179 διὰ
751 3097 822 3202 γὰρ
839 3097 1000 3179 Ἡσαΐου
1028 3102 1182 3207 φησῖνό
1210 3102 1356 3202 καρδίας
1381 3102 1441 3179 καὶ
1466 3134 1489 3178 ν

246 3228 360 3281 Helm.
382 3225 576 3328 δέρευνῶν,
597 3234 618 3272 “
632 3222 870 3324 διικνούμενος
889 3221 974 3328 ἄχρι
992 3232 1169 3329 μερισμοῦ
1187 3229 1311 3330 ψυχῆς
1334 3227 1393 3304 καὶ
1418 3257 1489 3304 πνει

249 3310 289 3347 12·

413 3357 438 3396 ‘⁶
455 3347 580 3450 ἁρμῶν
597 3382 637 3428 τε
657 3349 716 3427 καὶ
733 3353 888 3447 μυελῶν,
903 3350 961 3426 καῖ
980 3346 1136 3450 κριτικὸς
1153 3347 1384 3448 ἐνθυμήσεων
1398 3347 1458 3426 καὶ
1476 3348 1489 3425 ἐ

247 3427 364 3558 Q
415 3479 439 3518 “
456 3471 612 3574 καρδίας,
630 3468 660 3580 ᾧ
677 3471 798 3553 πάντα
814 3469 934 3574 γυμνὰ
952 3477 1011 3552 καὶ
1029 3472 1359 3577 τετραχηλισμένα”
1375 3471 1488 3551 ε’στίν

249 3583 274 3624 ¹⁰
417 3604 439 3643 “
455 3593 560 3675 τέκνα
587 3595 802 3696 ἀποστάται,
829 3595 915 3676 τάδε
945 3596 1043 3700 λέγει
1075 3593 1207 3700 Κύριος
1227 3593 1451 3696 Ἐποιήσατε
1479 3615 1488 3690 1

417 3727 439 3766 “
459 3721 518 3798 καῖ
536 3720 579 3799 οῦ
597 3717 640 3799 δι’
659 3723 757 3820 ε’μοῦ,
776 3718 959 3821 συνθήκας
985 3723 1044 3801 καὶ
1069 3722 1110 3800 οῦ
1135 3719 1194 3800 διὰ
1211 3729 1276 3800 τοῦ
1296 3719 1488 3819 Πνεύματό

417 3849 440 3890 “
457 3848 670 3946 προσθεῖναι
696 3843 875 3948 ἁμαρτίαν
892 3844 949 3952 ἐφ’
970 3843 1177 3948 ἀμαρτίας.”
1206 3845 1227 3924 ὁ
1249 3841 1408 3946 μὲνγὰρ
1427 3843 1488 3946 λε’)

267 4040 282 4052 ..
324 4009 331 4024 ·
419 3965 553 4070 Κύριος
569 3969 725 4068 Ἰησοῦς,
743 3970 817 4072 ε’ρεῖ
831 3966 947 4067 δήπου
964 3967 1109 4053 πάντως
1127 3970 1165 4047 ἐν
1181 3968 1297 4076 Ἀγίιρ
1317 3967 1487 4066 Πνεῦματ

322 4075 328 4090 ’
416 4088 483 4189 τήν
500 4099 564 4170 τοῦ
584 4092 737 4172 Παύλου
759 4090 895 4199 φωνήν·
930 4091 1134 4193 μελετήσας
1159 4092 1205 4172 δέ
1221 4126 1276 4177 τις
1299 4090 1342 4172 τὸ
1366 4093 1487 4172 ε’ναντί

417 4215 456 4294 ἐν
473 4215 588 4323 Ἀγίιρ
607 4215 803 4318 Πνεῦμαῦι·
838 4212 950 4298 πόθεν
961 4249 973 4314 3
1005 4215 1163 4317 λαλήσει
1186 4214 1224 4296 δέ
1246 4222 1391 4316 μᾶλλον
1410 4217 1449 4296 ἐν
1469 4221 1487 4296 I

456 4511 497 4551 ια.
515 4495 657 4555 θεσπίσας
667 4517 692 4554 ι.
825 4515 868 4574 27.
887 4503 929 4557 καλ
941 4503 986 4558 alt.
999 4519 1055 4559 om.
1067 4501 1139 4558 Aub.
1266 4503 1310 4560 28.
1327 4502 1454 4574 ἁμαρτίας
1469 4503 1486 4558 E

417 4563 551 4634 ἁμαρτίαις
564 4568 656 4623 Heln.
670 4569 720 4624 Ed.
736 4569 837 4642 (Alex.)
