3238 5114
122 347 335 432 ·xvii.20,21.
373 352 431 418 IN
454 353 488 420 S.
505 353 762 420 JOANNEM.
801 354 896 420 LIB.
913 355 975 421 XI.
1014 353 1116 421 CAP.
1132 353 1193 419 XI.
1264 347 1325 419 ⁷31

127 512 285 618 ἀρῤήτου
303 520 486 604 κοινωνίας
503 519 675 626 ἐτύχομεν
692 523 751 602 καί
770 523 833 622 τῆς
850 519 1011 605 ἐνόσεως
1028 523 1092 620 τῆς
1108 515 1199 622 πρὸς
1217 513 1327 600 θεόν·

128 638 225 718 οὕτω
251 638 324 745 γὰρ
350 645 409 724 καί
432 644 470 724 ἐν
491 645 618 748 ἀρχαῖς
645 645 668 745 ή
693 650 766 726 τῶν
783 645 840 726 ἐπί
865 647 932 747 γῆς
957 641 1176 743 διεκοσμήθη
1201 638 1326 748 φύσις·

127 758 312 848 ἐνωσιςδέ
334 766 357 867 ή
377 766 470 872 πρὸς
489 768 584 849 Θεὸν
603 769 670 873 ούχ
695 768 822 871 ἑτέρως
846 766 890 848 ἀν
910 767 1066 875 ἐπάρξαι
1091 769 1201 864 τισίν,
1213 763 1245 866 ἢ
1270 761 1363 845 διοίδ

129 889 195 986 τῆς
226 889 419 986 μετουσίας
449 899 514 972 τοῦ
542 891 671 995 Ἀγίου
705 890 916 992 Πνεύματος
943 895 1008 990 τῆς
1038 891 1128 975 ἰδίας
1158 885 1330 988 ἰδιότητος

1 1020 3 1087 ζ
89 1011 325 1098 5ἐνιιθέντος
352 1015 438 1115 ἡμῖν
463 1014 528 1096 τὸν
555 1015 749 1119 ἁγιασμόν,
772 1019 830 1097 καί
858 1021 907 1101 εἰς
932 1013 999 1115 τὴν
1026 1014 1118 1095 ἰδίαν
1144 1010 1331 1094 ἀναπλάτ-

131 1168 257 1222 τοντας
284 1137 376 1240 ζωήν
403 1136 469 1240 τήν
497 1141 755 1221 ύποπεσοιῖσαν
783 1144 829 1246 τῇ
862 1144 984 1246 φθορᾷ
1017 1137 1141 1245 φύσιν,
1168 1137 1262 1218 οὕτω
1291 1168 1331 1216 τε

130 1256 223 1363 πρὸς
247 1261 312 1341 τὸν
330 1260 425 1344 Θεὸν
443 1266 502 1345 καί
526 1261 618 1368 πρὸς
643 1261 710 1365 τήν
728 1263 861 1344 ἐκείνου
881 1261 1074 1370 μόρφωσιν
1091 1259 1332 1364 ἐπανάγοντος

131 1380 175 1464 τδ
214 1388 278 1484 τῆς
317 1387 375 1467 ἐπὶ
411 1386 526 1496 τούτῳ
568 1385 677 1495 δόξης
714 1387 962 1490 ἐστερημένον.
1021 1383 1124 1466 εἰκάιν
1158 1382 1224 1484 μέν
1259 1381 1333 1486 γὰρ

133 1508 333 1616 ἀκραιφνὴς
368 1520 433 1592 τοῦ
466 1511 613 1616 Πατρός
645 1513 665 1591 ὁ
698 1511 797 1610 Υἰίις,
827 1512 998 1609 ὁμοίωσις
1029 1509 1067 1590 δέ
1099 1507 1238 1617 φυσυιὴ
1269 1517 1334 1588 τοῦ

1 1678 3 1708 ÷
72 1669 120 1711 ιο
133 1636 225 1713 Υἰοῦ
252 1631 294 1714 τὸ
318 1639 467 1736 Πνεῦμα
492 1637 612 1718 αὐτοῦ.
658 1636 771 1717 διάτοι
798 1643 905 1716 τοῦτο
930 1632 1185 1736 μεταπλάττον
1207 1629 1335 1737 ὥσπερ

133 1761 182 1841 εἰς
219 1756 323 1839 ἑαυτό
360 1759 424 1844 τὰς
459 1767 533 1841 τῶν
565 1760 764 1864 ἀνθρώπων
801 1757 936 1867 φυχοίς,
973 1756 1041 1858 τὴν
1076 1759 1176 1838 θείαν
1212 1759 1334 1842 αύταῖς

133 1881 344 1986 ἐγχαράττει
361 1881 565 1992 μόρφωσιν,
584 1887 643 1965 καί
668 1889 732 1985 τῆς
754 1882 924 1964 ἀνωτάτω
942 1887 1074 1964 πασῶν
1093 1882 1219 1966 οὐσίας
1237 1883 1331 1963 ἀπο·

133 2007 346 2105 σημαίνεται
368 2006 432 2087 τὸν
451 2007 663 2109 εἰκονισμόν.

191 2133 318 2238 Ἐρατᾷ
339 2140 527 2236 τοιγαροῦν
549 2134 569 2212 ὁ
590 2132 723 2237 Κύριος
748 2131 849 2233 ήμῶν
866 2133 1010 2233 Ἰησοῦς
1035 2127 1250 2234 όΧριστίις,
1272 2133 1335 2226 οὐχ

79 2286 121 2348 ¹5
135 2251 224 2358 ύπέρ
246 2257 359 2360 μόνων
374 2263 447 2336 τῶν
470 2257 678 2337 δυοκαίδεκα
703 2261 883 2358 μαθητῶν,
902 2262 1048 2356 μᾶλλον
1073 2252 1112 2334 δέ
1138 2261 1211 2362 περί
1237 2251 1332 2334 πάν-

134 2413 217 2477 των,
234 2377 268 2458 οἰ
292 2379 337 2480 δή
362 2383 420 2461 καί
445 2381 483 2461 ἐν
501 2379 666 2465 ἑκάστοις
685 2379 841 2480 ἔμελλον
859 2386 1003 2483 καιροῖς,
1021 2385 1095 2463 τοῖς
1113 2378 1198 2481 παρ’
1218 2377 1364 2458 αύτιῖνι
1388 2397 1503 2458 om.

135 2501 337 2607 γεγονόσιν,
361 2504 465 2584 εἴκειν
488 2539 526 2586 τε
555 2507 613 2586 καί
641 2503 899 2585 ύποπείθεσθαι
926 2501 1052 2604 λόγοις
1079 2499 1337 2604 παραθήγουσι

135 2626 218 2712 τούς
236 2628 479 2730 ἀκροωμένους
496 2627 587 2731 πρὸς
606 2627 794 2736 ἀνάληψιν
814 2629 998 2730 ἀγιασμοῦ
1015 2633 1079 2707 τοῦ
1098 2624 1157 2706 διά
1179 2626 1338 2710 πίστεως

135 2753 194 2832 καί
217 2749 308 2855 πρὸς
335 2751 587 2857 ἀποκάθαρσιν
605 2751 673 2852 τήν
690 2751 946 2855 ἐνεργουμένην
964 2749 1022 2831 διά
1046 2755 1111 2850 τῆς
1137 2758 1201 2830 τοῦ
1220 2748 1336 2830 Πνεύ-

73 2901 124 2957 '20
135 2909 248 2978 ματος
274 2880 440 2982 μετοχῆς.
483 2874 529 2956 τδι
557 2874 601 2954 δέ
624 2909 667 2976 γε
693 2879 758 2974 τῆς
786 2876 971 2976 αἰτήσεως,
1001 2873 1081 2955 ούδέ
1106 2875 1192 2974 ἡμῖν
1218 2874 1338 2957 αύτοῖς

136 3003 334 3108 ἀσυμφανῆ
354 3007 562 3081 καταλιπεῖν
578 2999 667 3108 ᾤετο
685 3002 767 3078 δεῖν·
798 2999 857 3078 ἵνα
875 2997 918 3098 δή
937 2995 996 3077 διά
1012 2997 1141 3078 τούτου
1158 2995 1336 3096 μάθωμεν,

137 3125 281 3209 ὁποίους
304 3122 402 3210 τιναίς
427 3125 583 3228 ὁρᾶσθαι
603 3122 790 3226 προσήκει,
809 3124 867 3202 καί
893 3121 973 3202 τίνα
998 3119 1224 3221 δικαιοσύνης
1250 3120 1338 3200 ἰέναι

136 3249 264 3352 τρίβον
280 3247 371 3352 πρὸς
389 3249 654 3352 ἀποπλήρωσιν
674 3253 748 3327 τῶν
766 3244 996 3351 ἀρεσκόντων
1013 3247 1121 3354 αύτῷ.
1161 3245 1215 3329 τίς
1233 3243 1296 3323 οιίν
1314 3241 1337 3342 ἢ

135 3379 238 3457 ποῖος
265 3374 285 3452 ό
313 3377 378 3472 τῆς
405 3371 580 3472 αἰτήσεως
606 3370 766 3474 τρόπος,
795 3370 852 3451 ’ίνιι
874 3373 990 3476 φησίυ
1014 3365 1044 3450 ἐν
1067 3367 1128 3450 ὦσι
1156 3365 1268 3453 καθῖιι
1296 3365 1339 3448 σδ

85 3529 124 3591 25
140 3494 252 3604 Πάτερ
270 3497 300 3577 ἓν
319 3497 391 3602 ἓμοί
414 3493 516 3600 κάγδ
535 3495 565 3576 ἐν
583 3499 632 3576 σοί
650 3495 707 3576 ’ίιιι
725 3496 755 3577 ἐν
772 3499 849 3601 ἡμῖν
864 3489 894 3574 ἐν
913 3491 1001 3574 ὦσιν·
1026 3491 1169 3595 ἀγάπης
1188 3493 1251 3572 οὖν
1269 3491 1372 3595 ἀραί)

138 3623 197 3702 καί
225 3621 390 3721 ὁμονοίας
417 3622 475 3700 καί
504 3617 643 3722 εἰρήνης
669 3616 879 3718 σύνδεσμον
903 3619 1054 3716 ἀπαιτεῖ,
1076 3613 1340 3720 ονγκομίζονια

138 3743 229 3850 πρὸς
261 3743 410 3846 ἐνότητα
438 3741 506 3844 τήν
533 3740 775 3843 πνευματικὴν
806 3738 889 3826 τοίς
921 3740 1166 3838 πιστεύοντας,
1196 3743 1244 3825 ὡς
1275 3743 1340 3839 τῆς

139 3874 297 3978 φυσικῆς
319 3903 358 3948 τε
383 3869 440 3948 καί
468 3865 663 3952 ούσιιόδους
684 3863 859 3966 ἐνότητος,
877 3861 1062 3970 πρόδηλον
1081 3863 1119 3944 δέ
1142 3867 1196 3943 ὅτι
1217 3867 1280 3962 τῆς
1302 3863 1341 3942 ἐν

139 3994 263 4098 Πατρί
276 4027 315 4074 τε
331 3995 390 4074 καί
406 3995 485 4100 Υἰῷ
504 3989 704 4091 νοουμένης,
723 3993 983 4089 ἀπομιμεῖσθαι
1001 3986 1083 4070 τοὺς
1101 3989 1338 4090 χαρακτῆρας,

86 4115 206 4220 ηυτῆν
227 4120 265 4198 ἐν
286 4116 488 4199 συναινέσει
514 4121 560 4222 τῇ
588 4114 680 4196 κατιίι
707 4113 827 4196 πάντα
855 4114 913 4193 καί
941 4107 1170 4211 ἀδιατμήτοις
1198 4111 1339 4218 ὁμοφυ-

178 4329 219 4371 12.
237 4311 441 4383 ἀποσημαίνιται
452 4311 486 4366 Ε.
498 4311 602 4384 Migne.
614 4309 808 4380 όποσηράνεται
820 4306 893 4364 Αιιί).
1020 4318 1061 4378 17.
1074 4303 1266 4398 ’πρραθήγαυσι
1274 4305 1340 4361 EF.

140 4383 193 4442 Ed.
206 4402 263 4474 mg:
273 4382 459 4472 παραθήσουιηι
472 4381 523 4464 ἰδδ.
653 4397 696 4451 23.
715 4375 876 4504 ήῙ-τιχφτος]
890 4378 987 4449 τρόπος
998 4379 1043 4446 τῆς
1055 4398 1181 4468 οιτησευρ
1192 4375 1208 4444 ή
1219 4397 1294 4434 ποιος
1307 4376 1340 4468 l}

142 4455 185 4512 26.
204 4455 304 4525 εἰρηνης
316 4462 342 4508 et
355 4456 474 4520 όμονοιας
486 4461 554 4509 mter
567 4470 595 4508 ςο
606 4459 757 4522 ἰςιιῐιςροιιιί
810 4448 852 4505 rd.
986 4449 1028 4503 28.
1047 4448 1238 4518 όροουσιωδους
1252 4445 1285 4502 Ε.
1296 4469 1341 4502 ον·

141 4525 253 4582 σιίιδους
264 4523 346 4579 habet
359 4523 442 4580 cord.
545 4539 588 4596 29.
605 4545 634 4578 τι
647 4529 815 4594 assumptum
828 4537 861 4578 ex
874 4519 906 4576 Ε.
955 4517 1021 4592 Υἰφ]
1039 4525 1066 4584 -Ι-
1082 4519 1123 4574 καί
1134 4517 1201 4592 όγίφ
1212 4515 1342 4588 Πνεύριπι

142 4595 326 4671 (abbrevians)
339 4592 421 4650 Gord.

697 4691 789 4760 5A2
