3118 5132
59 345 199 413 τίνει.
264 348 324 414 ΙΝ
354 351 390 416 S.
412 351 669 419 JOANNEM.
715 353 811 418 LIB.
834 353 894 418 IX.
940 352 1042 437 QAP.
1065 351 1094 418 1.
1214 347 1277 410 435

61 512 231 612 δύνωμαι
273 517 514 599 διαπτύσσων
548 519 673 622 λόγοις
709 518 752 601 τὸ
789 523 954 624 ἀμυδρῶς
991 517 1184 623 είρημένον,
1218 519 1277 594 καὶ

61 637 360 739 δυσωπούμενον
378 639 473 748 τάχα
493 641 543 744 μὴ
569 646 628 724 καὶ
652 644 723 747 ἀρα
747 644 872 745 νοηθὲν
889 645 1113 752 ἀποκαλύψῃ
1129 640 1196 742 τήν
1213 649 1277 721 τοῦ

62 761 237 846 τεκόντος
277 763 368 846 αὐτὸ
405 769 641 862 δυσβουλίαν.
697 775 726 849 εί
761 767 829 868 μέν
862 769 927 849 οὐν
963 775 1068 848 τοῦτο
1105 767 1310 862 βούλεταιο

63 888 216 984 δηλοῦν,
238 890 292 972 ὡς
318 891 419 995 ε’ντῇ
441 898 507 971 τοῦ
533 890 679 996 Πατρός
705 894 812 1000 οὐσίᾳ
835 891 1048 1000 φαινόμενος
1074 889 1211 989 ὁΥίὸς,
1228 893 1277 974 ὡς

42 1009 270 1106 5όμοούσιος
299 1013 408 1121 αὐτῷ,
425 1015 497 1120 ἔχει
521 1019 579 1096 καί
605 1015 712 1102 αὐτὸς
735 1019 774 1098 έν
790 1019 905 1126 ἑαυτῷ
930 1014 994 1098 τὸν
1013 1017 1160 1119 Πατέρα
1175 1017 1213 1094 ἐν
1230 1019 1276 1120 τῇ

66 1141 126 1213 τοῦ
159 1135 397 1236 γεννήματος
430 1138 540 1245 φύσει
571 1147 693 1226 καλῶς
724 1141 986 1240 διαλύμποιτα,
1017 1143 1277 1238 συναινέσομεν

67 1261 121 1336 καὶ
145 1260 262 1359 ἡμεῖς
292 1265 343 1344 είς
369 1260 436 1360 τήν
453 1271 517 1343 τοῦ
545 1264 773 1369 θεωρήματος
801 1265 963 1366 δύναμιν·
993 1266 1035 1344 οὐ
1062 1265 1212 1366 μετρίως
1239 1265 1274 1341 δ’

67 1379 105 1460 ἀν
122 1383 311 1484 ἀδικήσω
329 1384 440 1490 τυχὸν
458 1385 500 1466 τὸ
524 1392 588 1487 τῆς
612 1392 782 1494 περιοχῆς
800 1389 913 1489 ὄνομα
931 1389 1090 1489 κείμενον
1105 1387 1162 1494 ἐφ’
1182 1389 1273 1494 Υίῷ.

67 1511 91 1584 εί
109 1509 148 1588 δὲ
166 1516 290 1588 τοῦτο
308 1507 374 1608 μέν
392 1510 434 1590 οὐ
459 1511 586 1618 φησίν·
615 1512 657 1590 οὐ
674 1510 748 1614 γάρ
765 1514 804 1592 ἐκ
823 1517 887 1611 τῆς
905 1512 1030 1598 οὐσίας
1048 1519 1112 1593 τοῦ
1130 1509 1277 1612 Πατρός

31 1633 324 1734 ιογεγεννῆσθαί
343 1667 431 1718 ποτε
454 1635 692 1743 παραδέξεται
720 1633 784 1717 τόν
802 1634 932 1717 Υίύνό
960 1636 1126 1736 τοιαύτην
1144 1635 1276 1736 έμέσοις

68 1757 138 1834 κατ’
171 1756 297 1836 αὐτοῦ
323 1760 544 1866 δυσφημίαν,
572 1760 696 1864 ὥσπερ
728 1761 773 1841 δέ
798 1795 833 1842 τι
863 1765 975 1862 σῶμα
1004 1759 1276 1863 πεπερασμένον

68 1877 128 1976 τήν
145 1887 221 1960 τοῦ
239 1885 335 1962 Υίοῦ
359 1882 475 1988 φύσιν
492 1885 788 1992 έμπεριειλῆφθαι
812 1892 858 1993 τῇ
882 1894 947 1967 τοῦ
965 1883 1111 1988 Πατρός
1129 1889 1306 1989 &mxv-0

67 2003 215 2108 ρι’ζεται·
248 2010 329 2088 πῶς
353 2007 418 2086 οὐκ
442 2005 487 2087 ἀν
504 2007 713 2114 ἀναφανδὸν
730 2010 977 2117 δυσφημήσας
996 2009 1194 2104 ἁλώσεται,
1217 2010 1276 2087 καὶ

67 2133 128 2224 τῆς
157 2133 215 2211 είς
245 2129 358 2232 ἄκρον
383 2130 542 2233 ἡκούσης
569 2137 859 2238 φρενοβλαβείας
885 2135 1075 2217 ἀνάπλεως
1101 2129 1178 2228 ὧν,
1216 2133 1276 2210 καὶ

28 2253 170 2332 1ὅσι’ποὶ
198 2249 277 2354 γὰρ
299 2253 394 2333 Θεὸν
412 2251 500 2335 εἶναι
525 2258 694 2360 λέγοντες
720 2258 784 2338 τὸν
802 2257 902 2355 Υίδν,
922 2257 968 2338 τά
994 2254 1178 2355 σωμοίτων
1202 2255 1274 2334 ίδια

67 2372 305 2476 προσάπτειν
336 2378 432 2484 αὐτῷ
463 2380 684 2483 παραλόγως
715 2382 946 2488 ἐπιχειροῦσι·
990 2379 1033 2461 τὸ
1070 2377 1142 2483 γάρ
1180 2379 1275 2464 ὅλως

67 2505 303 2606 περιορισμῷ
329 2533 397 2580 τινι
425 2503 484 2581 καὶ
511 2503 631 2613 μέτρῳ
658 2505 985 2611 περισχοινίζεσθαι
1016 2510 1068 2612 τῷ
1097 2504 1275 2612 νοουμένῳ

67 2621 163 2702 κατὰ
195 2621 405 2724 διάστασιν,
433 2629 482 2712 ὡς
514 2631 573 2708 καὶ
607 2629 680 2710 ἀπό
712 2665 807 2714 τινος
838 2633 952 2734 ἀρχῆς
981 2629 1199 2731 καταλήγειν
1227 2634 1275 2712 είς

65 2747 194 2848 πέρας,
218 2745 365 2832 πάντως
391 2750 594 2858 ε’πιδέξαιτο
621 2755 679 2834 καὶ
706 2753 748 2834 τὸ
775 2751 864 2834 εἶναι
892 2753 1003 2858 τυχὸν
1026 2755 1064 2834 ἐν
1088 2753 1188 2860 τόπιρ
1216 2755 1275 2832 καὶ

28 2875 181 2977 τοποσῲ
209 2875 270 2950 καὶ
298 2873 381 2953 εἴδει
407 2878 467 2956 καὶ
494 2876 667 2981 σχήματι.
711 2874 787 2958 εἶτα
815 2884 892 2962 πῶς
922 2880 965 2958 οὐ
994 2877 1176 2977 σωμάτων
1203 2878 1275 2958 ίδια

62 2995 177 3074 ταυτί
189 3027 201 3092 ;
239 3002 318 3081 πῶς
344 2997 383 3077 δὲ
408 3001 449 3078 οὐ
475 3000 557 3098 μεθ’
577 3002 689 3100 ἡμῶν,
713 3005 761 3086 ὡς
789 3003 870 3082 καθ’
890 3002 993 3101 ἡμᾶς,
1018 3004 1038 3081 ὁ
1066 3001 1154 3104 ὑπὲρ
1181 3003 1308 3100 ἡμᾶςᾱ

64 3117 317 3220 νοηθήσεται;
355 3118 379 3222 ἢ
407 3129 485 3207 πῶς
512 3126 577 3206 οὐκ
604 3124 764 3232 ἀδελφὸς
787 3133 834 3231 τῇ
861 3125 962 3232 ἑτέρη
989 3127 1118 3222 κτίσει,
1144 3126 1274 3206 λοιπὸν

63 3243 173 3324 οὐδέν
203 3243 299 3348 ἔχων
325 3247 409 3349 παρ’
435 3247 547 3350 αὐτὴν
573 3249 615 3329 τὸ
642 3249 768 3348 πλέον,
792 3248 884 3330 ὅσον
908 3249 993 3350 ἧκεν
1019 3255 1129 3330 εἶπεΐν
1156 3254 1204 3333 είς
1231 3247 1274 3328 τὸ

63 3365 156 3447 εἶναι
176 3371 464 3472 πεπερασμένος
479 3405 490 3468 ;
522 3373 614 3477 ἔχων
631 3370 668 3452 δέ
687 3375 782 3452 οὕτω
800 3373 893 3454 κατά
910 3407 953 3475 γε
971 3371 1037 3472 τήν
1055 3376 1176 3473 ἀμαθῆ
1201 3380 1274 3454 τῶν

25 3517 54 3576 ²5
64 3495 107 3571 δι’
138 3492 310 3577 ἐναντίας
339 3494 520 3593 ἀπόνοιαν,
548 3497 586 3574 τί
611 3495 731 3596 μάτην
757 3498 850 3596 ἡμᾶς
882 3496 1123 3600 προσεκτύιτει
1154 3497 1274 3599 λέγων

64 3627 84 3664 “
101 3619 240 3716 Ὑμεῖς
270 3618 309 3696 ἐκ
340 3624 413 3697 τῶν
442 3616 539 3698 κάτω
568 3619 662 3716 ε’στέ,
691 3618 762 3723 ἐγὼ
794 3623 834 3700 ἐκ
863 3627 936 3700 τῶν
964 3620 1038 3700 ἅνω
1071 3623 1174 3720 είμί·”
1214 3625 1273 3702 καὶ
1316 3637 1411 3764 ξχςῗ3

63 3741 186 3822 πόλιν
205 3749 229 3788 “
246 3741 368 3839 Ὑμεῖς
390 3743 429 3821 ἐκ
453 3751 518 3823 τοῦ
536 3741 678 3843 κόσμου
695 3741 825 3824 τούτου
842 3743 936 3839 ε’στὲ,
954 3743 1026 3847 ἐγὼ
1051 3747 1115 3826 οὐκ
1139 3749 1208 3844 είμὶ
1233 3749 1272 3828 ἐκ
1363 3737 1368 3750 ’
1414 3736 1421 3750 ’

63 3877 83 3914 “
98 3873 175 3946 τοῦ
195 3861 339 3962 κόσμου
356 3863 485 3946 τούτου
497 3867 528 3962 ;”
553 3867 690 3948 ἀνωθεν
709 3868 782 3971 γὰρ
800 3867 926 3949 ἑαυτὸν
944 3865 1032 3949 εἶναι
1050 3869 1183 3970 λέγων,
1204 3873 1272 3975 οὐχ

64 3993 201 4074 ἁπλῶς
230 3987 361 4088 ἐδήλου
388 3987 431 4070 τὸ
457 3991 502 4098 ἐξ
527 3991 696 4094 οὐρανῶν·
737 3993 776 4073 τί
800 3993 872 4097 γὰρ
900 3991 1047 4097 ἀνέχοι
1075 3991 1117 4073 τὸ
1144 4000 1270 4073 πλεῖον

31 4112 170 4218 Pup&
198 4111 284 4196 τούς
311 4114 434 4215 ἁγίους
461 4114 652 4216 ἀγγέλους,
676 4116 773 4220 ε’ίπερ
799 4118 935 4197 ἀνωθεν
959 4116 1139 4199 κάκείνους
1162 4115 1298 4204 ὅνταςο

66 4235 282 4342 εὑρήσομεν,
310 4243 464 4322 τοπικῶς
494 4241 738 4346 ε’κληφθέντος
769 4248 834 4321 τοῦ
866 4237 1153 4338 σημαινομένου;
1193 4275 1264 4341 οη·

100 4521 149 4576 ¹³·
166 4503 349 4594 δοσφημήσος
362 4504 393 4560 Ε.
408 4505 459 4562 Ed.
469 4507 675 4578 τομδυοφὴοος
689 4507 740 4563 Ed.
813 4523 854 4579 15·
874 4509 940 4564 θεὸν
950 4509 1002 4581 γὰρ
1013 4509 1121 4567 inverso
1132 4511 1225 4572 ordine
1236 4515 1269 4574 Ε.

71 4591 108 4646 ιγ.
127 4581 184 4630 τὸν
196 4597 341 4646 νοουμένων
354 4575 385 4630 Ε.
493 4593 536 4632 20.
554 4580 595 4632 καί
607 4579 652 4632 alt.
665 4596 720 4633 om.
734 4578 766 4634 Ε.

628 4681 647 4746 3
665 4681 686 4724 κ
703 4680 721 4727 2
