3118 5132
63 283 160 369 m.
358 290 765 356 1N8.JOANNEM.
810 291 907 356 ΜΒ.
931 291 992 356 1x.
1214 291 1279 354 ιιι

60 465 77 496 '⁵
92 452 279 556 Πατέρο.”
314 456 418 534 ἰτέον
436 456 500 536 οῦν
517 455 587 558 ἄρα
606 455 697 536 κατὰ
714 456 779 558 τὴν
797 465 862 538 τοῦ
879 457 1110 560 προκειμένου
1130 455 1279 555 δύναμιν

58 575 122 655 ἐπὸ
140 583 208 677 τῆς
227 579 383 662 εἰκόνος
402 582 461 659 ἐπὶ
486 577 528 660 τὸ
553 580 844 686 ἀρχέτυπον,καί
869 581 940 662 άπὸ
966 590 1030 662 τοῦ
1053 583 1308 686 χαρακτῆροςθ

58 701 102 776 ἐτ’
120 705 265 782 ἐκεῖνον
290 699 345 802 δὴ
374 701 524 788 πάντως
550 705 594 784 οὗ
621 707 680 784 καί
707 705 786 785 ἐστι
814 703 1010 810 χαρακτὴρ,
1033 708 1092 786 καὶ
1115 707 1168 802 οὐ,
1187 701 1279 784 κατά

57 857 147 908 τινας
183 833 268 906 τῶν
309 827 538 934 ἐτεροδοξεῑν
575 826 759 926 εἰωθότων,
789 831 955 913 ἐπακτοῖς
994 863 1071 909 τισι
1108 833 1166 910 καί
1204 835 1279 912 τοῖς

38 950 184 1054 Ξέξωθεν
207 950 418 1058 ἀξιώμασι
445 951 736 1056 σχηματίζεσθαί
761 959 880 1058 φαμεν
900 951 964 1033 τὸν
982 953 1072 1034 Υἰὸν
1094 951 1186 1056 πρὸς
1214 948 1278 1031 τὸν

62 1077 203 1177 Πατέρα
235 1075 342 1172 οῦδὲ,
367 1073 532 1178 καθάπερ
557 1082 631 1159 τοῖς
658 1077 907 1175 πλανωμένοις
936 1081 1040 1174 δοκεῖ,
1063 1075 1164 1156 εἰκὼν
1190 1072 1279 1155 εἰναι

65 1197 195 1299 λέγεται
226 1209 303 1280 τοῦ
333 1204 437 1279 Θεοῦ
463 1201 522 1278 καί
546 1199 702 1303 Πατρός,
728 1203 777 1285 ὡς
802 1199 900 1305 έχων1
919 1201 1029 1280 αῦτοῦ
1057 1198 1123 1299 τὴν
1150 1199 1275 1306 δόξαν,

66 1321 121 1420 τὴν
146 1326 325 1420 δύναμιν,
353 1323 424 1422 τὴν
451 1325 600 1428 σοφίαν,
627 1324 773 1431 φάσεως
800 1323 914 1427 γεμὴν
942 1325 1061 1428 ἐτέρας
1090 1322 1275 1428 ὑπάρχων·

69 1457 169 1528 ταῦτα
186 1449 269 1550 γὰρ
290 1449 443 1544 ἐκείνων
460 1446 507 1527 τά
529 1445 731 1552 ληρήματα,
750 1452 808 1529 καὶ
832 1449 855 1548 ἡ
879 1449 1149 1554 κεκομφευμένη
1175 1457 1274 1554 φλυ-

41 1579 149 1674 ῑῑιρίο,
166 1581 330 1672 μᾶλλον
351 1571 392 1650 δέ
411 1571 616 1669 δυσσέβεια,
635 1572 726 1676 πρὸς
744 1571 951 1676 ἀνατροπὴν
969 1577 1197 1672 ἐπινοηθεῖσα
1218 1577 1306 1653 καία
1333 1591 1393 1649 771
1401 1590 1444 1648 Δ.

73 1697 275 1799 οιθιιίρεσιν
310 1700 382 1793 τῆς
415 1695 692 1796 ῦμοουσιότητος
726 1705 790 1778 τοῦ
819 1703 919 1796 Υἱοῦ,
949 1695 1041 1776 κατά
1072 1731 1114 1800 γε
1146 1694 1210 1777 τὸν
1239 1700 1277 1776 ἐν

72 1820 176 1905 druis
212 1819 380 1902 ἀνόσιόν
411 1854 451 1900 τε
489 1823 547 1900 καὶ
584 1820 763 1928 θεομάχον
794 1820 948 1902 σκοπόν·
993 1823 1078 1900 ἀλλ’
1111 1825 1159 1905 ὡς
1188 1819 1277 1907 Υἱὸς

73 1947 216 2046 άληθῶς,
246 1949 293 2026 ἐκ
328 1949 399 2044 τῆς
430 1954 495 2026 τοῦ
523 1950 617 2026 Θεοῦ
649 1949 707 2026 καὶ
736 1945 882 2050 Πατρὸς
913 1947 1038 2030 οὐσίας
1065 1944 1275 2050 αἰποῤῥήτως

73 2075 118 2147 καί
141 2073 404 2174 άπερινοήτως
428 2074 618 2170 γεννηθεὶς,
635 2069 820 2175 χαρακτήρ
841 2072 941 2151 ἐστιν
960 2071 1068 2150 αῦτοῦ
1092 2075 1150 2151 καὶ
1174 2070 1276 2150 εἰκὼν

43 2199 119 2273 rm}
143 2193 405 2297 ἀπαύγασμα,
434 2194 554 2300 φέρων
582 2197 619 2273 ἐν
646 2196 754 2302 οἰκείᾳ
783 2194 895 2300 φάσει
922 2199 986 2294 τῆς
1016 2203 1079 2274 τοῦ
1112 2195 1276 2280 τεκόντος

73 2319 166 2399 οἰτόν
184 2321 330 2402 οὐσίας
354 2315 399 2398 τὸ
424 2318 521 2413 ἴδιον,
541 2319 599 2396 καὶ
621 2325 694 2399 τῶν
712 2325 878 2426 φυσικῶν
895 2317 1215 2418 πλεονεκτημάτων
1233 2318 1276 2398 τὸ

72 2445 213 2526 κάλλος.
264 2444 313 2522 οῦ
340 2439 413 2542 γάρ
439 2440 666 2540 ἀπόπληκτοι
691 2445 767 2523 κατ’
787 2445 936 2527 ἐκείνους
962 2443 1121 2540 ἐσόμεθα
1148 2445 1206 2522 καί
1229 2449 1276 2527 εἰς

72 2576 165 2646 τοῦτο
200 2566 442 2660 δυσβουλίας
474 2565 538 2645 τὸν
569 2572 695 2647 οἰκεῖον
728 2565 985 2667 κατωθήσομεν
1017 2575 1112 2666 νοῦν,
1144 2571 1192 2650 ὡς
1225 2573 1276 2674 τῷ

72 2691 151 2770 κατὰ
177 2690 309 2797 φῦσιν
332 2689 398 2768 οῦκ
423 2687 510 2769 ὅντα
534 2689 654 2792 λέγειν
673 2695 756 2798 Θεῷ
784 2689 917 2790 ὅμοιον,
934 2690 1024 2792 μήτε
1051 2687 1124 2791 μὴν
1147 2693 1186 2770 ἐκ
1212 2695 1310 2791 τῆςὶι

43 2817 187 2900 ῑῐαίοίος
225 2812 449 2916 γεννηθέντα
480 2821 544 2893 τοῦ
577 2818 673 2894 Θεοῦ
709 2818 767 2894 καὶ
801 2815 958 2919 Πατρός,
977 2812 1055 2915 τὴν
1083 2823 1148 2896 τοῦ
1180 2821 1277 2895 Θεοῦ

72 2943 304 3040 χαρίσασθαι
329 2935 492 3044 δόξαιμ’)
519 2941 577 3018 καὶ
602 2936 715 3045 φάναι
739 2939 919 3020 δύνασθαί
942 2973 1028 3020 ποτε
1054 2938 1096 3020 τὸ
1121 2973 1273 3038 πεποιη·

72 3065 171 3156 μένον
199 3062 326 3180 ὅλως,Ι
339 3065 397 3140 καί
423 3061 465 3142 τὸ
493 3062 537 3169 ἐξ
562 3063 625 3142 οῦκ
654 3061 767 3142 ὄντων
790 3070 838 3148 εἰς
865 3063 908 3143 τὸ
937 3060 1025 3143 εἰναι
1051 3061 1276 3166 παρενεχθέν,

71 3185 128 3282 τὴν
147 3188 257 3267 θείαν
277 3183 570 3288 ἀπαραλλάκτως
587 3185 744 3293 φορέσαι
762 3185 911 3286 δύναμιν
929 3190 987 3268 καί
1013 3187 1162 3293 σοφίαν,
1183 3185 1276 3289 ἐχειν

71 3309 240 3394 &afim
261 3311 313 3393 ὡς
331 3305 375 3388 ἂν
394 3317 508 3390 νοοῖτο
526 3308 637 3415 τυχὸν
656 3311 677 3410 ἡ
696 3310 773 3392 θεία
789 3315 904 3392 τεκαὶ
923 3312 1074 3416 άρῤηιος
1095 3319 1159 3392 τοῦ
1179 3317 1275 3392 Θεοῦ

39 3435 220 3539 ’ὅΠατρὸς
244 3434 371 3538 φύσις.
410 3433 448 3513 τί
468 3431 540 3536 γάρ
564 3431 608 3513 ἂν
626 3433 679 3535 ε’ίη
703 3433 745 3515 τὸ
771 3435 1033 3539 παραλλάττον
1051 3435 1102 3516 ἐτι
1125 3445 1275 3537 ποιητοῦ

74 3565 124 3638 καὶ
145 3557 369 3657 ποιήματος,
388 3553 411 3656 ἢ
437 3558 475 3635 τί
493 3556 536 3636 τὸ
559 3565 794 3654 μεσολαβαῦν
813 3563 871 3638 καὶ
890 3559 1062 3667 διακόψαι
1081 3559 1305 3661 δυνάμενονθ

75 3686 130 3782 τῆς
161 3676 388 3780 ταντότητος
420 3685 483 3779 τῆς
518 3685 556 3760 ἐν
583 3682 689 3788 οὐσίᾳ
721 3683 815 3788 φημὶ
847 3680 889 3763 τὸ
920 3683 1068 3785 γεγονὸς
1099 3695 1163 3766 τοῦ
1197 3689 1273 3766 κτί-

75 3839 228 3905 rmus-3
262 3813 292 3886 εἰ
310 3803 384 3908 γάρ
402 3805 497 3890 ὅλως
515 3806 586 3911 ἔχει
604 3805 671 3906 τήν
688 3839 727 3884 τε
753 3806 865 3912 δόξαν
882 3809 941 3886 καὶ
966 3806 1031 3909 τὴν
1049 3808 1198 3908 δύναμιν
1216 3811 1275 3888 καὶ

77 3931 133 4031 τὴν
161 3933 311 4039 σοφίαν
343 3931 463 4025 αὑτοῦ,
500 3927 592 4009 κατὰ
624 3929 688 4010 τὸν
722 3929 805 4010 ’ίσον
837 3929 972 4034 τρόπον
1007 3933 1058 4037 τῷ
1097 3937 1180 4038 Θεῷ
1216 3935 1276 4012 καὶ

47 4061 194 4162 ΞῑΠατρί,
227 4057 270 4136 τί
300 4052 344 4135 τῦ
377 4052 496 4156 μεῖζον
525 4055 563 4133 ἐν
593 4055 699 4161 αὐτῷ,
727 4055 766 4134 τί
794 4053 832 4134 δέ
863 4053 905 4134 τὸ
937 4054 1050 4134 πλέον
1083 4051 1155 4160 ἕξει
1188 4055 1273 4156 παρ’

78 4183 161 4284 ἡμᾶς,
200 4183 285 4286 ἤτοι
334 4175 405 4278 τὴν
447 4178 575 4276 κτίσιν,
612 4177 683 4281 ἐγὼ
723 4176 790 4278 μέν
826 4185 934 4258 εἰπεῖν
973 4177 1037 4256 οῦκ
1076 4173 1123 4256 εἰν
1159 4175 1275 4282 ἐχοιμι
1375 4208 1381 4217 ·

78 4317 258 4410 παντελῶς,
281 4300 490 4406 ἀπορήσειν
512 4300 550 4382 δέ
574 4300 821 4404 ὑπολαμβάνω
847 4302 1038 4383 κάκείνους.
1080 4301 1208 4381 οὐκοῦν
1234 4301 1275 4380 οῦ

233 4557 281 4614 ¹7·
304 4534 477 4600 α’πόπληιιτει
490 4531 522 4586 Ε.
851 4542 894 4600 27.
913 4529 1052 4599 αὖτότητος
1065 4527 1097 4584 Ε.
