3274 5118
297 289 364 352 584
603 293 642 358 B.
666 293 875 359 CYRILLI
906 295 1197 360 ALEXANDR.
1311 316 1364 360 xv.
1380 293 1500 373 16,17.

302 450 348 532 ἀν
381 455 473 534 οῦτω
506 459 564 536 καὶ
597 459 696 540 αὐτοὶ
727 462 808 540 καθ’
845 462 944 559 ῦμᾶς,
974 460 1149 558 τουτέστι,
1172 457 1408 564 προκόψουσι
1440 459 1502 535 καὶ

304 576 565 658 ἀπελεύσονται
593 588 670 666 ταῖς
698 589 745 666 εὶς
774 582 816 662 τὸ
836 583 979 682 ἄμεινον
1001 583 1210 664 ἐπιδόσεσιν
1238 587 1286 666 είς
1305 585 1500 686 καρποφο-

304 700 384 801 ρίαν
406 699 472 800 τὴν
493 705 531 782 ἐν
550 707 643 812 θεῷ,
664 710 712 790 ὡς
736 707 862 812 καρπόν
890 705 955 804 μέν
978 706 1069 810 ἔχειν
1096 703 1160 786 τὸν
1187 707 1240 784 ἀεὶ
1267 703 1414 809 με’νοντα
1441 705 1503 782 καὶ

272 820 518 925 δσωζόμενον,
536 827 744 934 προσευχὴν
761 829 799 910 δέ
818 831 910 910 οὕτω
933 827 1070 928 δεκτὴν,
1089 831 1136 912 ὡς
1159 827 1248 931 ὅπερ
1266 825 1311 906 ἀν
1329 825 1498 921 βούλων-

306 980 364 1026 ται
383 955 519 1047 λαβεῖν,
537 955 566 1030 εί
584 951 694 1049 μόνον
712 960 841 1034 αἰτοῖεν
858 955 914 1034 ἐπὶ
933 950 980 1058 rc}
1000 955 1138 1056 ὁνομιιτί
1152 987 1228 1056 μου.
1512 977 1537 1036 5

363 1073 519 1154 Οὐκοῦν·
559 1079 686 1180 χρῆναι
704 1076 776 1179 γὰρ
793 1077 916 1173 πόλιν,
936 1078 985 1159 ὡς
1010 1078 1047 1156 ἐν
1065 1076 1201 1176 ὀλίγοις
1219 1071 1420 1154 συνελόντα
1437 1071 1504 1154 τὸν

306 1202 370 1274 τοῦ
398 1197 626 1298 προκειμένου
653 1197 804 1296 σκοπὸν,
823 1203 928 1304 σαφῆ
959 1202 1187 1298 καταστῆσαι
1212 1205 1286 1280 τοῖς
1313 1195 1498 1298 ἀκροωμέ-

308 1345 392 1402 νοις·
428 1319 594 1420 τοιαύτην
613 1322 704 1426 ἔχειν
722 1328 770 1407 εῖς
788 1322 925 1425 ἑτέρους
946 1323 1126 1403 ἀναπείθει
1147 1319 1230 1404 τοῦς
1254 1319 1417 1419 μαθητάς
1434 1320 1502 1418 τὴν

307 1440 462 1541 ἀγάπην,
483 1447 540 1522 καὶ
568 1447 734 1546 τοιαύτην
756 1445 882 1532 αύτούς
908 1444 1122 1543 ἐπιτηδεύειν
1149 1445 1248 1525 θέλει
1276 1442 1342 1542 τὴν
1359 1447 1500 1545 προθυ-

307 1565 392 1662 μίαν
405 1571 453 1650 είς
470 1564 512 1646 τὸ
524 1567 728 1667 μηδαμόθεν
739 1574 920 1649 κατοκνεῖν
936 1567 1000 1653 τάς
1014 1575 1086 1649 τῶν
1098 1570 1197 1649 ούτω
1211 1565 1504 1648 πεπιστευκότων
1520 1604 1561 1645 re

308 1687 432 1791 ψυχὰς
460 1695 666 1795 φιλοθηρεῖν
693 1698 741 1776 είς
765 1693 959 1791 εῦσέβειαν,
978 1693 1104 1773 ὁποίαν
1126 1725 1195 1794 περ
1220 1688 1369 1797 φθάσας
1396 1687 1504 1773 αῦτῦς

310 1817 357 1894 είς
377 1812 470 1910 ἡμᾶς
488 1811 567 1911 ἤτοι
584 1811 675 1918 πρὸς
697 1813 825 1900 αύτούς
849 1814 1057 1922 ἐνεδείξατο.
1097 1814 1152 1894 ότι
1172 1811 1243 1916 γάρ
1261 1809 1367 1896 αὐτὸς
1384 1810 1503 1894 ἐπιλί-

280 1931 396 2041 οξατο
431 1934 512 2020 τοῦς
548 1936 709 2036 μαθητὰς
746 1939 810 2018 οῦκ
847 1940 1069 2044 ἀμφίβολον,
1108 1940 1166 2018 καὶ
1202 1935 1368 2038 περιττὸν
1404 1931 1503 2034 οἶμαι

310 2055 439 2158 λέγειν,
458 2057 554 2143 ὅπως
573 2095 610 2139 τε
637 2064 694 2140 καὶ
713 2062 792 2142 τίνα
819 2059 993 2162 τρόπονὴ
1022 2059 1176 2140 ἑκάστου
1202 2057 1327 2162 γέγονε
1356 2062 1499 2156 κλῆσις·

309 2180 408 2280 πλὴν
450 2181 504 2262 ὅτι
539 2191 699 2264 τοιοῦτον
736 2185 849 2263 ὠδίνει
885 2184 949 2264 τὸν
987 2183 1128 2266 σκοπὸν
1170 2191 1233 2263 τοῦ
1276 2185 1444 2283 Σωτῆρος
1483 2183 1555 2272 ὁις

310 2302 431 2404 λόγος,
451 2307 573 2386 ὁποῖον
599 2307 691 2413 ἔφην
708 2309 847 2410 ἀρτίως,
865 2304 965 2388 ούδέν
989 2308 1097 2408 ἦττον
1124 2307 1216 2406 ἡμᾶς
1244 2306 1429 2385 ἀναπείσει
1457 2303 1504 2384 τά

309 2429 451 2533 ἐφεξῆς·
491 2433 600 2511 ταῦτα
617 2429 688 2532 γάρ
705 2437 799 2536 φησι
825 2429 1012 2531 λελάληκα
1030 2436 1104 2536 ὑμῖν
1122 2429 1177 2510 ’ίνα
1194 2436 1366 2532 ἀγαπᾶτε
1383 2431 1499 2522 ἀλλη-

310 2570 400 2638 λιυς.
431 2549 545 2654 ἣγδιρ
573 2553 651 2657 οὐχὶ
679 2557 742 2652 τῆς
770 2552 940 2633 ἀνωτάτω
967 2560 1099 2633 πασῶν
1116 2551 1258 2655 ἀγάπης
1285 2551 1392 2654 ἔργον
1416 2547 1502 2630 εἶναι

311 2671 476 2772 δαίσομεν
503 2673 545 2753 τὸ
574 2673 814 2782 ἐπιλέξασθαί
838 2711 877 2756 τε
904 2680 963 2758 καὶ
992 2675 1143 2756 καλέσαι
1165 2673 1256 2777 πρὸς
1275 2673 1434 2774 ὑπακοὴν
1452 2681 1504 2780 τῷ

277 2796 396 2904 doec}
423 2795 505 2881 τοῦς
533 2797 707 2883 ἀπίστους
734 2798 785 2878 ἐτι
807 2802 864 2878 καὶ
888 2800 1167 2898 πλανωμένους;
1206 2797 1291 2877 ἀλλ’
1311 2797 1412 2878 ἔστιν
1439 2799 1502 2877 οῦκ
1517 2839 1554 2878 το

145 2925 253 3040 200&-
313 2921 534 3026 ἀμφίβολον.
571 2919 669 3002 ῦκαῖ
691 2927 779 3024 δρῦν
807 2924 970 3025 ἠπειγετο
997 2923 1116 3024 λε’γων
1140 2924 1327 3004 όΠαῦλος
1358 2919 1503 3023 “Ὺπέρ

313 3053 335 3091 “
354 3049 518 3146 Χριστοῦ
545 3047 608 3125 οῦν
634 3045 890 3148 πρεσβεύομεν,
919 3050 967 3128 ὡς
995 3053 1059 3125 τοῦ
1087 3051 1183 3125 Θεοῦ
1209 3051 1503 3147 παρακαλοῦντος

312 3179 334 3214 “
352 3171 394 3248 δι’
417 3170 530 3268 ἡμῶν·
569 3167 719 3268 δεόμεθα
738 3167 824 3270 ῦπέρ
843 3175 1019 3270 Χριστοῦ,
1038 3165 1291 3268 καταλλάγητε
1314 3172 1367 3275 τῷ
1384 3165 1501 3273 Θεῷ·”

312 3295 370 3371 καὶ
392 3290 464 3391 μὴν
482 3293 502 3372 ὁ
524 3291 659 3394 Πέτρος
677 3299 751 3377 τοῖς
769 3291 951 3376 Ἰουδαίοις
971 3290 1094 3392 δήμοις
1112 3293 1150 3370 ἐν
1168 3291 1354 3397 παῤῥησίηι
1378 3295 1504 3368 λαλῶν

144 3405 264 3534 ssffis
314 3426 335 3466 “
356 3420 428 3494 Καὶ
448 3423 523 3513 νῦν,
539 3419 704 3522 ἀδελφοὶ,
726 3411 804 3495 οῖδα
823 3414 877 3496 ὅτι
896 3412 987 3494 κατὰ
1006 3414 1155 3516 ἄγνοιαν
1174 3412 1361 3520 ἐπράξατε,
1379 3409 1503 3515 ὥσπερ
1516 3443 1551 3502 ²5

143 3545 218 3652 {ij
228 3601 267 3664 ³⁸·
313 3548 336 3586 “
355 3540 413 3618 καὶ
441 3543 473 3616 οἱ
498 3537 668 3641 ἄρχοντες
695 3541 802 3636 ὑμῶν·
836 3535 1080 3637 μετανοήσατε
1103 3537 1242 3617 οὖνκαὶ
1264 3535 1502 3635 βαπτισθήτω

283 3671 335 3732 θ“
354 3661 505 3744 ἕκαστος
523 3662 622 3757 ῦμιῦν
640 3663 678 3741 ἐν
691 3667 742 3768 τῷ
755 3659 902 3758 ὀνόματι
920 3670 984 3741 τοῦ
1006 3661 1140 3762 Κυρίου
1158 3660 1257 3760 ἡμῶν
1274 3661 1398 3758 Ἰησοῦ
1411 3664 1500 3760 Χρι-

313 3794 334 3834 “
353 3784 477 3864 στοῦ.”
516 3784 602 3889 ὁρᾷς
620 3781 716 3866 ὅπως
735 3782 800 3880 μέν
818 3786 877 3862 καὶ
894 3791 969 3868 τοῖς
986 3784 1085 3862 οῦπω
1098 3781 1378 3864 πεπιστευκόσιν
1392 3784 1500 3862 ῦπαν·

311 3913 404 3988 τοῖσι
422 3905 488 4005 μέν
503 3903 768 4010 προθυμότατα,
788 3906 851 3988 τὸν
869 3906 906 3986 δέ
924 3909 1023 3988 οὔπω
1041 3905 1233 4010 ζητηθέντα
1250 3905 1502 4008 προκομίζουσι

311 4030 436 4133 λόγον,
467 4031 510 4110 ού
545 4037 619 4116 τοῖς
650 4031 844 4131 ἀγνοοῦσιν
878 4031 996 4116 αῦτοῖς
1027 4031 1272 4132 ἐπιτρέποντες
1303 4027 1346 4108 τὸ
1378 4031 1502 4134 χρῆναι
1514 4059 1551 4116 30

347 4255 373 4304 4.
391 4235 536 4299 βούλωνται
549 4235 581 4292 E.
593 4235 732 4300 βούλονται
745 4235 796 4290 Ed.
962 4235 1002 4291 16.
1021 4237 1154 4291 ἀναπείσει
1167 4235 1211 4307 τὰ]
1225 4235 1390 4291 ἀναπείσεται
1402 4233 1441 4290 Μ’
1481 4251 1502 4288 e.

314 4321 356 4378 17.
376 4305 888 4376 Ηαιοταῦται-ἀλλῆλουςαοεοιεοτααι
901 4305 975 4360 exE.
1008 4305 1138 4361 Scholion
1150 4305 1193 4360 hic
1211 4304 1244 4359 ed
1263 4304 1343 4359 finem
1357 4304 1431 4360 ducit
1486 4345 1502 4368 .‚

310 4393 418 4432 vernum
442 4385 596 4448 sequentem
621 4393 767 4448 apponens,
784 4374 825 4430 Ἢ
843 4377 895 4448 γὰρ
919 4375 977 4439 δια,
1002 4377 1078 4447 queei
1102 4375 1223 4432 eehnlien
1248 4393 1358 4439 novum,
1383 4392 1502 4446 pergens,

310 4463 398 4501 errore
417 4451 525 4510 tamem
556 4447 584 4501 in
603 4464 710 4502 vernum
728 4447 800 4501 enim
818 4445 891 4500 hune
911 4444 1151 4502 sextumdecimum
1170 4455 1210 4502 eet
1234 4456 1260 4500 et
1283 4447 1312 4500 in
1333 4445 1502 4517 sequentibue

310 4516 499 4586 interpretatio.
652 4517 693 4570 18.
709 4519 765 4572 τοῖς
779 4533 827 4587 pre
839 4517 883 4585 τῆς
896 4515 928 4570 Ε.
1273 4513 1275 4522 ‘
