3248 5112
283 299 347 362 474
585 297 623 360 B.
647 295 857 360 CYRILLI
888 293 1174 359 ALEXANDR.
1349 280 1479 361 xiv.19·

283 460 495 563 πράγματος
517 463 755 545 καθέλκοντος
777 459 904 561 ὥσπερ
929 464 987 541 καί
1012 457 1221 562 βιαζομένου
1246 451 1337 555 πρὸς
1361 451 1477 548 ἆμαρ·

284 585 373 667 τίαν.
407 593 481 669 τοῖς
500 585 613 689 γεμήν
632 587 746 670 ὁσίοις
764 589 822 665 καί
839 585 1043 686 ἐπιτηδείως
1062 584 1208 688 ἔχουσιν
1226 584 1274 661 εἰς
1292 573 1334 655 τδ
1354 579 1479 666 λαβεῖν

254 708 393 788 οαῦτδν
420 711 562 796 εἰκότως
593 711 763 816 έφασκεν,
791 710 910 810 ἐπειδὴ
943 711 1080 790 τούτων
1109 708 1264 803 ἔμελλον
1296 697 1479 797 ὑπομένειν

115 830 218 946 ἳξξῖ,
283 835 385 914 οὐδέν
403 844 424 880 “
438 836 520 914 Οῦκ
547 834 683 940 ἀφήσω
712 837 803 934 ὑμᾶς
830 832 1022 940 ὀρφανοὺς,
1051 834 1199 937 ἔρχομαι
1231 824 1321 930 πρὸς
1354 819 1478 922 ῦμᾶς.”

283 959 410 1038 οὐκοῦν
435 959 595 1042 ἄποπτος
621 957 687 1056 μὲν
712 962 770 1038 καί
796 959 943 1043 ἀθέατος
972 961 1098 1058 κομιδῆ
1127 963 1200 1038 τοῖς
1226 949 1271 1031 τῦ
1294 951 1332 1028 έν
1354 945 1511 1051 κόσμῳδ

282 1090 461 1188 φρονοῦσι
487 1085 710 1188 χρηματίσαι
739 1088 844 1188 φησί,
869 1082 960 1182 μετὰ
988 1079 1053 1182 τήν
1080 1083 1239 1160 ἐντεῦθεν
1266 1070 1481 1170 ἀποδημίαν,

282 1209 375 1312 φημί
413 1205 457 1307 δή
495 1205 561 1306 τὴν
593 1213 642 1290 εἰς
674 1203 844 1309 οῦρανοῦς
878 1207 1127 1314 ἀναφοίτησιυ·
1177 1196 1304 1304 ὁρατὸς
1337 1194 1375 1275 δὲ
1406 1199 1480 1274 τοῖς

283 1333 396 1431 ἁγίοις
424 1331 683 1434 εὑρεθήσεσθαι
711 1330 819 1433 λέγει,
847 1331 946 1411 θείαν
973 1365 1011 1411 τε
1040 1327 1120 1410 τινὰ
1147 1331 1204 1408 καὶ
1234 1319 1363 1422 νοητήν
1390 1319 1480 1397 ε’ντι-

282 1455 404 1540 θέντος
443 1453 684 1559 μαρμαρυγήν
715 1461 790 1540 τοῖς
829 1460 894 1556 τῆς
936 1455 1081 1558 καρδίας
1122 1453 1240 1532 αὐτῶν
1275 1447 1478 1552 ὀφθαλμοῖς

282 1589 346 1660 τοῦ
378 1580 506 1682 Ἀγίου
544 1578 765 1678 Πνεῦματος,
804 1583 862 1660 καὶ
897 1587 1024 1661 πᾶσαν
1060 1577 1196 1678 εἴδησιν
1230 1569 1479 1672 ε’νσπείροντος
1497 1606 1533 1646 10

281 1701 436 1804 ἀγαθήν.

247 1828 269 1894 d
332 1823 388 1906 *H
406 1828 478 1930 γοίρ
497 1827 608 1911 οῦτως
625 1826 735 1907 αὐτὸν
753 1825 950 1927 οἰησόμεθα
969 1827 1088 1930 λέγειν
1101 1824 1143 1905 τό
1154 1821 1231 1902 Ἔτι
1250 1815 1365 1928 μικρῦν
1382 1819 1442 1897 ιιαί
1464 1823 1478 1895 ό

283 1951 408 2056 κόσμος
427 1987 473 2052 με
493 1950 600 2030 οὐκέτι
621 1949 734 2058 θεωρεῖ,
752 1955 845 2056 ὑμεῖς
866 1949 901 2032 θέ
920 1949 1061 2059 θεωρεῖτέ
1078 1986 1133 2056 με,
1151 1946 1264 2049 ήγυυν
1281 1941 1337 2052 ἐφ’
1357 1941 1480 2044 ἑτέραν

280 2075 360 2156 τινὰ
379 2073 659 2178 παρακλίνοντες
679 2079 839 2180 θεωρίαν,
858 2077 1013 2175 μάλισθ’
1034 2075 1090 2156 ὅτι
1112 2067 1381 2176 προσπλέκεται
1404 2071 1479 2148 τοῖς

281 2199 472 2302 εἰρημένοις
500 2203 583 2303 παρ’
613 2202 722 2280 αῦτοῦ
751 2200 793 2281 τό
816 2200 899 2281 ’Ότι
933 2199 1001 2305 ey&
1034 2199 1083 2310 ζεῖ
1117 2201 1176 2278 καί
1208 2198 1300 2300 ὑμεῖς
1333 2187 1477 2300 ζήσεσθε,
1494 2216 1532 2277 ¹5

281 2322 498 2426 λογιζόμεθά
515 2357 548 2402 τι
567 2331 738 2405 τοιοῦτον.
775 2323 866 2426 μετὰ
885 2323 956 2428 γὰρ
974 2323 1040 2423 τὴν
1058 2325 1097 2402 ἐκ
1116 2325 1249 2422 νεκρῶν
1267 2316 1478 2408 ἀναβίωσιν,

281 2447 516 2548 κατορθώσας
544 2451 589 2549 τῇ
617 2447 768 2554 ἡμετέρᾳ
797 2447 909 2554 φύσει
935 2447 1002 2547 τήν
1030 2452 1078 2530 εἰς
1104 2445 1192 2546 ὅπερ
1219 2441 1264 2543 ἦν
1292 2439 1337 2547 ἐξ
1365 2440 1479 2543 ἀρχῆς

278 2567 540 2671 ἐπαναδρομήν,
560 2571 618 2648 καί
645 2572 838 2677 ἀποδείξας
862 2571 926 2650 τὸν
944 2573 1134 2672 ἄνθρωπον
1152 2568 1353 2672 ἄφθαρτον,
1374 2565 1423 2646 ὡς
1440 2564 1478 2640 ἐν

279 2697 426 2798 ἀπαρχῇ
454 2695 513 2772 καὶ
540 2691 673 2800 πρώτιρ
700 2701 752 2802 τῷ
782 2694 858 2802 ἰδίῳ
887 2700 972 2801 ναῷ,
995 2693 1105 2793 ἀνέβη
1134 2691 1225 2796 πρὸς
1252 2686 1317 2769 τὸν
1341 2689 1378 2766 ἐν
1403 2693 1477 2767 τοῖς

250 2817 440 2918 οοῦρανοῖς
462 2817 611 2918 Πατέρα
638 2821 697 2897 καί
716 2817 822 2898 Θεόν·
851 2821 935 2897 ἀλλ’
956 2819 1082 2920 ὀλίγον
1102 2812 1237 2922 μεταξῦ
1265 2811 1475 2894 διατελέσας
1492 2841 1532 2882 ²0

279 2939 421 3046 χρόνον,
447 2939 693 3039 καταβήσεται
720 2939 846 3039 πόλιν,
868 2939 1029 3044 καθάπερ
1055 2938 1282 3034 πιστεύομεν,
1306 2939 1363 3016 καί
1390 2937 1475 3016 ε’πα·

280 3062 379 3170 νήξει
396 3063 510 3144 πάλιν
527 3063 619 3166 πρὸς
638 3065 731 3163 ἡμᾶς
750 3076 772 3110 “
787 3068 825 3144 έν
844 3069 889 3171 τῇ
908 3064 998 3172 δόξῃ
1014 3073 1078 3145 τοῦ
1097 3059 1243 3166 Πατρός
1259 3061 1368 3140 αὐτοῦ
1386 3057 1477 3160 μετὰ

279 3199 301 3236 “
321 3195 392 3267 τιῦν
410 3189 522 3290 ἁγίων
541 3186 740 3290 ἀγγέλων,”
763 3192 821 3268 καὶ
846 3187 1025 3292 προθήσει
1049 3186 1115 3287 μὲν
1133 3187 1250 3267 ἅπασι
1273 3182 1316 3266 τῦ
1342 3191 1476 3290 φρικω-

279 3314 453 3392 δέστατον
471 3317 573 3411 βῆμα
597 3319 766 3414 πονηροῖς
792 3347 830 3392 τε
855 3316 913 3393 καί
937 3315 1097 3414 ἀγαθοῖς.
1137 3312 1288 3410 σύμπαν
1306 3309 1425 3412 γὰρῆ
1464 3346 1476 3388 ι

278 3436 320 3515 τὸ
340 3435 486 3548 ποιηθὲν
503 3442 551 3519 εἰς
570 3437 702 3537 κρίσιν·
732 3435 923 3539 ἀναλόγως
942 3435 980 3516 δέ
998 3443 1071 3520 τοῖς
1088 3436 1229 3544 ἑκάστῳ
1247 3432 1475 3533 βεβιωμένοις
1490 3463 1530 3523 ²5

111 3057 235 3135 math.

111 3140 161 3172 xv1.
172 3137 210 3188 η.

278 3557 467 3643 ἀποδιδοῦς
484 3558 530 3638 τά
548 3561 742 3662 πρέποντα,
761 3569 834 3646 τοῖς
853 3560 917 3658 μέν
935 3560 979 3667 ἐξ
998 3559 1186 3659 εὐωνύμων
1203 3563 1283 3663 ε’ρεῖ,
1300 3557 1474 3654 τουτέστι,

109 3695 219 3823 {lg-¹¹³¹·
278 3689 352 3767 τοῖς
379 3681 426 3762 τά
451 3685 489 3762 έν
511 3683 639 3790 κόσμῳ
664 3684 911 3788 πεφρονηκόσι
936 3684 1027 3764 ποτέ
1043 3695 1064 3732 “
1076 3685 1282 3786 Πορεύεσθε
1309 3683 1369 3763 ἀπ’
1389 3684 1475 3782 ἐμοῦ

111 3797 172 3887 815
182 3832 221 3887 Δ.
249 3819 300 3886 a“
319 3807 555 3909 κατηραμένοι
570 3813 631 3891 ἐἰς
659 3805 702 3886 τὸ
730 3816 803 3910 πῦρ
830 3807 872 3888 τὸ
901 3810 1043 3889 αἰώνιον
1067 3808 1109 3889 τὸ
1137 3807 1400 3908 ἡτοιμασμένον
1424 3813 1476 3914 τῷ

277 3942 299 3980 “
318 3929 480 4039 διαβόλῳ
502 3935 559 4010 καί
584 3938 659 4016 τοῖς
683 3933 854 4034 ἀγγέλοις
882 3933 1022 4013 αῦτοῦ·”
1052 3939 1125 4017 τοῖς
1145 3931 1256 4036 γεμήν
1274 3935 1313 4012 ἐκ
1331 3931 1472 4038 δεξιῶν,

110 4071 197 4134 Ib·³4·
276 4056 452 4155 τουτέστι,
471 4063 545 4139 τοῖς
563 4056 678 4138 ὁσίοις
696 4057 754 4136 καί
779 4057 929 4157 ἀγαθοῖς
948 4067 970 4104 “
981 4063 1092 4138 Δεῦτε
1112 4063 1145 4138 οἰ
1163 4057 1394 4160 εὐλογημένοι
1412 4064 1476 4136 τοῦ
1489 4087 1534 4144 30

276 4192 297 4228 ‘⁴
318 4177 464 4282 Πατρός
482 4214 564 4280 μου,
578 4179 877 4282 κληρονομήσατε
896 4179 963 4280 τήν
981 4179 1247 4281 ἡτοιμασμένην
1266 4182 1347 4278 ῦμῖν
1364 4187 1474 4276 βασι-

310 4485 336 4536 9.
355 4467 594 4538 τοῖς-Πνεῦμιιτος
606 4473 668 4537 post
679 4467 778 4538 ἀγαθήν
789 4469 940 4539 transponit
954 4469 985 4524 E.
1140 4487 1180 4538 14.
1198 4469 1425 4542 προοπτπέλεκτος
1438 4469 1471 4526 Ε.

277 4537 319 4592 16.
338 4540 439 4591 τοιοῦτο
452 4537 485 4593 Ε.
594 4553 636 4592 20.
656 4539 697 4592 καί
709 4547 878 4608 assumptum
890 4558 921 4594 ex
937 4540 969 4594 E.
