3274 5118
102 333 281 402 xvi.8-11.
318 336 376 402 IN
406 337 439 404 S.
464 337 722 406 JOANNEM.
769 339 864 406 LIB.
888 339 930 405 X.
976 339 1079 406 CAP.
1102 339 1150 404 11.
1238 338 1303 402 623
1385 329 1388 342 '

102 507 127 545 “
147 501 395 588 πεπίστευκας·
434 500 601 608 μακάριοι
622 509 656 584 οἰ
683 503 733 604 μὴ
759 501 894 590 ἰδόντες
919 505 977 584 καί
1004 499 1302 586 maredo-ame?

104 624 249 708 δικαίως
271 626 335 706 οῦν
354 627 425 729 ἀρα
450 628 690 708 δεδικαίωνται
719 631 778 708 καί
803 629 886 734 δίχα
909 631 974 728 τῆς
999 627 1081 712 θέας
1099 631 1132 706 οἰ
1154 623 1303 707 πιστεύ·

103 779 248 846 σαντες,
268 757 331 828 τοῦ
352 750 390 830 δέ
415 757 488 831 τῶν
511 751 603 832 ἰσων
621 759 741 858 τυχεῖν
763 755 783 832 ἀ
803 751 941 851 κόσμος
968 750 1157 858 ἐξείλισθε,
1182 748 1248 849 τὴν
1265 749 1305 828 ἐκ

103 870 264 955 πίστεως
288 873 516 975 δικαιοσύνην
535 876 577 954 ού
601 875 886 978 πρασηκάμενος,
911 873 997 955 ἀλλ’
1017 868 1207 972 ἐθελοντὴς
1230 879 1339 957 τοΐςιί

68 1025 89 1086 5
105 995 208 1080 ἰδίοις
225 997 531 1104 ἐμφιλοχωρήσας
550 1005 684 1084 κακοῖς.

166 1120 307 1200 Εἰδέναι
332 1121 445 1225 γεμὴν
463 1124 668 1225 ἀναγκαῖον,
688 1126 736 1208 ὡς
761 1123 803 1202 οῦ
828 1119 920 1204 κατά
944 1121 1065 1222 μόνων
1082 1119 1305 1220 Ἰουδαίωνὴ

106 1249 183 1322 τῶν
200 1245 328 1346 ἀρτίως
346 1247 430 1346 ἡμῖν
448 1245 641 1349 εἰρημένων
658 1246 817 1351 ἐλέγχων
836 1245 922 1332 δυάς
939 1245 998 1326 διάι
1020 1255 1083 1326 τοῦ
1104 1241 1302 1349 Παρακλή-

107 1400 174 1446 του
201 1365 400 1469 γενήσεται,
419 1367 511 1450 κατοί
537 1367 729 1454 παντάςδέ
755 1377 901 1470 μᾶλλον
924 1369 1114 1474 ἀνθρώπου
1141 1375 1307 1470 σκληροῦ

107 1523 147 1570 τε
176 1495 234 1571 καί
261 1495 439 1578 ἀπειθοῦς·
479 1494 647 1594 σημαίνει
672 1491 739 1592 μέν
760 1491 832 1597 γάρ
854 1493 877 1593 ἡ
899 1502 964 1573 τοῦ
992 1490 1133 1593 κόσμου
1160 1524 1304 1592 προση-

52 1657 95 1698 10
110 1615 225 1718 γορία,
254 1619 313 1695 καί
339 1615 403 1697 τὸν
429 1624 506 1702 ταῖς
534 1619 758 1725 φιληδονίαις
788 1617 1045 1718 ἀκαταλῆκτως
1073 1612 1305 1718 ἐγκαλινδού-

109 1774 219 1839 μενον
259 1743 317 1820 καί
358 1745 422 1840 τῆς
468 1745 676 1840 διαβολικῆς
717 1742 908 1844 βδελυρίας
937 1743 1015 1820 ὀῦκ
1058 1738 1305 1846 ἐξιστάμενον,

111 1865 277 1962 σημαίνει
305 1863 343 1944 δέ
367 1863 469 1944 οάδέν
490 1865 599 1964 ἧττον
624 1867 682 1944 καὶ
711 1862 793 1950 τοῦς
821 1867 859 1944 ἐν
876 1868 984 1945 παντί
1012 1872 1063 1972 τῷ
1084 1861 1212 1972 κόσμιρ
1240 1867 1308 1944 διε-

111 1985 341 2089 σπαρμένους
359 2022 398 2068 τε
417 1991 475 2068 καί
494 1986 756 2096 κατῳκηκότας.
795 1987 932 2092 γενικὸς
956 1989 1018 2068 οὖν
1037 1988 1108 2090 ἀρα
1133 1992 1191 2069 καὶ
1217 1985 1338 2071 κατάο

111 2109 297 2191 πάντωνὸ
320 2114 469 2198 διπλοῦς
495 2114 618 2192 οῦτοσί
642 2111 841 2217 κεχώρηκεν
864 2108 1024 2216 ἐλεγχος.
1064 2113 1308 2214 σεσαγήυευκε

59 2269 98 2330 15
113 2233 184 2337 γὰρ
199 2236 219 2314 ὁ
233 2235 394 2338 Χριστὸς
412 2237 491 2340 ούχί
508 2235 621 2335 μόνην
638 2232 703 2334 τὴν
720 2236 908 2333 Ἰουδαίαν,
925 2234 1019 2315 καθά
1038 2239 1096 2315 καί
1115 2239 1153 2316 ἐν
1170 2239 1309 2340 ἀρχαῖς,

113 2356 137 2459 ἢ
164 2359 275 2458 μόνον
302 2357 344 2439 τὸ
372 2359 518 2462 σπέρμα
544 2357 586 2439 τὸ
620 2359 664 2466 ἐξ
690 2357 857 2462 Ἰσραὴλ,
883 2358 984 2440 ἀλλά
1013 2357 1165 2457 σύμπαν
1196 2357 1238 2440 τὸ
1268 2359 1313 2466 ἐξ

113 2481 234 2582 Ἀδάμ
261 2486 503 2582 διολισθῆσαν
530 2482 645 2586 γένος.
686 2484 728 2562 οῦ
749 2481 821 2585 γάρ
839 2485 896 2564 ἐπί
915 2485 1022 2586 μέρος
1044 2483 1067 2584 ἡ
1086 2480 1199 2589 χάρις,
1222 2482 1308 2564 ἀλλ’

113 2609 171 2714 ἐφ’
192 2607 283 2707 ὅλην
300 2607 426 2712 γέγονε
443 2606 509 2708 τὴν
528 2606 735 2707 οἰκουμένην
751 2605 794 2687 τὸ
812 2609 851 2687 ἐκ
868 2611 932 2707 τῆς
948 2608 1105 2692 πίστεως
1123 2606 1273 2710 ἀγαθόν.

170 2732 301 2837 Τρίτος
332 2729 482 2838 ἐλεγχος
513 2730 572 2812 διά
608 2739 672 2812 τοῦ
705 2729 949 2834 Παρακλήτσυ
982 2732 1183 2834 γενήσεται,
1216 2731 1311 2814 καθά

63 2891 103 2933 20
116 2861 231 2962 φησιν
256 2859 276 2936 ὁ
302 2855 442 2960 Σωτὴρ,
462 2857 485 2956 ἡ
505 2853 708 2954 δικαιοτάτη
736 2854 946 2958 κατάκρισις
969 2865 1034 2936 τοῦ
1057 2854 1230 2958 ἄρχοντος
1256 2859 1310 2938 τοῦ

117 2981 244 3087 κόσμου
273 2979 396 3061 τούτου.
435 2987 513 3064 πῶς
540 2978 578 3060 δέ
603 2980 671 3080 ἤδη
698 2977 812 3058 πάλιν
838 2975 862 3078 ἢ
890 2980 969 3059 τίνα
996 2978 1144 3083 τρόπον,
1173 2980 1305 3087 ἐξηγή·

115 3139 239 3202 σομαι.
288 3101 608 3207 προσμαρτυρήσει
644 3099 716 3204 γὰρ
745 3106 790 3206 τῇ
828 3101 919 3208 δόξῃ
949 3111 1013 3182 τοῦ
1045 3109 1221 3206 Χριστοῦ,
1251 3108 1340 3184 καίκ
1360 3128 1477 3186 92η

117 3226 224 3308 αὑτὸν
246 3225 357 3312 ὅντως
381 3227 573 3333 ἀποδείξας
597 3225 685 3305 ὄντα
709 3222 773 3305 τὸν
797 3231 870 3304 τῶν
892 3225 990 3306 ὅλων
1014 3227 1159 3330 Κύριον,
1178 3227 1310 3337 ἐλέγξει

117 3351 168 3433 τίν
198 3353 332 3458 κόσμον,
358 3354 405 3436 ὡς
432 3347 800 3451 πεπλανημένον,καί
828 3348 893 3429 τὸν
919 3348 986 3447 μέν
1013 3353 1159 3451 ἀληθοῦς
1185 3386 1224 3433 τε
1252 3355 1311 3434 καί

67 3510 105 3573 25
119 3475 226 3585 φύσει
258 3475 395 3584 ἀφέντα
423 3473 529 3572 Θεὸν,
556 3471 863 3576 προσκυνήσαντα
891 3471 929 3553 δέ
957 3477 1015 3554 καί
1049 3475 1313 3579 λελατρευκότα

119 3605 169 3708 τῷ
195 3597 246 3699 μὴ
274 3597 365 3680 κατὰ
393 3599 517 3704 φύσιν,
537 3597 711 3694 τουτέστι,
734 3599 786 3706 τῷ
808 3603 963 3706 σατανᾷ.
1001 3597 1103 3698 ἱκανὴ
1125 3597 1197 3704 γάρ
1217 3597 1314 3698 οἶμαι

119 3722 210 3827 πρὸς
227 3723 269 3804 τὸ
288 3724 399 3808 οὕτως
421 3723 578 3829 ἔχουσαν
596 3721 767 3828 ἐπιδείξω
785 3719 851 3820 τὴν
869 3729 933 3800 τοῦ
957 3720 1171 3824 πράγματος
1189 3723 1314 3830 φύσιν,

119 3847 142 3946 ἡ
170 3847 245 3928 κατ’
274 3847 383 3927 αύτοῦ
411 3847 583 3949 γενομέιιη
615 3846 745 3949 κρίσις.
790 3846 832 3924 οῦ
859 3842 931 3948 γάρ
958 3843 1003 3924 ἀν
1034 3846 1223 3950 κατεκρίθη
1256 3849 1314 3926 καὶ

119 3972 330 4072 ἠσθένησεν,
349 3971 422 4052 οῦδ
442 3969 567 4071 ἀυτῆς
586 3969 778 4074 θεομαχίας
802 3967 1025 4073 είσεπράχθη
1047 3970 1157 4067 δίκας,
1176 3979 1314 4072 σειραῖς
1358 3959 1494 4093 {isim

71 4092 231 4209 3οζόφου
257 4093 578 4198 τεταρταρωμένος,
597 4093 696 4197 εἰπερ
723 4091 768 4192 ἧν
796 4089 907 4196 φύσει
926 4089 1019 4174 Θεὸς
1045 4090 1088 4170 τὸ
1113 4091 1314 4192 ἀκλόνητον

121 4217 212 4324 ἔχων
237 4221 275 4299 ἐν
301 4253 339 4298 τε
363 4217 467 4324 ἰσχύϊ
490 4221 549 4300 καί
576 4214 679 4324 δόξῃ·
727 4217 802 4296 νυνί
828 4213 866 4294 δέ
893 4221 1072 4294 τοσοῦτον
1099 4214 1346 4300 ἐλλελοιπὸςὶ)

157 4459 183 4510 4.
201 4444 247 4511 τῆς
259 4440 467 4514 (depromere)
480 4439 513 4496 Ε.
665 4455 707 4507 ¹⁴·
724 4435 862 4492 οὑτοσίΕ.
875 4433 1037 4492 οῦτοσίΕδ.
1190 4451 1234 4508 ²3·
1254 4435 1317 4491 ἀπα

123 4521 293 4596 κυουιυρῑυρη
304 4529 338 4566 ex
351 4511 383 4566 Ε.
549 4523 592 4578 25.
611 4531 632 4592 τ
684 4507 838 4578 κυνίησαντις
852 4505 885 4562 E.
1054 4504 1151 4562 26-28.
1169 4505 1270 4562 Ακατδ
1281 4505 1316 4562 ιδ

124 4581 176 4638 κατ’
188 4583 304 4638 ιτκυςὼι
316 4581 348 4638 Ε.
360 4581 558 4651 norff-mxi
570 4579 631 4636 ιτίυ
666 4587 696 4636 αι
709 4576 834 4635 catenae.
999 4593 1043 4647 3¹·
1061 4599 1090 4632 τε
1103 4576 1136 4632 Ε.
1148 4597 1179 4646 τη
1192 4575 1245 4633 Ed.
