3274 5118
294 278 360 340 594
598 275 637 341 B.
662 273 875 340 CYRILLI
905 273 1195 340 ALEXANDR.
1385 291 1448 333 xv.
1464 284 1514 328 ιο.

295 473 401 520 νειαν.
443 437 488 539 ἦν
506 437 572 538 μέν
590 435 662 543 γάρ
688 439 751 518 οῦκ
777 437 999 545 ἀμφίβολον,
1020 435 1075 518 ὅτι
1100 444 1178 523 ταῖς
1203 442 1277 517 τῶν
1295 429 1521 516 διωκόντων
1624 535 1625 538 ¹

295 559 362 661 τὴν
378 561 550 664 ἀλήθειαν
567 561 835 667 περιπταίοντες
860 564 984 666 ὀργαῖς
1007 570 1072 642 τοῦ
1091 565 1258 662 Σωτῆρος
1277 564 1310 640 οὶ
1329 555 1523 658 μαθηταὶ,

296 693 370 770 τοῖς
397 689 437 767 ἐκ
463 695 528 767 τοῦ
557 687 749 767 διώκεσθαι
776 693 1055 790 περιπεσοῦνται
1087 689 1225 770 δεινοῖς·
1265 683 1352 762 ύλλ’
1389 678 1446 780 ἦν
1477 676 1523 775 δή

296 845 368 892 που
400 815 458 891 καὶ
488 810 590 911 μάλα
619 809 709 894 εῖκῖις
739 810 960 914 λογίζεσθαι,
989 808 1044 889 ὅτι
1077 807 1141 891 τὸν
1173 806 1262 912 ὑπὲρ
1293 811 1361 907 τῆς
1399 801 1524 910 δόξης

297 940 463 1039 Χριστοῦ
485 934 689 1033 ποιούμενοι
707 933 835 1037 λόγον,
856 934 999 1019 πάντως
1023 968 1095 1016 που
1117 931 1299 1016 πλουσίας
1322 934 1395 1030 τῆς
1426 926 1551 1029 παρ’5

297 1061 406 1159 αὐτῆς
435 1058 629 1165 μεθέξουσι
659 1060 813 1166 φειδοῦς,
842 1061 891 1142 ὡς
918 1056 1028 1157 μηδὲν
1057 1055 1153 1142 ὅλως
1180 1057 1222 1136 τὸ
1253 1052 1523 1160 παραποδίςῖιν
1624 1073 1625 1076 ’

297 1185 452 1285 ὁρᾶσθαι
488 1181 580 1286 πρὸς
617 1181 683 1282 τὴν
719 1182 833 1265 οὕτως
869 1179 1095 1288 άξιάγοστον
1130 1181 1334 1284 προθυμίαν
1369 1177 1520 1270 αὐτῶν,

298 1307 455 1409 θορύβου
479 1306 518 1387 δέ
542 1304 677 1390 παντὸς
695 1310 753 1385 καὶ
776 1305 938 1385 κινδύνου
956 1307 1111 1406 ὁρᾶσθαι
1129 1306 1342 1408 κρείττονας,
1362 1299 1518 1400 ὑπομέ-

264 1443 424 1516 ᾱνοντοις
444 1428 483 1509 δέ
501 1430 542 1510 τὸ
561 1428 735 1532 παράπαν
754 1427 856 1508 οὐδέν
873 1435 946 1509 τῶν
964 1429 1037 1530 ὅσα
1054 1429 1192 1536 πέφυκε
1216 1435 1353 1522 λυπεῖν,
1371 1429 1517 1529 ε’ντρν·

297 1559 443 1659 φῶντας
471 1553 508 1634 δέ
536 1561 683 1653 μᾶλλον
710 1560 787 1637 ταῖς
814 1551 915 1656 παρὰ
942 1553 1088 1634 πάντων
1115 1560 1248 1652 τιμαῖς,
1279 1551 1340 1633 ἅτε
1366 1550 1420 1652 δὴ
1450 1551 1517 1630 καῖ
1532 1587 1568 1628 ιο

296 1677 361 1758 τὸν
379 1675 560 1781 σωτήριον
587 1679 706 1762 αῦτοῖς
732 1676 1001 1781 πρεσβεύοντας
1029 1675 1154 1780 λόγον.
1192 1681 1251 1758 καὶ
1278 1665 1331 1778 ἦν
1349 1675 1424 1776 μέν
1443 1675 1517 1756 οῦκ

297 1801 370 1881 ἀπὸ
393 1809 535 1882 σκοποῦ
559 1809 623 1881 τοῦ
647 1801 861 1904 πρέποντος,
886 1801 928 1883 τὸ
957 1799 1003 1881 τὰ
1030 1810 1179 1882 τοιαῦτα
1204 1805 1421 1906 προσδοκᾶν
1448 1801 1515 1879 καὶ

297 1929 336 2007 έν
353 1925 492 2009 τούτοις
510 1921 597 2005 εἶναι
616 1923 729 2027 ζητεῖν
756 1924 840 2009 τοῦς
866 1925 902 2005 οἵ
927 1960 971 2029 γε
998 1933 1123 2006 καλεῖν
1152 1924 1426 2029 σπουδάζουσιν
1459 1929 1514 2005 εἷς

297 2049 439 2130 αἰώνων
464 2049 566 2154 ζωὴν,
584 2047 756 2156 πρόξενοί
777 2083 816 2129 τε
841 2055 915 2129 τοῖν
932 2047 1032 2153 παρὰ
1050 2056 1146 2130 Θεοῦ
1168 2048 1406 2155 χαρισμάτων
1426 2053 1512 2130 τοῖς

297 2175 533 2279 ἀκροωμένοις
560 2175 786 2276 ηὑρίσκοντο.
828 2173 914 2253 ἀλλ’
933 2172 1089 2254 ἑκάστου
1116 2178 1180 2274 τῆς
1208 2175 1298 2257 ἰδίας
1323 2171 1506 2276 προαιρέ-
1522 2207 1556 2268 15

297 2333 391 2384 σεως
409 2295 476 2397 τὴν
492 2297 608 2402 ῥοπὴν
627 2299 682 2405 ἐφ’
703 2297 791 2398 ὅπερ
811 2295 856 2378 ἂν
873 2299 1045 2393 βούλοιτο
1067 2297 1295 2396 διιθύνοντος,
1313 2292 1505 2402 παρατρέ-

296 2420 429 2507 ποντάς
461 2457 500 2501 τε
530 2419 622 2524 πρὸς
654 2421 697 2501 τὸ
735 2423 832 2529 αύτῷ
864 2421 1018 2522 θελητὸν
1051 2425 1109 2502 καῖ
1147 2421 1258 2522 ἡδέως
1290 2455 1369 2504 πως
1399 2420 1504 2526 ἕχον,

269 2544 624 2650 ουἰναδειχθήσεσθαι
642 2551 788 2644 μᾶλλον
806 2544 883 2643 ἔδει,
904 2549 961 2624 καὶ
980 2543 1062 2630 τοῦς
1080 2551 1125 2652 τῇ
1145 2546 1296 2652 ἀληθείη
1315 2551 1500 2651 φρονοῦν-

298 2702 363 2755 τας
381 2666 427 2748 τδι
443 2668 593 2765 ἐναντία,
611 2671 669 2747 καὶ
696 2669 938 2769 νευυοημένονς
957 2677 1034 2754 ταῖς
1053 2675 1103 2754 είς
1120 2669 1162 2751 τὸ
1182 2677 1327 2777 φαῦλον
1344 2669 1503 2767 ἡδοναῖς,

296 2789 479 2897 μάχεσθαι
502 2794 574 2871 δεῖν
592 2791 792 2893 ἐγνωκότας
812 2799 886 2877 τοῖς
910 2793 947 2872 οἵ
971 2826 1014 2895 γε
1041 2801 1219 2873 καλοῦσιν
1237 2791 1306 2900 ἔξω
1324 2799 1397 2872 τῶν
1417 2792 1498 2892 ἡδί·
1517 2825 1554 2866 ιο

298 2950 399 2996 στων
420 2914 568 2999 αύτούς.
617 2916 659 2995 οῦ
688 2913 760 3018 γὰρ
790 2915 931 3020 θυμήρη
967 2923 1042 3000 τοῖς
1079 2913 1288 3023 φιληδόνοις
1325 2915 1372 2996 τὰ
1406 2916 1504 3019 πρὸς

298 3047 404 3120 τοῦτο
431 3039 617 3135 βλέποντα
650 3038 859 3139 μαθήματα.
908 3037 954 3138 ἦν
982 3041 1045 3119 οῦν
1072 3039 1143 3143 άρα
1175 3037 1304 3120 λοιπὸν
1336 3038 1503 3141 καθάπερ

298 3163 342 3270 ἐξ
357 3163 514 3266 ἀνάγκης
532 3160 860 3272 ἀναδειχθήσεσθαι
885 3167 1108 3266 προσδοκᾶν,
1129 3163 1213 3250 τοῦς
1230 3164 1266 3244 οί
1281 3198 1323 3266 γε
1341 3166 1381 3244 ἐν
1397 3161 1502 3270 τάξει

298 3288 483 3386 πολεμίων
500 3283 702 3390 γεγονότες,
724 3286 899 3394 διάξουσί
915 3323 954 3369 τε
973 3291 1032 3368 καὶ
1051 3290 1318 3370 καταικίσοντιιι
1342 3291 1400 3370 καὶ
1424 3295 1502 3370 πᾶν

300 3407 391 3496 εἶδος
410 3409 645 3511 ε’πινοήσουσι
662 3417 888 3514 πειρασμῶν.
1515 3446 1551 3507 ι5

135 3553 290 3614 901Δ.ι
356 3532 546 3636 Ἀυδρείως
575 3531 637 3614 οῦν
666 3534 736 3636 ἄρα
764 3537 822 3615 καὶ
850 3533 942 3639 πρὸς
965 3543 1072 3618 τοῦτο
1100 3537 1194 3642 ἔχειν
1220 3536 1347 3622 αὐτούς
1375 3540 1495 3618 διακε-

300 3655 441 3738 λεύεται
472 3655 644 3760 Χριστὸς,
677 3659 741 3737 οῦκ
772 3658 972 3766 ἀποφήσας
1002 3661 1056 3741 ὅτι
1087 3663 1331 3761 συμβήσεται·
1372 3661 1431 3742 διὰ
1459 3659 1500 3740 δέ

300 3790 364 3863 τοῦ
381 3785 510 3888 χρῆναι
527 3787 673 3878 μᾶλλον
692 3783 847 3885 ὁρᾶσθαι
871 3783 1048 3868 υεανικοῦς
1067 3785 1274 3884 ἐπιτάττειν,
1292 3785 1498 3890 προκηρύτ-

300 3940 372 3987 των
397 3905 451 3985 ὅτι
477 3905 708 4008 παρέσονται.
750 3915 777 3986 εί
806 3905 879 4010 γὰρ
906 3908 972 4012 ἐμέ
996 3914 1113 4017 φησιν
1141 3906 1282 4018 ἐδίωξαν
1310 3919 1368 3991 καί
1405 3914 1504 4017 ὑμεῖς

301 4025 476 4137 διάξουσιν.
516 4029 598 4109 ’ίσον
626 4031 674 4114 ὡς
702 4035 732 4110 εί
760 4027 885 4135 ἔλεγεν
903 4031 1003 4135 Ἐγὼ
1029 4040 1103 4112 τοῖν
1131 4033 1230 4114 ὅλων
1254 4032 1454 4134 ὁποιητὴς,
1479 4036 1550 4134 530

299 4152 419 4233 πάντα
447 4153 516 4234 ὑπὸ
544 4161 648 4258 χεῖρα
675 4155 778 4260 έχων,
797 4153 843 4236 τά
861 4190 900 4236 τε
919 4159 956 4236 ἐν
974 4162 1026 4265 τῷ
1049 4159 1189 4266 οὐρανῷ
1212 4157 1336 4238 καὶτὰ
1355 4159 1413 4238 ε’πὶ
1435 4165 1501 4259 τῆς

301 4279 378 4377 γῆς,
397 4278 439 4356 οῦ
456 4275 607 4382 χαλινὸν
626 4277 780 4379 ἐπέθηκα
798 4287 872 4364 τοῖς
891 4287 1027 4380 θυμοῖς,
1046 4281 1127 4362 οὐδὲ
1147 4282 1318 4390 καθεῖρξα
1336 4281 1500 4388 καθάπερ

701 4505 742 4558 ι8.
762 4507 792 4573 τῇ
807 4505 839 4560 Ε.
854 4504 906 4563 Ed.
921 4521 976 4577 mg.
989 4508 1035 4576 τῆς
1047 4506 1099 4563 Ed.
