3248 5112
147 356 213 425 xiv.
229 379 280 430 20.
334 363 393 430 IN
423 365 738 434 S.JOANNEM.
783 367 879 434 LIB.
903 367 963 433 IX.
1010 365 1111 432 OAP.
1134 367 1163 432 Ι.
1284 365 1350 430 483

147 528 178 602 εί
213 523 325 624 μόνον
361 527 403 611 τὸ
439 533 565 612 ἑαυτοῦ
606 530 811 614 διεσώσατο
848 539 983 632 σῶμα,
1028 529 1273 629 πιστεύσομεν
1310 529 1349 610 δὲ

146 653 303 748 μᾶλλον,
326 655 375 737 ώς
402 653 472 760 όλη
499 659 545 761 τῇ
573 654 684 761 φύσει
712 653 756 736 δι’
775 656 902 736 ἑαυτοῦ
934 658 993 735 καὶ
1026 657 1064 735 έν
1092 656 1188 762 αύτῷ
1214 652 1378 761 πρώτῳο
1405 673 1517 731 em.

147 771 310 880 καθάπερ
345 777 383 857 έν
420 780 567 884 ἀπαρχῇ
603 784 667 880 τῆς
703 777 979 884 ἀνθρωπότητος
1018 777 1265 882 περιποιήσων
1301 775 1348 857 τά

147 896 277 997 ἀγαθὰ,
295 899 422 1006 γέγονε
444 905 526 983 καθ’
547 903 640 1002 ἡμᾶς
662 905 683 983 ό
704 902 927 1005 Μονογενής.
968 899 1091 1006 ὥσπερ
1110 901 1181 1006 γάρ
1200 904 1278 1008 ούχὶ
1297 908 1348 1010 τῷ

114 1019 290 1130 ὄθαυάτιρ
316 1025 437 1124 μόνον,
460 1027 545 1106 ἀλλ’
569 1027 668 1111 όλοις
695 1026 994 1128 ἠκολουθήσαμεν
1021 1035 1095 1111 τοῖς
1121 1025 1257 1107 πάθεσι
1284 1031 1349 1126 τῆς

146 1143 293 1248 σαρκός,
311 1149 350 1227 έν
366 1156 417 1256 τῷ
441 1150 575 1259 πρώτῳ
599 1157 705 1231 τοῦτο
730 1149 905 1235 παθόντες
929 1149 1119 1258 ἀνθρώπῳ,
1138 1147 1198 1228 διά
1221 1183 1259 1230 τε
1282 1149 1349 1250 τὴν

145 1266 359 1369 παράβασιν
376 1277 435 1354 καὶ
451 1273 517 1376 τὴν
535 1275 634 1356 θείαν
651 1272 752 1378 ἀροίν·
779 1273 873 1355 κατά
890 1273 954 1354 τὸν
972 1273 1081 1354 αὑτὸν
1098 1271 1195 1374 οἶμαι
1214 1273 1349 1378 τρόπον

146 1389 311 1496 έφόμεθα
342 1396 551 1496 σύμπαντες
581 1403 633 1507 τῷ
662 1403 816 1507 Χριστῷ
846 1396 1058 1502 διασώζοντι
1089 1395 1345 1502 πολυτρόπως,

146 1520 206 1597 καὶ
232 1519 411 1624 ἀγιάζοντι
438 1521 505 1623 τὴν
528 1526 592 1623 τῆς
620 1521 757 1625 σαρκὸς
785 1522 900 1628 φύσιν
925 1525 964 1603 έν
987 1525 1114 1630 ἑαυτῷ.
1157 1521 1212 1602 διὸ
1241 1527 1299 1602 καὶ
1328 1523 1348 1601 ὁ

92 1669 132 1712 10
147 1645 297 1728 Παῦλος
323 1642 461 1750 ἔφασκε
492 1656 514 1696 “
530 1647 602 1725 Καὶ
635 1643 753 1731 καθὼς
782 1644 1009 1752 ε’φορέσαμεν
1038 1644 1104 1746 τὴν
1134 1643 1252 1725 εἰκόνα
1284 1643 1516 1774 τοῦοὲξῗῧ·

146 1774 169 1812 “
186 1774 319 1871 χοῖκοῦ,
339 1768 544 1872 φορέσομεν
564 1771 622 1848 καὶ
649 1767 716 1868 τὴν
740 1767 857 1850 εἰκόνα
881 1778 946 1851 τοῦ
971 1767 1215 1873 ἐπουρανίου.”
1245 1768 1349 1849 εἰκὼν

146 1885 218 1991 γάρ
238 1897 303 1970 τοῦ
328 1899 463 1995 χοϊκοῦ,
480 1889 668 1972 τουτέστιν
682 1890 814 1992 Ἀδὰμ,
832 1891 874 1972 τὸ
893 1894 930 1972 έν
950 1892 1084 1974 πάθεσι
1103 1893 1348 1994 γενέσθαικαὶ

146 2017 279 2120 φθορᾷ·
307 2011 410 2093 είκῖον
435 2011 475 2094 δέ
502 2023 567 2095 τοῦ
593 2017 814 2119 έπουρανίου,
838 2015 1003 2096 τουτέστι
1032 2022 1213 2119 Χριστοῦ,
1239 2013 1282 2096 τὸ
1309 2018 1348 2094 έν

145 2136 300 2244 ἀπαθείᾳ
318 2135 485 2240 γενέσθαι
503 2142 566 2218 καὶ
581 2139 782 2247 ἀφθαρσίᾳ.
812 2139 991 2241 κατέκρινε
1009 2141 1129 2219 τοίνυν
1146 2137 1213 2238 τὴν
1232 2140 1348 2242 ἀμαρ-

94 2283 132 2346 15
145 2258 225 2338 τίαν
241 2261 342 2365 ε’ντῇ
366 2263 437 2368 ίθίᾳ
464 2265 574 2365 σαρκὶ
593 2259 687 2346 Θεὸς
715 2261 886 2368 ῦπάρχων
908 2261 998 2342 κατά
1025 2263 1141 2370 φύσιν
1163 2263 1184 2341 ό
1208 2261 1344 2364 Λόγος,

146 2384 268 2485 ἀργεῖν
298 2385 469 2494 ἐπιτάξας
499 2389 601 2493 αὐτῇ,
632 2389 692 2467 καὶ
723 2388 1016 2492 μεταῤῥυθμίσας
1046 2393 1194 2488 μᾶλλον
1224 2391 1273 2471 είς
1304 2384 1348 2466 τό

146 2511 319 2589 κινεῖσθαι
336 2507 427 2614 πρὸς
451 2507 494 2590 τό
517 2513 644 2591 δοκοῦν
662 2516 713 2623 τῷ
731 2515 826 2619 Θεῷ,
845 2513 904 2591 καὶ
927 2509 978 2610 μὴ
1005 2507 1095 2614 πρὸς
1121 2508 1164 2590 τὸ
1189 2509 1278 2590 ’ίδιον
1297 2509 1348 2590 έτι

146 2628 301 2731 θέλημα·
336 2635 428 2714 οὕτω
456 2667 495 2714 τε
523 2634 682 2742 ψυχικὸν
710 2632 872 2741 ῦπύρχον
896 2633 938 2716 τό
966 2641 1076 2734 σῶμα
1104 2633 1348 2715 κατεσκεύασε

145 2754 393 2852 πνευματικόν.
451 2755 500 2842 είς
537 2758 602 2858 μέν
634 2759 698 2845 οῦν
734 2764 796 2859 τῆς
833 2758 1183 2864 ἀνακεφαλαιώσεως
1220 2760 1377 2838 οῦτοσὶο

93 2907 133 2953 το
146 2875 288 2979 τρόπος,
307 2881 328 2959 ό
353 2880 391 2960 δὲ
416 2884 475 2962 καὶ
498 2882 663 2983 μάλιστα
686 2882 834 2986 πρέπων
857 2886 915 2964 καὶ
940 2887 986 2988 τῇ
1012 2889 1085 2962 τῶν
1107 2879 1348 2984 προκειμένων

146 3003 274 3109 θεωρίᾳ
301 3005 591 3108 χρεωστούμενος
618 3006 691 3103 μετ’
712 3007 842 3085 ἐκεῖνον
867 3005 1089 3106 είσβήσεται·
1118 3002 1347 3107 προκείσεται

146 3121 184 3203 δέ
203 3130 311 3204 εἰπεῖν
327 3131 408 3229 περὶ
427 3131 490 3226 τῆς
508 3129 651 3208 οίωνίου
669 3126 769 3230 ζωῆς,
788 3131 847 3207 καὶ
864 3132 928 3226 τῆς
945 3135 1010 3206 τοῦ
1033 3125 1188 3206 θανάτου
1213 3126 1345 3230 νεκρώ-

144 3281 248 3344 σεως,
268 3248 364 3333 ὅπως
383 3283 422 3330 τε
441 3254 504 3348 τῆς
523 3252 742 3354 ἀνθρωπείας
767 3250 912 3356 φύσεως
936 3245 1002 3348 τὴν
1020 3253 1059 3329 ἐκ
1083 3254 1148 3349 τῆς
1171 3247 1342 3351 παραβό-

145 3403 240 3454 σεως
259 3371 402 3476 φθοράν
421 3374 630 3474 ἀπέστησεν
648 3375 668 3453 ό
689 3371 913 3474 Μονογενής.
953 3375 1079 3453 ούκοῦν
1097 3384 1119 3422 “
1133 3374 1274 3476 ε’πείπερ
1298 3372 1344 3453 τά
1389 3375 1497 3506 {ffb-1¹·

93 3515 131 3578 ²5
146 3505 169 3543 “
185 3493 311 3576 παιδία
329 3495 578 3598 κεκοινώνηκεν
597 3497 745 3596 αἵματος
764 3499 822 3576 καὶ
841 3495 990 3599 σαρκὸς,
1006 3500 1064 3577 καὶ
1090 3495 1197 3582 αὐτὸς
1220 3531 1341 3599 παρα·

146 3627 168 3665 “
184 3619 354 3720 πλησίως
379 3619 533 3726 μετέσχε
558 3627 631 3700 τών
649 3621 796 3718 αῦτῶν,”
816 3620 873 3700 ’ίνα
900 3621 1064 3727 νεκρώση
1090 3620 1153 3702 τὸν
1171 3619 1340 3720 θάνατον,

144 3745 203 3822 καὶ
228 3745 249 3822 ό
276 3745 404 3828 κτίσας
429 3745 478 3829 είς
502 3745 714 3852 ἀφθαρσίαν
731 3743 778 3824 τά
798 3741 928 3844 πάντα,
946 3748 1003 3824 καὶ
1029 3747 1228 3847 σωτηρίους
1252 3747 1343 3826 ἀπο-
1387 3755 1476 3870 ξεν-ἰ

144 3865 264 3974 δείξας
302 3867 366 3952 τὰς
401 3869 559 3969 γενέσεις
595 3875 660 3948 τοῦ
696 3868 847 3967 κόσμου,
880 3865 972 3949 κατά
1008 3867 1050 3948 τὸ
1087 3866 1380 3972 γεγραμμένον,ι1
1404 3839 1428 3886 ⁴⁸

144 3989 365 4098 μεταπλάση
400 3989 514 4072 πάλιν
548 3998 623 4073 τῶν
657 3991 881 4096 πραγμάτων
915 3991 958 4073 τῦ
999 3995 1128 4097 σχῆμα
1167 3989 1259 4094 πρὸς
1300 3987 1343 4070 τὸ

93 4153 131 4213 30
145 4115 308 4221 ἀρχαῖον.

203 4239 280 4318 Καί
303 4271 363 4337 μοι
390 4235 504 4318 πόλιν
528 4239 549 4317 ό
577 4236 690 4342 λόγος
717 4235 986 4343 περιεργότερον
1010 4235 1076 4338 μέν
1101 4236 1192 4342 ἤπερ
1219 4241 1340 4344 ε’χρῆν,

183 4537 225 4576 11.
243 4519 395 4592 φορίσομεν
407 4519 440 4578 E.
451 4519 608 4594 φορέσωμεν
621 4519 673 4578 Ed.
818 4537 860 4590 14.
878 4520 1031 4594 ἀφθαρσίαν
1043 4521 1076 4578 Ε.
1219 4537 1261 4578 νο.
1280 4519 1344 4594 πρέ·

144 4591 241 4648 πονΕ.

698 4691 793 4760 θῊ
