3248 5112
291 327 357 391 462
595 328 635 392 B.
659 326 872 392 CYRILLI
900 327 1192 392 ALEXANDR.
1362 327 1426 390 xiv.
1443 339 1492 408 15.

292 488 501 594 ὁλοκλήρως·
525 491 770 593 διασπασμὸν,
789 491 852 574 τὸν
877 498 927 577 εἰς
948 492 1103 573 ἕκαστον
1125 499 1199 573 τῶν
1217 491 1494 592 σημαινομένων

292 613 396 721 φημί.
433 615 685 714 δισκεισόμεθα
712 615 785 720 γὰρ
812 623 1029 725 φρονοῦντες
1056 617 1181 719 ὀρθῶς,
1205 619 1253 700 ὡς
1280 618 1320 696 ε’κ
1347 612 1494 718 Πατρός

290 772 330 818 τε
357 741 436 818 ε’στί
464 743 522 818 καί
549 743 588 821 έν
609 744 727 844 Πατρί
745 747 909 847 φυσικῶς
931 741 950 820 ὁ
973 737 1072 837 Υἰδς,
1096 740 1141 847 ἐξ
1166 741 1275 820 αὐτοῦ
1303 774 1342 819 τε
1370 742 1427 819 καί
1456 742 1494 819 έν

291 863 398 968 αὐτῷ,
417 864 475 942 καί
498 860 541 944 τδ
564 863 652 943 ίδιον
670 866 779 945 αὐτοῦ
802 898 840 944 τε
863 868 921 945 καί
942 873 1007 944 τοῦ
1025 869 1116 945 Υἰοῦ
1138 869 1299 962 Πνεῦμα,
1318 865 1493 960 τουτέστι,

291 984 334 1066 τδ
359 983 504 1089 Ἀγιον.
557 992 640 1086 μιᾶς
674 995 866 1090 τοιγαροῦν
896 989 1008 1088 οὔσης
1045 1022 1083 1067 τε
1117 991 1176 1066 καί
1209 987 1398 1086 νοουμένης
1429 991 1525 1086 τῆς5

293 1107 385 1190 κατὰ
414 1109 529 1215 φύσιν
557 1107 734 1209 θεότητος,
756 1113 800 1190 δι’
822 1117 914 1191 Υὶοῦ
942 1109 1042 1215 παρὰ
1070 1109 1217 1212 Πατρδς
1244 1113 1282 1191 έν
1309 1111 1494 1209 Πνεῦματι

292 1241 367 1318 τοῖς
399 1233 512 1340 ἀξίοις
546 1232 592 1312 τιί
623 1232 707 1336 παρ’
739 1234 858 1318 αὐτοῖς
893 1232 1194 1339 χορηγηθήσεται,
1231 1237 1289 1314 καί
1327 1233 1374 1313 τὰ
1407 1241 1491 1334 παρ’

294 1357 395 1456 ῆμιῦν
420 1363 469 1441 εἰς
498 1355 595 1436 Θεὸν
623 1355 914 1462 οἰπενεχθήσεται,
946 1355 1195 1456 μεσιτεύοντος
1228 1355 1396 1457 δηλονότι
1429 1365 1494 1437 τοῦ

123 1482 212 1600 {gf}
294 1485 395 1562 Υἰοῦ·
420 1481 581 1566 “Οῦδείς
612 1479 683 1584 γὰρ
716 1481 856 1586 ἔρχεται
884 1480 976 1584 πρὸς
1003 1479 1066 1562 τὸν
1095 1482 1252 1585 Πατέρα,
1280 1487 1310 1561 εἰ
1336 1480 1387 1581 μῆ
1415 1478 1460 1562 δι’
1471 1482 1491 1508 ”

126 1621 243 1677 ⁸06A.
264 1606 413 1702 ςαῦτοῦ,
442 1603 603 1706 καθάπερ
630 1603 755 1702 σίμέλει
784 1603 1036 1708 διωμολόγησε
1063 1608 1121 1685 καί
1149 1602 1265 1688 αῦτός·
1296 1603 1388 1705 θύρα
1412 1637 1489 1682 τοι·
1508 1632 1548 1672 10

294 1737 430 1831 γαροῦν
448 1733 506 1808 καί
525 1728 606 1812 ὁδὸς
624 1732 688 1828 τῆς
713 1727 803 1831 πρὸς
824 1727 919 1809 Θεὸν
935 1735 993 1809 καί
1013 1728 1162 1831 Πατέρα
1186 1728 1311 1836 φιλίας
1336 1762 1374 1807 τε
1401 1728 1492 1826 ὁμοῦ

292 1855 352 1932 καί
376 1850 542 1956 προόδου,
561 1849 691 1955 γέγονέ
703 1886 742 1932 τε
764 1855 822 1932 καὶ
844 1853 948 1942 ἔστιν,
964 1853 984 1932 ὁ
1001 1851 1102 1949 Υἱὸς,
1123 1855 1181 1932 καί
1199 1855 1261 1951 τῆς
1279 1853 1362 1956 παρ’
1383 1851 1492 1932 αὐτοῦ

292 1979 426 2080 δωρεᾶς
456 1975 638 2078 συνδστήρ
669 2009 707 2056 τε
740 1979 829 2076 ὁμοῦ
861 1980 920 2056 καί
952 1974 1150 2076 διανομεῦς,
1184 1978 1232 2058 ὡς
1267 1977 1307 2054 ἐκ
1340 1980 1423 2072 μιᾶς
1454 2009 1492 2074 τε

291 2098 367 2200 ἅμα
388 2101 447 2181 καὶ
469 2104 587 2200 κοινῆς
609 2100 828 2207 φιλοτιμίας.
869 2100 933 2201 μία
952 2099 1023 2204 γὰρ
1042 2099 1065 2199 ῆ
1087 2103 1151 2198 τῆς
1176 2097 1344 2198 θεότητος
1369 2097 1491 2204 φῦσις,

290 2225 330 2304 έν
357 2223 547 2334 προσώπῳ
577 2259 615 2304 τε
648 2226 707 2304 καὶ
744 2223 946 2306 ὑποστάσει
981 2222 1129 2327 Πατρός
1157 2257 1197 2303 τε
1229 2225 1288 2302 καί
1317 2227 1408 2304 Υἰοῦ
1433 2225 1490 2302 καὶ
1507 2256 1548 2314 15

290 2348 418 2450 Ἀγίου
448 2347 667 2447 Πνεῦματσς.
717 2346 836 2449 ἐπειδή
865 2346 902 2429 δὲ
930 2346 1106 2446 οἰσόνηθές
1132 2381 1211 2431 πως
1237 2353 1311 2431 τοῖς
1339 2348 1486 2451 ἀρχαιο-

290 2471 405 2575 τέροις
432 2474 491 2552 καὶ
518 2469 788 2572 ἀνεπιτήδευτον
815 2469 860 2570 ἦν
887 2471 938 2551 έτι
965 2470 1008 2551 τδ
1036 2472 1079 2550 δι’
1102 2475 1193 2550 Υἰοῦ
1219 2468 1491 2574 προσέρχεσθαι

290 2601 343 2705 τῷ
388 2597 518 2699 Πατρί,
560 2595 721 2676 διδάσκει
765 2598 824 2676 καὶ
871 2603 978 2676 τοῦτο
1024 2593 1225 2702 χρησίμως,
1266 2599 1324 2674 καὶ
1365 2591 1491 2697 ὥσπερ

257 2718 370 2800 brev&
398 2722 552 2822 κρηπῖδα
579 2718 881 2820 τοῦπράγματος
908 2722 947 2798 ἐν
968 2727 1044 2803 τοῖς
1072 2719 1171 2803 ἰδίοις
1197 2724 1374 2818 μαθηταῖς
1400 2751 1491 2820 προ-

290 2845 536 2940 καταβόλλων
555 2846 613 2923 καί
637 2840 704 2943 τῆν
721 2846 779 2924 ε’πί
805 2843 921 2951 τοῦπερ
942 2845 1069 2924 πίστιν
1087 2878 1125 2923 τε
1151 2847 1209 2924 καί
1233 2843 1409 2944 μάθησιν,
1431 2845 1489 2923 καί
1505 2875 1547 2916 20

290 2975 339 3054 εἰς
356 2969 448 3069 ῆμᾶς
466 2964 593 3052 αὐτοῦς
617 2967 847 3072 παραπεμπει
873 2971 932 3047 καὶ
954 2971 1019 3067 τῆς
1044 2971 1251 3073 προσευχῆς
1273 2965 1337 3046 τὸν
1356 2965 1489 3068 τρόπον

290 3098 349 3173 καὶ
376 3097 440 3193 τῆς
467 3094 620 3176 ἐλπίδος.
634 3090 701 3192 τῆν
725 3090 900 3192 δήλωσιν.
942 3091 1130 3172 ἐπιδώσειν
1146 3089 1218 3195 γὰρ
1245 3090 1352 3176 αὐτὸς
1378 3091 1425 3171 τὰ
1451 3093 1490 3172 ἐν

292 3219 411 3322 εὐχαῖς
435 3217 519 3316 ἡμῖν
536 3212 813 3318 ἐπαγγέλλεται,
833 3219 963 3316 δεῖγμα
985 3220 1049 3314 τῆς
1073 3213 1165 3296 κατὰ
1190 3214 1305 3322 φύσιν
1320 3213 1491 3332 θεότητος

290 3344 349 3421 καὶ
375 3344 440 3440 τῆς
466 3341 617 3440 ἐνούσης
644 3341 740 3448 αὐτῷ
768 3345 963 3442 βασιλικῆς
990 3340 1168 3448 ἐξουσίας,
1197 3344 1255 3418 καί
1282 3347 1388 3420 τοῦτο
1415 3347 1490 3424 τοῖς

289 3463 419 3548 ἄλλοις
445 3463 662 3567 προστιθείς.
1505 3496 1545 3556 ²5

241 3681 277 3743 15
448 3675 530 3742 Ἐὰν
557 3677 706 3753 ἀταπᾶτὲ
732 3702 783 3763 με,
809 3677 868 3745 τὰς
893 3679 1030 3745 ἐντολάς
1057 3701 1118 3756 μου
1144 3679 1321 3768 ταριίοατε.

260 3793 279 3838 ο

344 3845 485 3945 Χρῆναι
520 3840 586 3940 μέν
622 3847 731 3922 αἰτεῖν
765 3842 974 3948 εὐχομένους
1009 3843 1067 3922 ε’πί
1103 3847 1155 3950 τῷ
1191 3841 1338 3940 ὀνόματι
1376 3840 1487 3920 αὐτοῦ

290 3965 515 4072 διατετοχὼς,
545 3963 764 4071 χορηγήσειν
796 3965 834 4048 δὲ
869 3973 944 4050 τοῖς
981 3971 1144 4046 αἰτοῦσιν
1176 3963 1281 4049 αῦτδς
1317 3963 1406 4068 ὅπερ
1442 3963 1489 4043 ἂν

289 4091 493 4189 βούλωνται
512 4096 638 4186 λαβεῖν
657 4091 949 4195 ὑπισχνούμενος,
968 4091 1144 4196 φροντίδα
1168 4095 1318 4170 ποιεῖται
1341 4086 1489 4188 πολλὴν

290 4223 354 4297 τοῦ
381 4212 431 4316 μῆ
464 4213 722 4321 διαψεύδεσθαι
752 4217 866 4294 δοκεῖν
894 4212 953 4293 διὰ
979 4213 1045 4298 τὰς
1072 4219 1145 4292 τῶν
1172 4209 1347 4292 εἰωθότων
1376 4218 1486 4319 φιλο·
1502 4245 1543 4302 30

326 4416 387 4471 6-8.
399 4395 649 4485 Ιεἰε-μεσιτεῦοντος
660 4434 714 4474 om.
727 4415 772 4488 (ab
784 4417 813 4474 ὸς
825 4415 859 4473 οδ
871 4439 900 4476 ος
912 4417 1012 4472 scilicet
1024 4417 1187 4486 tmnsilienn)
1201 4415 1235 4471 E.
1334 4432 1375 4470 10.
1394 4415 1488 4485 δωμο·

288 4487 436 4614 λόγησέἀΕ.
448 4487 625 4560 διωμολόγηκε
636 4489 689 4546 Ed.
829 4505 870 4544 12.
888 4490 903 4543 δ
915 4505 970 4544 om.
984 4487 1017 4545 Ε.
1158 4486 1202 4542 26.
1220 4483 1351 4557 τηρήσατε
1365 4485 1397 4542 Ε.
1409 4485 1487 4556 τηρή-

290 4581 351 4614 σετε
408 4598 415 4614 .
