3142 5118
336 321 402 386 ιιο
537 415 543 428 ⁸
639 271 1233 406 B.cYR1LL1ALEXANDR.
1453 331 1499 386 ιι

336 489 543 588 ἐκκλησίαις
562 488 609 570 τά
631 489 689 569 διὰ
713 494 776 591 τῆς
801 492 1043 573 θεοπνεύστου
1066 495 1210 599 γραφῆς
1235 486 1499 592 παρακομίζοντι

337 609 511 714 δόγματα,
529 615 589 694 καὶ
616 612 740 718 ῶσπερ
765 613 844 695 τινδι
869 614 1009 722 τροφὴν
1029 612 1269 714 πνευματικὴν
1293 612 1357 694 τὸν
1378 612 1499 712 εύαγγε

337 732 439 815 λικόν
457 771 495 818 τε
520 739 580 818 καὶ
604 736 850 820 ἀποστολικδν
867 741 1119 844 παρατιθέντες
1144 736 1269 840 λόγον.
1310 733 1499 834 κατήκοοιί

206 939 210 947 ,
305 865 409 938 οτῶν
435 859 605 942 τοιούτων
632 866 723 943 εἰσὶν
751 869 785 944 οί
810 864 1040 948 πιστεύοντες
1068 870 1116 948 είς
1144 859 1320 965 Χριστὸν,
1347 863 1404 940 καὶ
1431 861 1499 936 ἀδιι

336 982 490 1094 στρύφῳ
511 986 765 1090 διαπρέποντες
791 993 836 1092 τῇ
859 989 992 1078 πίστει,
1011 996 1268 1092 παραιτοῦνται
1293 986 1330 1066 δέ
1354 982 1443 1085 πρὸς
1467 981 1499 1061 τί

335 1115 409 1188 τῶν
435 1109 730 1216 ψευδοποιμένων
759 1109 893 1216 φωνὰς,
918 1114 976 1191 καὶ
1005 1115 1053 1198 ὡς
1081 1109 1245 1215 ὀλέθριον
1273 1109 1499 1212 ἀποτρέποντι

335 1230 461 1318 πόθος.
511 1235 549 1313 τί
577 1235 640 1312 οὖν
667 1233 738 1337 ἄρα
765 1233 807 1314 τὸ
835 1235 1004 1334 ἐντεῦθεν,
1032 1238 1106 1339 ἐρεῖ
1129 1271 1191 1333 τις,
1220 1242 1294 1319 τοῖς
1323 1232 1499 1336 Φαρισαίο

336 1356 650 1458 ύποδηλούμενον;
681 1357 847 1439 συνελὼν
866 1363 914 1444 ῶς
938 1363 976 1440 ἐν
998 1367 1132 1466 βραχεῖ
1151 1393 1190 1440 τε
1215 1365 1274 1440 καὶ
1299 1355 1499 1464 κεφαλαιῶδ

336 1479 438 1590 λόγῳ
465 1481 579 1563 πάλιν
600 1485 681 1586 ἐρῶ.
722 1480 849 1564 ἑαυτὸν
870 1484 1086 1582 ἐπιδεικνύει,
1105 1487 1164 1564 καί
1188 1487 1251 1582 τῆς
1275 1483 1387 1580 αὐλῆς
1410 1479 1499 1581 κύριι

335 1608 393 1684 καὶ
412 1603 512 1710 θύραν
530 1610 588 1686 καὶ
609 1605 750 1715 θυρωρόν,
769 1607 828 1688 ἵνα
846 1606 890 1708 δὴ
908 1605 1055 1704 μάθοιεν
1073 1610 1229 1711 ἀκριβῶς
1248 1610 1296 1690 ὡς
1318 1607 1384 1709 οὐχ
1408 1603 1499 1710 ἐξουι

334 1733 398 1829 τῆς
423 1730 614 1832 ἡγεμονίας
639 1730 827 1834 ἱδρυμένην
852 1730 918 1831 τὴν
942 1729 1088 1828 στάσιν,
1108 1737 1138 1812 εὶ
1165 1730 1216 1831 μὴ
1245 1731 1287 1810 δι’
1308 1731 1414 1810 αὑτοῦ
1441 1761 1499 1829 πρι

298 1855 467 1953 δταύτην
495 1852 607 1939 ἰόντες
634 1852 677 1936 τό
705 1853 899 1935 θεόσδοτον
927 1856 1040 1960 ἔχοιεν
1067 1854 1215 1958 ἀγαθόν.
1259 1854 1465 1957 προστιθεὶς
1498 1895 1499 1922 ι

334 1977 390 2059 ὅτι
423 1975 470 2060 τά
501 1976 670 2081 πρόβατα
702 1985 776 2063 τοῖς
808 1980 908 2064 ἰδίοις
939 1979 1186 2061 καταπείθεται
1217 1977 1373 2078 ποιμέσι,
1402 1973 1465 2056 τῶν

250 2085 255 2094 ⁰
333 2106 516 2208 ἀλλοτρίων
534 2101 738 2210 ἐξάλλεται,
757 2101 871 2183 πόλιν
889 2105 1029 2209 εὐφυῶς
1048 2103 1286 2184 ιἀταινίττεται
1307 2105 1356 2186 ῶς
1378 2101 1499 2180 ἐπιστι

333 2225 490 2328 τήσουσι
518 2227 585 2326 μέν
613 2228 776 2326 οὐδαμῶς
807 2229 907 2308 αὐτοὶ
937 2233 1010 2307 τῶν
1039 2227 1250 2327 μελλόντων
1277 2225 1458 2307 πιστεύειν
1489 2259 1499 2303 ι

334 2351 453 2449 αὐτὸν,
479 2350 718 2457 ἀποφοιτήσει
746 2351 784 2432 δέ
811 2349 925 2432 πόλιν
952 2355 1016 2452 τῆς
1045 2354 1128 2456 παρ’
1149 2353 1268 2436 αὐτοῖς
1297 2351 1499 2432 δικασκαλίι

334 2472 380 2554 τὰ
398 2475 580 2578 πρόβατα,
601 2477 659 2554 καὶ
678 2481 752 2560 τοῖς
771 2477 813 2555 δι’
833 2477 942 2556 αὐτοῦ
959 2475 1107 2576 ποιμέσι
1125 2476 1391 2580 προσκείσεται.

303 2736 467 2802 6Ταύτιιν
493 2737 553 2806 τλν
580 2734 759 2826 παροιμίαν
785 2731 876 2804 εἶπεν
903 2733 1016 2804 αὐτοῖς
1041 2739 1060 2803 ὁ
1082 2736 1220 2803 Ἰασοῦς·
1260 2729 1380 2801 ἐκεῖνοι
1408 2734 1444 2800 δὲ
1477 2757 1499 2800 0

306 2948 325 2995 ο
612 2863 759 2939 ἐςνωοαν
786 2862 857 2930 τίνα
885 2858 924 2930 ἦν
951 2865 972 2929 ἁ
999 2863 1112 2929 ἐλάλει
1138 2857 1259 2930 αὐτοῖς.

391 3036 557 3120 Ἀπλοῦς
574 3042 648 3115 τῶν
666 3037 780 3138 ἁγίων
799 3037 819 3116 ὁ
839 3035 960 3139 λόγος,
973 3039 1032 3117 καὶ
1050 3041 1113 3135 τῆς
1126 3033 1318 3135 Ἑλλήνων
1335 3043 1499 3140 περιεργί

336 3159 628 3262 ἀπηλλαγμένος·
667 3171 690 3207 “
708 3158 928 3269 Ἐξελέξοτο
964 3158 1036 3264 γὰρ
1073 3163 1093 3241 ὁ
1125 3159 1217 3244 Θεὸς
1250 3159 1296 3240 τὰ
1331 3159 1437 3263 μωρὰ
1477 3196 1499 3240 τ

336 3294 359 3330 “
377 3283 537 3384 κόσμονζ
563 3283 655 3364 κατὰ
683 3283 748 3383 τὴν
781 3294 845 3364 τοῦ
875 3285 1027 3364 Παύλου
1059 3283 1285 3392 φωνὴυ,“ἵνα
1315 3285 1499 3390 καταισχύ

336 3417 358 3454 “
377 3405 460 3490 τούς
494 3407 672 3514 σοφούς.”
720 3397 970 3514 κατεχρήσατο
1007 3410 1127 3489 τοίνυν
1158 3414 1210 3516 τῷ
1246 3412 1314 3526 τῆς
1347 3421 1499 3515 παροιμί

337 3528 499 3630 ὀνόματι·
543 3539 650 3610 καλεῖ
682 3531 753 3634 γὰρ
787 3534 880 3613 οὕτω
913 3531 978 3632 τὴν
1008 3531 1237 3636 παραβολήν·
1286 3531 1380 3638 τάχα
1413 3531 1452 3612 δέ
1491 3536 1499 3612 ί

336 3653 505 3754 μέμικταί
524 3689 601 3737 πως
626 3655 679 3732 ἀεὶ
705 3662 778 3733 τῶν
795 3654 966 3736 τοιούτων
990 3657 1010 3735 ὃ
1040 3654 1225 3762 χαρακτὴρ
1253 3657 1311 3736 καὶ
1336 3658 1379 3736 δι’
1400 3659 1499 3763 ἀμφι

170 3800 286 3858 68η
306 3781 386 3864 οῶς
408 3779 456 3882 Ιδι’
480 3775 558 3860 ἐνὸς
586 3783 714 3856 νοεῖται
742 3776 784 3858 τὸ
813 3777 1044 3880 δηλούμενον.
1087 3777 1186 3880 πλὴν
1208 3777 1317 3860 ἐκεῖνό
1345 3787 1468 3886 φαμεν

337 3900 578 4004 ἀποθαυμάζει
601 3900 751 4008 σφόδρα
769 3899 835 4002 τὴν
855 3910 927 3983 τῶν
945 3904 1126 3984 Ἰουδαίων
1145 3905 1342 3983 ἀσυνεσίαν
1361 3906 1382 3983 ὁ
1400 3909 1499 3986 θεσπ

337 4055 417 4108 σιος
437 4024 806 4128 Εύαγγελιοπής.”ὡς
831 4023 904 4130 γὰρ
929 4024 1020 4128 ούτὴ
1047 4035 1119 4107 τῶν
1139 4025 1362 4130 πραγμάτων
1387 4029 1410 4124 ἡ
1435 4037 1499 4109 πε]

337 4149 622 4254 διαμαρτύρεται,
647 4149 792 4253 πέτραις
820 4147 842 4252 ἢ
871 4150 1010 4259 σιδήρῳ
1037 4153 1300 4255 παραπλησίαν
1322 4150 1452 4256 ἐχουσι
1482 4188 1499 4230 τ

169 3157 272 3210 morsu

168 3233 209 3288 ιη.

373 4377 400 4431 3.
411 4360 587 4416 ἀποστολικὸν
598 4371 624 4415 et
636 4363 804 4434 ὠογγιλικδν
815 4362 886 4417 inter
898 4380 926 4418 ιο
938 4363 1090 4488 ιταορραηίι
1102 4381 1126 4418 α.
1197 4377 1224 4431 5.
1257 4367 1269 4380 ⁸
1282 4369 1461 4436 assumptum
1474 4385 1499 4419 e:

341 4446 382 4499 13.
401 4431 562 4486 κατατίθεται
575 4431 608 4488 Β.
622 4431 713 4515 ΗοῙεῐ.
725 4434 905 4488 κοτοπείθεται
921 4451 998 4488 emen
1019 4435 1074 4489 avit
1086 4443 1156 4489 recte
1173 4435 1240 4490 utvi
1262 4473 1269 4490 .
1283 4434 1356 4490 Aub.
1369 4435 1406 4490 os.
1421 4458 1499 4490 καται

337 4499 431 4556 θεσθοι
444 4519 525 4573 supra
557 4519 634 4575 .209,
647 4504 694 4557 hu.
705 4517 748 4574 οη.
836 4521 879 4575 23.
897 4503 996 4577 τοίνυν]
1010 4504 1039 4559 δέ
1051 4504 1160 4560 ἐνταῦθα
1171 4523 1197 4560 ι.
1287 4521 1330 4578 27.
1348 4505 1499 4576 ἀποθουμά

339 4569 372 4622 Β.
388 4569 436 4624 Ht.
449 4589 525 4626 emen
545 4573 600 4628 avit
611 4591 626 4628 ο
639 4573 699 4629 Cat.
712 4583 743 4630 ut
755 4574 809 4630 vid.
822 4575 896 4631 Aub.
