3274 5118
320 345 385 406 620
622 343 662 407 Β.
685 341 898 408 CYRILLI
928 341 1216 406 ALEXANDR.
1416 335 1492 400 xvi·
1509 351 1539 416 7·

320 504 472 588 ἀπίλθω·
513 505 568 588 ὲῖιυ
591 505 662 618 γῖιρ
684 505 731 616 μῖι
755 505 907 606 ἀπέλθω,
927 508 1189 615 όιΠαριίιιλητος
1212 510 1246 586 οὐ
1269 502 1318 611 μῖι
1342 500 1425 617 έλθῃ
1451 501 1538 606 τρὶς

320 634 425 738 ὐμὲίς.

290 772 308 816 ο
376 741 467 846 Φέρε
487 739 532 840 δή
550 775 585 822 τι
603 745 662 822 καὶ
679 741 771 846 πρὸς
789 741 927 826 τούτοις
945 741 1065 844 ἕτερον
1083 743 1278 837 ἐπινοῶμεν
1292 747 1370 824 τοῖς
1389 735 1539 838 θεωρή-

319 899 413 964 μασι
435 863 617 970 χρήσιμόν
635 900 673 946 τε
693 869 751 946 καὶ
775 865 918 966 ἀληθές.
959 865 1174 968 κατόρθωτο
1195 862 1261 965 μέν
1277 862 1352 966 γὰρ
1378 861 1538 943 ἅπαντα

320 989 451 1070 λοιπὸν
468 989 515 1069 τὰ
533 991 590 1070 ἐπὶ
612 995 676 1089 τῆς
695 994 772 1093 γῆς,
790 988 952 1093 καθάπερ
970 989 1096 1087 ἀμέλει
1114 987 1416 1084 διεβεβαιοῦμεθα
1437 988 1565 1066 νυνί·5

319 1117 412 1218 χρῆν
430 1111 467 1193 δέ
490 1112 534 1214 δὴ
556 1111 700 1198 πάντως
724 1111 913 1198 κοινωυούς
940 1113 1033 1214 ἡμᾶς
1060 1116 1118 1193 καὶ
1146 1110 1319 1218 μετόχους
1347 1110 1537 1212 γενέσθαι

319 1242 384 1338 τῆς
417 1239 511 1322 θείας
540 1246 605 1318 τοῦ
636 1237 760 1341 Λόγου
791 1237 948 1345 φύσεως,
982 1237 1074 1340 ἤπερ
1104 1234 1170 1336 τὴν
1201 1235 1331 1318 οἰκείαν
1363 1234 1536 1341 ἀφέντας

319 1361 412 1466 ζωὴν
430 1367 478 1446 εῖς
502 1360 624 1466 ἑτέραν
641 1361 980 1464 μετασκευάζεσθαι,
999 1365 1058 1442 καὶ
1082 1359 1172 1465 πρὸς
1190 1359 1383 1461 καινότητα
1409 1372 1532 1440 πολι·

319 1488 414 1570 τείας
430 1491 790 1591 μεταστοιχειοῦσθαι
809 1490 874 1584 τῆς
893 1491 1101 1590 θεοφιλοῦς·
1140 1484 1225 1566 ἀλλ’
1243 1483 1288 1584 ἦν
1306 1485 1375 1589 οὐχ
1393 1484 1534 1586 ἑτέρως

320 1609 500 1690 δύνασθαι
529 1610 656 1691 τούτου
684 1617 814 1716 τυχεῖν,
840 1615 870 1690 εί
897 1608 948 1709 μὴ
976 1609 1035 1690 διὰ
1060 1615 1124 1709 τῆς
1150 1617 1214 1690 τοῦ
1235 1609 1366 1710 Ἀγίου
1398 1607 1529 1689 Πνεύ-
1549 1638 1582 1678 10

286 1757 307 1821 d
319 1768 432 1832 ματος
460 1733 642 1818 κοινωνίας
666 1769 706 1814 τε
730 1736 789 1814 καὶ
811 1735 1015 1834 μετουσίας.
1049 1732 1199 1836 όγεμὴν
1217 1732 1533 1836 πρεπωδέστατός

319 1891 357 1937 τε
382 1860 441 1936 καὶ
459 1855 670 1942 οἰκειότατος
693 1855 878 1963 καιρὸςτῇ
905 1865 970 1937 τοῦ
999 1857 1210 1956 Πνεύματος
1238 1860 1436 1964 ἀποστολῇ
1464 1862 1531 1938 καὶ

320 1978 461 2089 καθόδῳ
490 1987 535 2085 τῇ
568 1980 660 2085 πρὸς
688 1983 792 2082 ἡμᾶς,
820 1984 949 2066 ἐκεῖνος
979 1978 1024 2082 ἦν
1055 1981 1126 2085 όίρα
1157 1979 1287 2062 λοιπόν
1320 1983 1529 2088 είστρεχων

319 2105 498 2206 εὐκαίρως,
528 2107 548 2186 5
581 2105 673 2204 μετὰ
705 2105 771 2206 τὴν
805 2107 967 2186 ἐντεῦθεν
1005 2105 1209 2205 ἀποδημίαν
1246 2113 1309 2185 τοῦ
1347 2111 1528 2210 Σωτῆρος

318 2227 420 2326 ἡμῶν
447 2234 625 2332 Χριστοῦ.
665 2229 788 2310 συνὼν
813 2228 879 2328 μέν
901 2229 974 2334 γὰρ
995 2231 1046 2310 ἐτι
1074 2228 1165 2329 μετὰ
1193 2227 1330 2332 σαρκός
1354 2233 1415 2310 καὶ
1445 2237 1524 2316 τοῖς
1541 2263 1573 2340 {5

318 2351 552 2433 πιστεύουσιν
580 2359 628 2437 είς
655 2351 777 2444 αὐτόν,
807 2353 943 2437 παντὸς
971 2350 1070 2452 οἶμαι
1097 2352 1254 2458 χορηγὸς
1281 2357 1425 2454 ἀγαθοῦ
1453 2359 1521 2434 ἁν-

316 2476 504 2556 εδείκνυτο·
545 2480 629 2558 ἀλλ’
656 2477 798 2581 ἐπείπερ
824 2475 932 2558 αὐτὸν
949 2478 1226 2581 ἀνακομίζεσθαι
1252 2483 1324 2557 δεῖν
1342 2478 1437 2581 πρὸς
1455 2479 1522 2560 τὸν

318 2601 355 2676 ἐν
373 2607 447 2683 τοῖς
465 2601 626 2703 οὐρανοῖς
649 2601 795 2705 Πατέρα
823 2600 946 2705 καιρὸς
973 2599 1092 2682 ἐκάλει
1119 2604 1178 2680 καὶ
1206 2603 1324 2706 χρεία,
1345 2609 1426 2688 πῶς
1453 2606 1521 2684 οὐκ

318 2721 386 2800 ἔδει
410 2729 567 2802 συνεῖναι
587 2722 644 2802 διὰ
663 2733 728 2804 τοῦ
748 2725 959 2821 Πνεύματος
985 2732 1058 2810 τοῖς
1086 2725 1297 2824 σεβομένοις
1316 2725 1439 2827 αὐτόν,
1458 2731 1519 2808 καῖ

318 2847 461 2926 ἐνοικεῖν
486 2849 524 2926 ἐν
549 2855 625 2930 ταῖς
656 2849 815 2951 καρδίαις
843 2849 943 2948 ἡμῶν
970 2848 1028 2930 διὰ
1057 2852 1121 2946 τῆς
1147 2849 1314 2948 πίστεως,
1343 2852 1386 2930 ἵν’
1408 2853 1520 2932 αὐτὸν
1534 2881 1569 2922 20

150 2960 252 3076 ξων·
289 2969 458 3074 οέχουτες
487 2972 524 3049 έν
553 2975 700 3070 ἑαυτοῖς,
732 2971 822 3070 μετὰ
852 2974 1057 3077 παῤῥησίας
1089 2972 1272 3076 κράζωμεν
1302 2985 1324 3020 “
1340 2975 1471 3070 Ἀββᾶ
1500 2981 1521 3058 5

319 3105 340 3141 “
358 3092 516 3196 πατὴρ,”
555 3099 613 3176 καῖ
650 3096 741 3199 πρὸς
777 3104 904 3177 πᾶσαν
942 3096 1097 3180 εὐκόλως
1135 3097 1246 3196 ἴοιμεν
1280 3097 1426 3200 ἀρετὴν,
1459 3107 1521 3180 καὶ

317 3218 467 3320 προσέτι
496 3219 622 3328 τούτιρ,
641 3222 788 3300 δυνατοί
812 3224 928 3300 τεκαὶ
957 3221 1090 3326 ἄμαχοι
1112 3219 1203 3322 πρὸς
1222 3221 1286 3306 τὰς
1304 3231 1369 3302 τοῦ
1386 3223 1517 3318 διαβό-
1625 3223 1628 3352 ί

318 3350 386 3420 λου
413 3347 596 3441 μεθοδείας
624 3344 880 3447 εὐρισκοίμεθα,
904 3349 961 3425 καὶ
990 3345 1054 3430 τὰς
1081 3345 1125 3452 ἐξ
1150 3346 1350 3449 ἀνθρώπων
1377 3350 1516 3430 ἐπανα-

318 3463 478 3564 στάσεις,
497 3463 559 3546 ἅτε
578 3466 621 3568 δὴ
640 3467 758 3548 καὶτὸ
777 3467 895 3550 ποίντα
914 3469 1043 3574 ἱσχύον
1059 3469 1200 3574 ἔχοντες
1220 3475 1383 3570 Πνεῦμα·
1533 3495 1566 3554 25

368 3584 455 3666 Ὅτι
484 3589 556 3692 γὰρ
583 3597 631 3675 είς
658 3592 782 3695 ἐτέραν
806 3592 886 3673 τινά
908 3594 1126 3694 μεθίστησιν
1145 3594 1220 3702 ἐξιν
1243 3594 1325 3680 τοῦς
1343 3599 1382 3675 ἐν
1400 3596 1453 3680 οἷς
1473 3597 1518 3676 ἀν

318 3711 456 3813 γένοιτο
490 3717 548 3792 καὶ
581 3715 778 3822 κατοικήσῃ
811 3717 854 3797 τὸ
887 3723 1045 3816 Πνεῦμα,
1079 3721 1137 3798 καὶ
1173 3725 1221 3802 είς
1254 3720 1446 3820 καινότητα
1480 3721 1518 3802 δέ

317 3837 559 3934 μεταπλάττει
585 3837 684 3941 ζωῆς,
708 3847 785 3925 πῶς
814 3843 855 3922 οὐ
876 3843 1007 3949 ῥᾳδίως
1035 3844 1192 3950 ἐπιδείξῃ
1220 3879 1274 3928 τις
1302 3842 1357 3942 ἀν,
1376 3845 1450 3926 ἀπό
1479 3882 1517 3927 τε

317 3965 381 4058 τῆς
409 3963 557 4066 ἀρχαίας
586 3966 644 4043 καὶ
673 3964 752 4048 νέας
780 3971 948 4070 γραφῆς;
989 3969 1009 4046 ό
1037 3965 1102 4064 μέν
1124 3967 1195 4071 γὰρ
1219 3969 1417 4055 θεσπέσιος
1437 3977 1514 4052 Σα·

152 4107 220 4161 020
230 4107 270 4162 A.
289 4123 305 4162 a
317 4083 447 4183 μουὴλ,
480 4085 537 4166 ὅτε
563 4086 646 4173 τοῦς
677 4088 768 4192 πρὸς
802 4089 866 4170 τόν
899 4090 1022 4171 Σαοὺλ
1055 4094 1206 4172 ἐποιεῖτο
1238 4093 1373 4195 λόγους
1407 4107 1428 4143 “
1444 4101 1516 4178 Καὶ
1531 4120 1566 4175 30
1623 4141 1624 4169 ι

150 4182 241 4295 {¹5³⁸
317 4219 340 4255 “
359 4212 554 4310 ἐφαλεῖται,
581 4216 708 4318 φησὶν,
736 4216 793 4294 ἐπὶ
821 4214 865 4294 σέ
886 4221 1036 4313 Πνεῦμα
1056 4217 1202 4319 Κυρίου,
1225 4221 1283 4296 καὶ
1311 4219 1516 4328 στραφήσῃ

151 4328 272 4450 ζὲθᾶξῑῑ·
319 4342 340 4379 “
359 4337 407 4415 είς
435 4332 548 4435 ἀνδρα
575 4336 727 4415 ἀλλον·”
776 4338 796 4416 5
831 4335 869 4416 δέ
898 4335 1072 4441 μακάριος
1104 4345 1251 4424 Παῦλος
1280 4351 1302 4388 “
1318 4343 1450 4442 Ἡμεῖς
1479 4346 1516 4426 δὲ

354 4499 379 4554 6.
398 4504 487 4570 χρῆναι
500 4503 532 4556 E.
707 4523 748 4561 10.
767 4506 859 4562 τοῦτου
872 4506 998 4563 δύναοθοι
1011 4509 1065 4564 inv.
1078 4509 1170 4564 ordine
1185 4509 1266 4566 Cord.
1443 4532 1484 4570 ιι.
1502 4519 1516 4568 δ

317 4573 398 4638 γεμόν
411 4572 491 4626 Cord.
505 4573 520 4626 ό
532 4596 558 4626 τε
572 4573 621 4642 μὴν
634 4574 685 4628 Ed.
