3248 5112
287 295 352 360 ιιι
590 297 629 363 B.
654 295 864 362 cmm
894 271 1185 362 ALEXANDR'.
1343 241 1346 247 ⁵
1393 303 1501 354 m.

288 466 545 566 καταφλυαρεῖ
579 463 697 567 λέγων
729 465 779 548 ῶς
809 462 952 566 ἐπείπερ
984 463 1026 541 οῦ
1056 463 1272 558 σωματικῶς
1304 459 1370 554 τῆς
1401 451 1502 555 πρός

287 581 397 664 αὐτὸν
424 587 608 672 κοινωνίας
633 586 829 694 ἐξήμμεθα,
855 585 977 666 πίστει
1004 582 1042 664 δὲ
1070 590 1217 684 μᾶλλον
1244 585 1304 661 καὶ
1331 577 1502 659 διαθέσει

288 709 353 805 τῆς
380 706 471 787 κατὰ
493 707 557 791 τόν
575 707 684 809 νόμον
706 707 859 812 ἀγάπης,
878 710 921 790 ού
945 707 1012 809 τήν
1033 706 1166 810 σάρκα,
1185 708 1291 813 φησὶ,
1309 701 1378 804 τὴν
1402 701 1503 780 ἰδίαν

289 828 454 928 ἄμπελον
481 831 659 933 ὠνόμασε,
687 841 832 930 μᾶλλον
860 833 899 914 δὲ
927 831 993 934 τήν
1021 831 1182 932 θεότητα.
1234 829 1349 909 καίτοι
1377 826 1421 906 τί
1450 821 1500 922 δή

289 987 388 1051 ποτε,
417 956 508 1061 φαίη
540 957 593 1040 τίς
625 955 680 1054 ἀν,
704 955 768 1036 τόν
794 953 1092 1060 πρεπωδέστερόν
1118 989 1157 1035 τε
1190 955 1250 1034 καὶ
1280 947 1533 1050 οῖκειότερον5

291 1084 366 1162 τοῖς
401 1077 610 1190 θεωρήμασι
646 1078 781 1182 τρόπον
813 1083 927 1186 ἀφεῖς,
959 1081 1017 1161 ἐπὶ
1049 1077 1092 1159 τό
1124 1075 1222 1159 πολῦ
1258 1073 1501 1178 διωρισμένον

258 1201 441 1307 όὲπείγη;
480 1199 503 1302 ἢ
540 1201 613 1308 γάρ
650 1204 730 1308 οὐχὶ
767 1203 1062 1308 πρεπωδεστερον
1099 1203 1157 1282 καὶ
1198 1197 1290 1282 κατά
1323 1195 1392 1298 τὴν
1430 1199 1501 1294 τῆς

292 1324 429 1427 σαρκὸς
456 1329 651 1425 κοινωνίαν,
669 1325 834 1426 ἄμπελον
855 1325 922 1428 μὲν
944 1323 1032 1407 εἶναι
1060 1325 1226 1424 δώσομεν
1246 1320 1311 1402 τόν
1326 1322 1498 1420 Ἰησοῦν,

292 1445 437 1534 ἑαυτοὺς
473 1447 511 1529 δὲ
549 1449 718 1550 κλήματα
759 1451 819 1532 διὰ
855 1449 898 1532 τὸ
934 1450 1113 1557 ὁμοφυεῖς
1155 1451 1300 1554 ὁμοφυῆ
1335 1443 1411 1548 γὰρ
1448 1448 1500 1549 τῇ

291 1566 444 1680 ἀμπίλιρ
468 1571 515 1652 τά
538 1573 583 1681 ἐξ
604 1575 724 1674 αὐτῆς.
764 1578 823 1655 καὶ
848 1572 962 1655 ταῦτά
986 1582 1117 1680 φαμεν,
1143 1573 1208 1652 οῦκ
1235 1573 1499 1675 ἐπιχειροῦντες
1516 1599 1555 1640 10

292 1695 447 1798 ἀναιρεῖν
483 1692 526 1776 τό
565 1702 806 1777 συνενοῦσθαι
847 1697 1024 1778 δύνασθαι
1065 1701 1117 1805 τῷ
1153 1699 1317 1801 Χριστῷ,
1354 1689 1417 1771 διά
1455 1723 1500 1769 τε

291 1819 449 1904 πίστεως
485 1821 593 1921 ὀρθῆς
630 1823 690 1900 καὶ
726 1821 869 1923 ἀγάπης
901 1827 1120 1924 εἰλικρινοῦς,
1152 1815 1419 1900 ἀποδεικνύντες
1456 1811 1499 1893 δὲ

291 1948 438 2041 μᾶλλον
464 1941 520 2022 ὅτι
544 1945 603 2022 καὶ
629 1951 873 2044 πνενματικῶς
900 1945 960 2023 καὶ
985 1948 1209 2042 σωματικῶς,
1237 1939 1401 2048 ι’ῖμπελις
1428 1935 1500 2037 μὲν

293 2066 315 2145 ὁ
339 2064 514 2168 Χριστὸς,
538 2065 709 2166 κλήματα
731 2065 769 2148 δὲ
795 2068 904 2168 ἡμεῖς.

348 2187 473 2270 Ἀλλά
501 2189 572 2292 γὰρ
598 2192 618 2270 ὁ
643 2189 708 2288 μὲν
730 2195 794 2292 τῆς
822 2190 991 2293 ἀληθείας
1019 2189 1131 2294 λόγος
1158 2191 1299 2272 ἀπλοῦς
1325 2187 1385 2265 καὶ
1412 2187 1494 2262 δια·
1515 2208 1551 2268 1⁵

262 2311 420 2419 οφανής,
439 2312 654 2418 πανούργως
672 2313 711 2394 δὲ
737 2316 757 2393 ό
782 2316 825 2395 δι’
845 2316 1005 2399 ἐναντίας
1029 2308 1337 2418 παραιτεῖται-μὲν
1354 2309 1495 2406 όμολο·

292 2442 379 2537 γεῖν,
398 2434 453 2516 ὅτι
476 2439 535 2516 καὶ
557 2444 772 2537 σωματικῶς
797 2437 958 2538 ἄμπελος
983 2435 1028 2538 ἦν
1047 2439 1067 2516 ό
1085 2433 1259 2540 Χριστὸς,
1276 2431 1341 2514 ἀτε
1365 2430 1411 2531 δή
1436 2434 1498 2510 καὶ

293 2556 361 2658 τήν
387 2559 479 2639 ἰδίαν
504 2549 579 2644 τοῖς
605 2561 780 2662 κλήμασι,
801 2563 989 2644 τουτέστιν
1015 2562 1112 2662 ἡμῖν,
1132 2558 1360 2666 χαριζόμενος
1387 2555 1494 2660 ζωήν·

295 2678 457 2786 καθάπερ
475 2683 630 2768 οὖντοῖς
648 2683 897 2794 ἐμπεφυκόσιν
913 2687 1002 2792 αι’ντῇ
1025 2684 1209 2786 κλήμασιν
1227 2684 1249 2783 ἡ
1276 2678 1434 2781 αἰσθητή
1458 2713 1499 2760 τε

296 2808 356 2885 καὶ
387 2807 445 2888 ε’πὶ
476 2811 544 2908 γῆς
575 2807 749 2908 ἄμπελος,
777 2811 977 2914 περιτρέπει
1003 2809 1041 2890 δὲ
1068 2811 1127 2889 καὶ
1153 2805 1312 2910 βιάζεται
1339 2802 1407 2904 τὴν
1431 2813 1498 2884 τοῦ
1512 2836 1551 2878 20

250 3006 254 3014 ,
296 2927 473 3030 νοήματος
499 2930 650 3032 δύναμιν
673 2935 730 3014 ἐπὶ
758 2933 873 3034 μόνην
894 2935 1003 3014 αὐτοῦ
1030 2931 1098 3033 τὴν
1119 2931 1280 3031 θεότηταῚ
1318 2925 1511 3009 δύνασθαι·

295 3051 368 3206 γάρ
393 3055 488 3134 οῦτω
514 3061 756 3162 συκοφαντεῖν
783 3055 895 3158 αι’νιήν
918 3056 1018 3165 ᾠήθη
1046 3055 1090 3156 δή
1118 3052 1242 3152 πόλιν,
1269 3055 1379 3133 ἐκεῖνο
1404 3084 1497 3153 προ-

296 3178 420 3257 τείνων
447 3179 594 3278 ἀμαθῶς
622 3185 668 3260 El
699 3179 772 3284 γὰρ
799 3181 960 3280 ἄμπελος
986 3180 1053 3280 μέν
1080 3182 1182 3260 ε’στιν
1209 3213 1229 3258 ο
1215 3176 1354 3275 Υἱός,
1383 3177 1493 3284 φησὶ,

129 3317 213 3434 θον·
263 3299 456 3403 ἁγεωργός
480 3301 563 3383 δὲ
546 3337 567 3382 ο
592 3302 730 3406 Πατὴρ,
753 3303 945 3456 ετεροφρής
970 3301 1007 3383 δὲ
1031 3303 1188 3385 πόλιν
1171 3337 1192 3382 ο
1214 3298 1352 3384 Υἱδς’
1329 3335 1379 3384 ως
1404 3295 1496 3401 πρὸς

296 3420 363 3523 τὴν
381 3423 613 3524 ἀμπελον,’
574 3459 641 3530 ουχ
659 3427 850 3526 όμοούσιος
867 3425 970 3506 ἔσται
988 3461 1040 3536 τιρ
1022 3427 1213 3530 Πατρι
1197 3461 1218 3505 ο
1238 3423 1338 3520 Υἱὸς,
1359 3421 1466 3530 φησί.
1509 3441 1548 3502 ²5

354 3549 428 3627 Καὶ
446 3546 611 3644 βοθῦ’
561 3583 626 3648 μεν
645 3585 680 3631 τι
703 3553 761 3630 καὶ
787 3549 916 3654 πικρόν
934 3587 992 3632 και
978 3551 1183 3653 θεώρημα
1205 3547 1497 3650 δνσανάτριπτον

296 3671 510 3775 ἕπιτειχῖσαι
528 3672 657 3776 νομίζει
675 3679 750 3758 τοῖς
774 3679 839 3775 τῆς
856 3675 1081 3776 Ἐκκλησίας
1102 3673 1295 3776 δόγμασιν,
1313 3672 1497 3752 ἁλώσεται

290 3790 337 3873 δὲ
353 3793 454 3876 οῦδὲν
472 3793 580 3895 ἧττον
598 3797 787 3878 κάντεῦθεν
805 3805 940 3902 ληρῶν.
978 3805 1124 3902 πρῶτον
1141 3797 1207 3896 μὲν
1224 3795 1296 3900 γὰρ
1314 3799 1496 3896 ἀλλογενῆ

297 3915 389 3998 κατά
420 3918 535 4028 φύσιν
563 3919 875 4018 διαβεβαιούμενος
908 3918 996 4002 εῖναι
1026 3919 1092 4002 τόν
1118 3921 1219 4018 Υῖόν,
1247 3923 1306 3999 καὶ
1337 3923 1402 4018 τῆς
1433 3927 1497 4000 τοῦ

297 4041 461 4128 τεκόντος
489 4044 615 4128 ούσίας
642 4043 712 4152 ἔξω
738 4049 854 4144 τιθεὶς,
873 4053 951 4131 πῶς
974 4044 1021 4126 ἀν
1041 4046 1093 4127 ἔτι
1116 4043 1254 4148 πατέρα
1280 4044 1408 4142 καλοίη
1434 4042 1548 4131 τόνςο

299 4166 406 4266 θεὸν,
425 4166 502 4249 υἱόν
519 4168 557 4249 δὲ
576 4166 672 4254 ὅλως
689 4167 754 4250 τόν
772 4169 885 4268 Υῖόνς
916 4176 946 4250 εῖ
961 4169 1034 4274 γὰρ
1053 4167 1103 4269 μή
1121 4167 1366 4272 γεγεννῆσθαί
1381 4173 1497 4274 φησιν

299 4289 418 4389 αὐτὸν,
454 4291 630 4392 τουτέστι,
666 4299 857 4397 προελθεῖν
894 4296 933 4374 ἐκ
968 4299 1032 4395 τῆς
1069 4294 1195 4376 οὐσίας
1229 4298 1295 4372 τοῦ
1334 4289 1493 4393 Πατρός,

301 4457 380 4566 2σιτἱΓ
398 4442 488 4568 {pro
499 4443 574 4569 ἕάΕ.
663 4461 720 4514 ²4·
738 4444 811 4518 Υἱὸς]
825 4443 983 4519 [agendum
995 4443 1094 4502 utvid.
1106 4445 1230 4518 γεωργός.
1331 4455 1375 4514 τ5.
1392 4441 1495 4499 εστιΕ.

379 4534 388 4566 t
447 4535 487 4568 Τῦί
