<?xml version="1.0" encoding="UTF-8"?>
<!DOCTYPE html PUBLIC "-//W3C//DTD XHTML 1.0 Transitional//EN"
    "http://www.w3.org/TR/xhtml1/DTD/xhtml1-transitional.dtd">
<html xmlns="http://www.w3.org/1999/xhtml" xml:lang="en" lang="en">
 <head>
  <title>
</title>
<meta http-equiv="Content-Type" content="text/html;charset=utf-8" />
  <meta name='ocr-system' content='tesseract 3.04.00' />
  <meta name='ocr-capabilities' content='ocr_page ocr_carea ocr_par ocr_line ocrx_word'/>
</head>
<body>
  <div class='ocr_page' id='page_1' title='image "./sanctipatrisnos02pusegoog_0351.png"; bbox 0 0 3082 5112; ppageno 0'>
   <div class='ocr_carea' id='block_1_1' title="bbox 66 341 1271 430">
    <p class='ocr_par' dir='ltr' id='par_1_1' title="bbox 66 341 1271 430">
     <span class='ocr_line' id='line_1_1' title="bbox 66 341 1271 430; baseline 0.002 -24"><span class='ocrx_word' id='word_1_1' title='bbox 66 341 179 430; x_wconf 77' lang='lat' dir='ltr'><strong>xii-49,</strong></span> <span class='ocrx_word' id='word_1_2' title='bbox 191 359 251 428; x_wconf 86' lang='lat'>50.</span> <span class='ocrx_word' id='word_1_3' title='bbox 352 345 408 410; x_wconf 90' lang='lat' dir='ltr'>IN</span> <span class='ocrx_word' id='word_1_4' title='bbox 439 344 473 409; x_wconf 90' lang='lat' dir='ltr'>S.</span> <span class='ocrx_word' id='word_1_5' title='bbox 497 345 517 409; x_wconf 84' lang='lat' dir='ltr'>J</span> <span class='ocrx_word' id='word_1_6' title='bbox 523 345 757 411; x_wconf 80' lang='lat' dir='ltr'><strong>OANNEM.</strong></span> <span class='ocrx_word' id='word_1_7' title='bbox 804 346 903 412; x_wconf 85' lang='lat' dir='ltr'><strong>LIB.</strong></span> <span class='ocrx_word' id='word_1_8' title='bbox 926 346 988 412; x_wconf 88' lang='lat' dir='ltr'>IX.</span> <span class='ocrx_word' id='word_1_9' title='bbox 1208 345 1271 410; x_wconf 79' lang='lat'>341</span> 
     </span>
    </p>
   </div>
   <div class='ocr_carea' id='block_1_2' title="bbox 34 508 1442 3890">
    <p class='ocr_par' dir='ltr' id='par_1_2' title="bbox 34 508 1442 3840">
     <span class='ocr_line' id='line_1_2' title="bbox 65 508 1308 622; baseline -0.002 -30"><span class='ocrx_word' id='word_1_10' title='bbox 65 508 169 608; x_wconf 71' lang='grc' dir='ltr'>μηδὲν</span> <span class='ocrx_word' id='word_1_11' title='bbox 185 517 266 592; x_wconf 77' lang='grc' dir='ltr'>τῶν</span> <span class='ocrx_word' id='word_1_12' title='bbox 284 513 557 612; x_wconf 77' lang='grc' dir='ltr'>εἰσεταλμίνων</span> <span class='ocrx_word' id='word_1_13' title='bbox 575 515 676 619; x_wconf 80' lang='grc' dir='ltr'>αὐτῇ.</span> <span class='ocrx_word' id='word_1_14' title='bbox 715 514 753 593; x_wconf 89' lang='grc' dir='ltr'>τί</span> <span class='ocrx_word' id='word_1_15' title='bbox 774 515 894 595; x_wconf 83' lang='grc' dir='ltr'>τοίνυν</span> <span class='ocrx_word' id='word_1_16' title='bbox 912 510 955 595; x_wconf 80' lang='grc' dir='ltr'>τό</span> <span class='ocrx_word' id='word_1_17' title='bbox 977 513 1092 622; x_wconf 72' lang='grc' dir='ltr'>ξένον,</span> <span class='ocrx_word' id='word_1_18' title='bbox 1110 508 1140 591; x_wconf 82' lang='grc' dir='ltr'><strong><em>ὦ</em></strong></span> <span class='ocrx_word' id='word_1_19' title='bbox 1156 510 1308 608; x_wconf 76' lang='grc' dir='ltr'>οῦτοι,δ</span> 
     </span>
     <span class='ocr_line' id='line_1_3' title="bbox 66 621 1374 742; baseline -0.002 -26"><span class='ocrx_word' id='word_1_20' title='bbox 66 633 215 738; x_wconf 69' lang='grc' dir='ltr'>φήσειεν</span> <span class='ocrx_word' id='word_1_21' title='bbox 233 636 283 716; x_wconf 77' lang='grc' dir='ltr'>ἄν</span> <span class='ocrx_word' id='word_1_22' title='bbox 301 671 360 722; x_wconf 88' lang='grc' dir='ltr'>τις</span> <span class='ocrx_word' id='word_1_23' title='bbox 378 637 418 717; x_wconf 82' lang='grc' dir='ltr'>εῦ</span> <span class='ocrx_word' id='word_1_24' title='bbox 435 635 538 736; x_wconf 86' lang='grc' dir='ltr'>μάλα</span> <span class='ocrx_word' id='word_1_25' title='bbox 556 635 649 742; x_wconf 73' lang='grc' dir='ltr'>πρὸς</span> <span class='ocrx_word' id='word_1_26' title='bbox 668 621 829 736; x_wconf 76' lang='grc' dir='ltr'>ίκείνους,</span> <span class='ocrx_word' id='word_1_27' title='bbox 844 644 873 719; x_wconf 82' lang='grc' dir='ltr'>εί</span> <span class='ocrx_word' id='word_1_28' title='bbox 888 637 1009 741; x_wconf 89' lang='grc' dir='ltr'>Λόγος</span> <span class='ocrx_word' id='word_1_29' title='bbox 1027 634 1077 717; x_wconf 80' lang='grc' dir='ltr'>ὧν</span> <span class='ocrx_word' id='word_1_30' title='bbox 1095 643 1160 716; x_wconf 90' lang='grc' dir='ltr'>τοῦ</span> <span class='ocrx_word' id='word_1_31' title='bbox 1177 640 1274 716; x_wconf 85' lang='grc' dir='ltr'>θεοῦ</span> <span class='ocrx_word' id='word_1_32' title='bbox 1371 633 1374 640; x_wconf 63' lang='grc'><strong>’</strong></span> 
     </span>
     <span class='ocr_line' id='line_1_4' title="bbox 69 756 1274 866; baseline 0 -28"><span class='ocrx_word' id='word_1_33' title='bbox 69 761 117 838; x_wconf 78' lang='grc' dir='ltr'>αδ</span> <span class='ocrx_word' id='word_1_34' title='bbox 150 761 309 863; x_wconf 79' lang='grc' dir='ltr'>Πατρός</span> <span class='ocrx_word' id='word_1_35' title='bbox 348 762 370 840; x_wconf 87' lang='grc' dir='ltr'><strong><em>ὁ</em></strong></span> <span class='ocrx_word' id='word_1_36' title='bbox 402 759 501 858; x_wconf 81' lang='grc' dir='ltr'>Υἱὸς,</span> <span class='ocrx_word' id='word_1_37' title='bbox 533 761 601 866; x_wconf 80' lang='grc' dir='ltr'>οὐχ</span> <span class='ocrx_word' id='word_1_38' title='bbox 633 759 757 865; x_wconf 83' lang='grc' dir='ltr'>ὥσπερ</span> <span class='ocrx_word' id='word_1_39' title='bbox 789 763 810 841; x_wconf 87' lang='grc' dir='ltr'>ὁ</span> <span class='ocrx_word' id='word_1_40' title='bbox 842 761 1021 865; x_wconf 75' lang='grc' dir='ltr'>ἡμέτερος·</span> <span class='ocrx_word' id='word_1_41' title='bbox 1062 759 1168 864; x_wconf 82' lang='grc' dir='ltr'>μείζω</span> <span class='ocrx_word' id='word_1_42' title='bbox 1202 756 1274 862; x_wconf 81' lang='grc' dir='ltr'>γὰρ</span> 
     </span>
     <span class='ocr_line' id='line_1_5' title="bbox 68 881 1275 988; baseline 0.006 -27"><span class='ocrx_word' id='word_1_43' title='bbox 68 881 199 969; x_wconf 72' lang='grc' dir='ltr'>παντὸς</span> <span class='ocrx_word' id='word_1_44' title='bbox 235 885 537 988; x_wconf 80' lang='grc' dir='ltr'>παραδείγματος</span> <span class='ocrx_word' id='word_1_45' title='bbox 573 884 620 966; x_wconf 76' lang='grc' dir='ltr'>τὰ</span> <span class='ocrx_word' id='word_1_46' title='bbox 651 887 733 988; x_wconf 79' lang='grc' dir='ltr'>περὶ</span> <span class='ocrx_word' id='word_1_47' title='bbox 764 891 873 966; x_wconf 80' lang='grc' dir='ltr'>Θεοῦ</span> <span class='ocrx_word' id='word_1_48' title='bbox 918 884 985 985; x_wconf 80' lang='grc' dir='ltr'>τὴν</span> <span class='ocrx_word' id='word_1_49' title='bbox 1013 895 1077 966; x_wconf 90' lang='grc' dir='ltr'>τοῦ</span> <span class='ocrx_word' id='word_1_50' title='bbox 1110 883 1275 969; x_wconf 82' lang='grc' dir='ltr'>τεκόντος</span> 
     </span>
     <span class='ocr_line' id='line_1_6' title="bbox 46 1005 1275 1116; baseline 0.003 -32"><span class='ocrx_word' id='word_1_51' title='bbox 46 1007 171 1088; x_wconf 73' lang='grc' dir='ltr'>ὄαῦτδν</span> <span class='ocrx_word' id='word_1_52' title='bbox 189 1007 419 1111; x_wconf 76' lang='grc' dir='ltr'>δικρμηνεόει</span> <span class='ocrx_word' id='word_1_53' title='bbox 446 1005 588 1109; x_wconf 78' lang='grc' dir='ltr'>βουλήν</span> <span class='ocrx_word' id='word_1_54' title='bbox 600 1041 611 1107; x_wconf 85' lang='grc'><strong>;</strong></span> <span class='ocrx_word' id='word_1_55' title='bbox 642 1007 664 1110; x_wconf 80' lang='grc' dir='ltr'>ἢ</span> <span class='ocrx_word' id='word_1_56' title='bbox 691 1005 764 1112; x_wconf 81' lang='grc' dir='ltr'>γᾶρ</span> <span class='ocrx_word' id='word_1_57' title='bbox 790 1011 870 1114; x_wconf 78' lang='grc' dir='ltr'>οὐχὶ</span> <span class='ocrx_word' id='word_1_58' title='bbox 895 1011 954 1088; x_wconf 76' lang='grc' dir='ltr'>καὶ</span> <span class='ocrx_word' id='word_1_59' title='bbox 979 1007 1093 1108; x_wconf 80' lang='grc' dir='ltr'>ὄνομά</span> <span class='ocrx_word' id='word_1_60' title='bbox 1119 1011 1275 1116; x_wconf 80' lang='grc' dir='ltr'>φησινό</span> 
     </span>
     <span class='ocr_line' id='line_1_7' title="bbox 69 1130 1442 1240; baseline 0.003 -30"><span class='ocrx_word' id='word_1_61' title='bbox 69 1131 259 1238; x_wconf 77' lang='grc' dir='ltr'>τροφῆτης</span> <span class='ocrx_word' id='word_1_62' title='bbox 278 1135 379 1240; x_wconf 72' lang='grc' dir='ltr'>αὐτῷ</span> <span class='ocrx_word' id='word_1_63' title='bbox 398 1131 712 1233; x_wconf 71' lang='grc' dir='ltr'>πρεπωδέστατον,</span> <span class='ocrx_word' id='word_1_64' title='bbox 731 1137 923 1214; x_wconf 87' lang='grc' dir='ltr'>καλεῖσθαι</span> <span class='ocrx_word' id='word_1_65' title='bbox 942 1142 965 1180; x_wconf 89' lang='grc'><strong>“</strong></span> <span class='ocrx_word' id='word_1_66' title='bbox 980 1130 1158 1235; x_wconf 82' lang='grc' dir='ltr'>Μεγάλης</span> <span class='ocrx_word' id='word_1_67' title='bbox 1181 1141 1273 1228; x_wconf 89' lang='grc' dir='ltr'>βου·</span> <span class='ocrx_word' id='word_1_68' title='bbox 1321 1147 1364 1198; x_wconf 65' lang='grc' dir='ltr'>ΓΔ·</span> <span class='ocrx_word' id='word_1_69' title='bbox 1372 1147 1408 1199; x_wconf 72' lang='lat'>¹¹·</span> <span class='ocrx_word' id='word_1_70' title='bbox 1417 1149 1442 1197; x_wconf 82' lang='lat'>⁶·</span> 
     </span>
     <span class='ocr_line' id='line_1_8' title="bbox 71 1253 1340 1363; baseline -0.004 -27"><span class='ocrx_word' id='word_1_71' title='bbox 71 1261 171 1355; x_wconf 76' lang='grc' dir='ltr'>“λῆς</span> <span class='ocrx_word' id='word_1_72' title='bbox 202 1257 374 1359; x_wconf 74' lang='grc' dir='ltr'>ἄγγελον</span> <span class='ocrx_word' id='word_1_73' title='bbox 389 1256 425 1353; x_wconf 87' lang='grc'>;”</span> <span class='ocrx_word' id='word_1_74' title='bbox 459 1258 545 1335; x_wconf 78' lang='grc' dir='ltr'>ἀλλ’</span> <span class='ocrx_word' id='word_1_75' title='bbox 577 1253 673 1354; x_wconf 83' lang='grc' dir='ltr'>οἶμαι</span> <span class='ocrx_word' id='word_1_76' title='bbox 705 1261 764 1351; x_wconf 82' lang='grc' dir='ltr'>καὶ</span> <span class='ocrx_word' id='word_1_77' title='bbox 796 1265 903 1338; x_wconf 86' lang='grc' dir='ltr'>τοῦτο</span> <span class='ocrx_word' id='word_1_78' title='bbox 940 1255 1112 1363; x_wconf 78' lang='grc' dir='ltr'>ὑπάρχειν</span> <span class='ocrx_word' id='word_1_79' title='bbox 1142 1256 1273 1363; x_wconf 68' lang='grc' dir='ltr'>σοφάς.</span> <span class='ocrx_word' id='word_1_80' title='bbox 1337 1319 1340 1331; x_wconf 91' lang='grc'><strong>.</strong></span> 
     </span>
     <span class='ocr_line' id='line_1_9' title="bbox 72 1377 1277 1486; baseline 0.002 -24"><span class='ocrx_word' id='word_1_81' title='bbox 72 1379 167 1462; x_wconf 75' lang='grc' dir='ltr'>οἰδὲν</span> <span class='ocrx_word' id='word_1_82' title='bbox 188 1389 393 1486; x_wconf 80' lang='grc' dir='ltr'>τοιγαροῦν</span> <span class='ocrx_word' id='word_1_83' title='bbox 417 1385 466 1465; x_wconf 80' lang='grc' dir='ltr'>εἰς</span> <span class='ocrx_word' id='word_1_84' title='bbox 494 1377 559 1462; x_wconf 80' lang='grc' dir='ltr'>τόν</span> <span class='ocrx_word' id='word_1_85' title='bbox 579 1385 644 1480; x_wconf 75' lang='grc' dir='ltr'>τῆς</span> <span class='ocrx_word' id='word_1_86' title='bbox 671 1379 797 1466; x_wconf 78' lang='grc' dir='ltr'>οὐσίας</span> <span class='ocrx_word' id='word_1_87' title='bbox 821 1379 946 1483; x_wconf 90' lang='grc' dir='ltr'>λόγον,</span> <span class='ocrx_word' id='word_1_88' title='bbox 967 1379 1047 1480; x_wconf 78' lang='grc' dir='ltr'>ἤτοι</span> <span class='ocrx_word' id='word_1_89' title='bbox 1071 1383 1135 1480; x_wconf 83' lang='grc' dir='ltr'>τῆς</span> <span class='ocrx_word' id='word_1_90' title='bbox 1160 1379 1277 1486; x_wconf 78' lang='grc' dir='ltr'>άξίας,</span> 
     </span>
     <span class='ocr_line' id='line_1_10' title="bbox 74 1502 1307 1611; baseline 0.002 -29"><span class='ocrx_word' id='word_1_91' title='bbox 74 1505 238 1604; x_wconf 82' lang='grc' dir='ltr'>ι’σαμενεῖ</span> <span class='ocrx_word' id='word_1_92' title='bbox 268 1507 314 1586; x_wconf 86' lang='grc' dir='ltr'>τὸ</span> <span class='ocrx_word' id='word_1_93' title='bbox 352 1503 498 1599; x_wconf 82' lang='grc' dir='ltr'>βλάβος</span> <span class='ocrx_word' id='word_1_94' title='bbox 535 1505 555 1583; x_wconf 88' lang='grc' dir='ltr'><strong>ὁ</strong></span> <span class='ocrx_word' id='word_1_95' title='bbox 589 1503 811 1607; x_wconf 86' lang='grc' dir='ltr'>Μονογενὴς,</span> <span class='ocrx_word' id='word_1_96' title='bbox 842 1503 910 1584; x_wconf 83' lang='grc' dir='ltr'>κᾶν</span> <span class='ocrx_word' id='word_1_97' title='bbox 938 1502 1064 1599; x_wconf 71' lang='grc' dir='ltr'>ἑντολῗμ</span> <span class='ocrx_word' id='word_1_98' title='bbox 1091 1502 1307 1611; x_wconf 70' lang='grc' dir='ltr'>εἰληφέναια</span> 
     </span>
     <span class='ocr_line' id='line_1_11' title="bbox 41 1627 1279 1733; baseline -0.001 -22"><span class='ocrx_word' id='word_1_99' title='bbox 41 1629 215 1732; x_wconf 60' lang='grc' dir='ltr'>κλίγηται</span> <span class='ocrx_word' id='word_1_100' title='bbox 245 1627 353 1733; x_wconf 82' lang='grc' dir='ltr'>παρὰ</span> <span class='ocrx_word' id='word_1_101' title='bbox 381 1637 446 1709; x_wconf 93' lang='grc' dir='ltr'>τοῦ</span> <span class='ocrx_word' id='word_1_102' title='bbox 468 1633 565 1710; x_wconf 87' lang='grc' dir='ltr'>Θεοῦ</span> <span class='ocrx_word' id='word_1_103' title='bbox 592 1629 651 1708; x_wconf 78' lang='grc' dir='ltr'>καὶ</span> <span class='ocrx_word' id='word_1_104' title='bbox 674 1627 832 1732; x_wconf 81' lang='grc' dir='ltr'>Πατρός·</span> <span class='ocrx_word' id='word_1_105' title='bbox 862 1631 937 1710; x_wconf 81' lang='grc' dir='ltr'>ἐπεὶ</span> <span class='ocrx_word' id='word_1_106' title='bbox 965 1631 1024 1709; x_wconf 84' lang='grc' dir='ltr'>καὶ</span> <span class='ocrx_word' id='word_1_107' title='bbox 1052 1629 1150 1729; x_wconf 82' lang='grc' dir='ltr'>ἡμεῖς</span> <span class='ocrx_word' id='word_1_108' title='bbox 1178 1629 1279 1710; x_wconf 81' lang='grc' dir='ltr'>αὐτοὶ</span> 
     </span>
     <span class='ocr_line' id='line_1_12' title="bbox 74 1749 1276 1857; baseline 0 -23"><span class='ocrx_word' id='word_1_109' title='bbox 74 1755 251 1838; x_wconf 70' lang='grc' dir='ltr'>πολλάκις</span> <span class='ocrx_word' id='word_1_110' title='bbox 269 1753 406 1857; x_wconf 73' lang='grc' dir='ltr'>ἑτέροις</span> <span class='ocrx_word' id='word_1_111' title='bbox 423 1749 665 1851; x_wconf 86' lang='grc' dir='ltr'>ε’ντελλόμεθοί</span> <span class='ocrx_word' id='word_1_112' title='bbox 683 1787 717 1832; x_wconf 91' lang='grc' dir='ltr'>τι</span> <span class='ocrx_word' id='word_1_113' title='bbox 740 1756 798 1834; x_wconf 77' lang='grc' dir='ltr'>καὶ</span> <span class='ocrx_word' id='word_1_114' title='bbox 820 1757 910 1856; x_wconf 83' lang='grc' dir='ltr'>δρᾶν</span> <span class='ocrx_word' id='word_1_115' title='bbox 928 1752 1172 1854; x_wconf 84' lang='grc' dir='ltr'>ε’πιτάττομεν,</span> <span class='ocrx_word' id='word_1_116' title='bbox 1190 1752 1276 1834; x_wconf 82' lang='grc' dir='ltr'>ἀλλ’</span> 
     </span>
     <span class='ocr_line' id='line_1_13' title="bbox 75 1874 1276 1986; baseline 0 -28"><span class='ocrx_word' id='word_1_117' title='bbox 75 1878 269 1978; x_wconf 78' lang='grc' dir='ltr'>αἰταῦιης</span> <span class='ocrx_word' id='word_1_118' title='bbox 295 1878 401 1958; x_wconf 81' lang='grc' dir='ltr'>ἕνεκα</span> <span class='ocrx_word' id='word_1_119' title='bbox 425 1880 488 1976; x_wconf 80' lang='grc' dir='ltr'>τῆς</span> <span class='ocrx_word' id='word_1_120' title='bbox 515 1877 630 1962; x_wconf 78' lang='grc' dir='ltr'>αἰτίας</span> <span class='ocrx_word' id='word_1_121' title='bbox 656 1875 722 1978; x_wconf 77' lang='grc' dir='ltr'>τὴν</span> <span class='ocrx_word' id='word_1_122' title='bbox 743 1874 835 1980; x_wconf 77' lang='grc' dir='ltr'>πρὸς</span> <span class='ocrx_word' id='word_1_123' title='bbox 862 1878 956 1977; x_wconf 79' lang='grc' dir='ltr'>ἡμᾶς</span> <span class='ocrx_word' id='word_1_124' title='bbox 983 1877 1176 1978; x_wconf 85' lang='grc' dir='ltr'>ὁμοιότητα</span> <span class='ocrx_word' id='word_1_125' title='bbox 1203 1882 1276 1986; x_wconf 90' lang='grc' dir='ltr'>φυ·</span> 
     </span>
     <span class='ocr_line' id='line_1_14' title="bbox 75 1997 1276 2106; baseline 0.002 -26"><span class='ocrx_word' id='word_1_126' title='bbox 75 1999 174 2101; x_wconf 78' lang='grc' dir='ltr'>σικὴν</span> <span class='ocrx_word' id='word_1_127' title='bbox 201 2000 444 2106; x_wconf 75' lang='grc' dir='ltr'>ἀρνήσονται,</span> <span class='ocrx_word' id='word_1_128' title='bbox 469 1998 614 2081; x_wconf 76' lang='grc' dir='ltr'>οὐδὲ</span> <span class='ocrx_word' id='word_1_129' title='bbox 578 2035 620 2081; x_wconf 92' lang='grc' dir='ltr'>το</span> <span class='ocrx_word' id='word_1_130' title='bbox 647 1997 735 2082; x_wconf 81' lang='grc' dir='ltr'>εἶναι</span> <span class='ocrx_word' id='word_1_131' title='bbox 762 1999 890 2082; x_wconf 72' lang='grc' dir='ltr'>καθ’</span> <span class='ocrx_word' id='word_1_132' title='bbox 869 2007 963 2101; x_wconf 84' lang='grc' dir='ltr'>ημᾶς</span> <span class='ocrx_word' id='word_1_133' title='bbox 990 2003 1276 2100; x_wconf 86' lang='grc' dir='ltr'>ἀποβαλοῦνται,</span> 
     </span>
     <span class='ocr_line' id='line_1_15' title="bbox 75 2123 1278 2229; baseline -0.002 -21"><span class='ocrx_word' id='word_1_134' title='bbox 75 2126 175 2224; x_wconf 81' lang='grc' dir='ltr'>ίμτον</span> <span class='ocrx_word' id='word_1_135' title='bbox 200 2127 310 2210; x_wconf 82' lang='grc' dir='ltr'>ὄντες</span> <span class='ocrx_word' id='word_1_136' title='bbox 334 2123 535 2225; x_wconf 83' lang='grc' dir='ltr'>όμοοείσιοι,</span> <span class='ocrx_word' id='word_1_137' title='bbox 555 2128 613 2205; x_wconf 82' lang='grc' dir='ltr'>καὶ</span> <span class='ocrx_word' id='word_1_138' title='bbox 639 2123 712 2229; x_wconf 83' lang='grc' dir='ltr'>πρὸ</span> <span class='ocrx_word' id='word_1_139' title='bbox 740 2129 804 2226; x_wconf 84' lang='grc' dir='ltr'>τῆς</span> <span class='ocrx_word' id='word_1_140' title='bbox 831 2127 990 2225; x_wconf 82' lang='grc' dir='ltr'>ἐντολῆς,</span> <span class='ocrx_word' id='word_1_141' title='bbox 1008 2161 1067 2207; x_wconf 87' lang='grc' dir='ltr'>και</span> <span class='ocrx_word' id='word_1_142' title='bbox 1095 2123 1186 2224; x_wconf 78' lang='grc' dir='ltr'>μετὰ</span> <span class='ocrx_word' id='word_1_143' title='bbox 1213 2124 1278 2225; x_wconf 78' lang='grc' dir='ltr'>τὴν</span> 
     </span>
     <span class='ocr_line' id='line_1_16' title="bbox 40 2251 235 2352; baseline 0 -22"><span class='ocrx_word' id='word_1_144' title='bbox 40 2251 235 2352; x_wconf 69' lang='grc' dir='ltr'>ιὀστολῆν.</span> 
     </span>
     <span class='ocr_line' id='line_1_17' title="bbox 124 2370 1280 2479; baseline 0 -23"><span class='ocrx_word' id='word_1_145' title='bbox 124 2377 280 2456; x_wconf 58' lang='grc' dir='ltr'>ἨΑλλ</span> <span class='ocrx_word' id='word_1_146' title='bbox 260 2383 353 2479; x_wconf 87' lang='grc' dir='ltr'>ερεΐς</span> <span class='ocrx_word' id='word_1_147' title='bbox 378 2373 434 2454; x_wconf 80' lang='grc' dir='ltr'>ὅτι</span> <span class='ocrx_word' id='word_1_148' title='bbox 459 2373 609 2473; x_wconf 83' lang='grc' dir='ltr'>με’νουσι</span> <span class='ocrx_word' id='word_1_149' title='bbox 631 2409 696 2472; x_wconf 89' lang='grc' dir='ltr'>μεν</span> <span class='ocrx_word' id='word_1_150' title='bbox 715 2372 913 2474; x_wconf 83' lang='grc' dir='ltr'>ὁμοούσιοι,</span> <span class='ocrx_word' id='word_1_151' title='bbox 932 2373 1127 2474; x_wconf 79' lang='grc' dir='ltr'>ἡττώμενοι</span> <span class='ocrx_word' id='word_1_152' title='bbox 1152 2370 1259 2453; x_wconf 79' lang='grc' dir='ltr'>δὲ</span> <span class='ocrx_word' id='word_1_153' title='bbox 1215 2406 1280 2471; x_wconf 84' lang='grc' dir='ltr'>της</span> 
     </span>
     <span class='ocr_line' id='line_1_18' title="bbox 77 2498 722 2648; baseline 0.002 -69"><span class='ocrx_word' id='word_1_154' title='bbox 77 2500 174 2606; x_wconf 78' lang='grc' dir='ltr'>άξίας</span> <span class='ocrx_word' id='word_1_155' title='bbox 193 2503 422 2602; x_wconf 75' lang='grc' dir='ltr'>ὑπηρετοῦσι</span> <span class='ocrx_word' id='word_1_156' title='bbox 440 2501 505 2597; x_wconf 80' lang='grc' dir='ltr'>τῆς</span> <span class='ocrx_word' id='word_1_157' title='bbox 522 2498 606 2602; x_wconf 91' lang='grc' dir='ltr'>παρ’</span> <span class='ocrx_word' id='word_1_158' title='bbox 626 2499 722 2648; x_wconf 78' lang='grc' dir='ltr'>ημῖν.</span> 
     </span>
     <span class='ocr_line' id='line_1_19' title="bbox 105 2619 1279 2776; baseline -0.005 -69.875"><span class='ocrx_word' id='word_1_159' title='bbox 105 2622 249 2776; x_wconf 77' lang='grc' dir='ltr'>Κάγὼ</span> <span class='ocrx_word' id='word_1_160' title='bbox 277 2623 324 2704; x_wconf 79' lang='grc' dir='ltr'>δέ</span> <span class='ocrx_word' id='word_1_161' title='bbox 342 2657 406 2703; x_wconf 91' lang='grc' dir='ltr'>σοι</span> <span class='ocrx_word' id='word_1_162' title='bbox 430 2619 521 2724; x_wconf 78' lang='grc' dir='ltr'>πρὸς</span> <span class='ocrx_word' id='word_1_163' title='bbox 544 2620 651 2702; x_wconf 87' lang='grc' dir='ltr'>τοῦτό</span> <span class='ocrx_word' id='word_1_164' title='bbox 678 2629 773 2728; x_wconf 76' lang='grc' dir='ltr'>φημι</span> <span class='ocrx_word' id='word_1_165' title='bbox 796 2623 876 2724; x_wconf 86' lang='grc' dir='ltr'>περὶ</span> <span class='ocrx_word' id='word_1_166' title='bbox 901 2655 965 2702; x_wconf 92' lang='grc' dir='ltr'>του</span> <span class='ocrx_word' id='word_1_167' title='bbox 948 2627 1215 2725; x_wconf 86' lang='grc' dir='ltr'>Μονογενοῦς</span> <span class='ocrx_word' id='word_1_168' title='bbox 1234 2627 1279 2702; x_wconf 84' lang='grc' dir='ltr'>Εἰ</span> 
     </span>
     <span class='ocr_line' id='line_1_20' title="bbox 77 2727 1427 2896; baseline -0.001 -68"><span class='ocrx_word' id='word_1_169' title='bbox 77 2783 136 2842; x_wconf 82' lang='grc' dir='ltr'>μεν</span> <span class='ocrx_word' id='word_1_170' title='bbox 167 2747 245 2896; x_wconf 81' lang='grc' dir='ltr'>γὰρ</span> <span class='ocrx_word' id='word_1_171' title='bbox 284 2749 350 2828; x_wconf 86' lang='grc' dir='ltr'>οῦκ</span> <span class='ocrx_word' id='word_1_172' title='bbox 383 2745 529 2852; x_wconf 79' lang='grc' dir='ltr'>ἐγράφη</span> <span class='ocrx_word' id='word_1_173' title='bbox 565 2779 646 2848; x_wconf 90' lang='grc' dir='ltr'>περι</span> <span class='ocrx_word' id='word_1_174' title='bbox 677 2747 886 2896; x_wconf 80' lang='grc' dir='ltr'>ρῦτοῦ,οτι</span> <span class='ocrx_word' id='word_1_175' title='bbox 833 2745 850 2774; x_wconf 72' lang='grc'><em>”</em></span> <span class='ocrx_word' id='word_1_176' title='bbox 918 2748 972 2793; x_wconf 86' lang='grc'>“’</span> <span class='ocrx_word' id='word_1_177' title='bbox 954 2781 992 2826; x_wconf 90' lang='grc' dir='ltr'>εν</span> <span class='ocrx_word' id='word_1_178' title='bbox 1024 2751 1149 2853; x_wconf 82' lang='grc' dir='ltr'>μορφῇ</span> <span class='ocrx_word' id='word_1_179' title='bbox 1182 2727 1417 2844; x_wconf 48' lang='grc' dir='ltr'>Θεοῦηῖίῖζ1</span> <span class='ocrx_word' id='word_1_180' title='bbox 1401 2745 1427 2778; x_wconf 80' lang='lat'>¹¹</span> 
     </span>
     <span class='ocr_line' id='line_1_21' title="bbox 40 2865 1277 2978; baseline -0.002 -26"><span class='ocrx_word' id='word_1_181' title='bbox 40 2875 133 2928; x_wconf 54' lang='grc' dir='ltr'><em>Μ</em></span> <span class='ocrx_word' id='word_1_182' title='bbox 114 2872 295 2978; x_wconf 84' lang='grc' dir='ltr'>υπάρχων</span> <span class='ocrx_word' id='word_1_183' title='bbox 311 2871 382 2976; x_wconf 80' lang='grc' dir='ltr'>οὐχ</span> <span class='ocrx_word' id='word_1_184' title='bbox 407 2869 601 2972; x_wconf 82' lang='grc' dir='ltr'>ἁρπαγμὸν</span> <span class='ocrx_word' id='word_1_185' title='bbox 619 2868 784 2972; x_wconf 75' lang='grc' dir='ltr'>ἡγήσατο</span> <span class='ocrx_word' id='word_1_186' title='bbox 808 2868 890 2949; x_wconf 84' lang='grc' dir='ltr'>τὸε</span> <span class='ocrx_word' id='word_1_187' title='bbox 874 2865 1002 2950; x_wconf 60' lang='grc' dir='ltr'>εἶναι’</span> <span class='ocrx_word' id='word_1_188' title='bbox 987 2904 1051 2950; x_wconf 89' lang='grc' dir='ltr'>ισα</span> <span class='ocrx_word' id='word_1_189' title='bbox 1073 2875 1171 2978; x_wconf 81' lang='grc' dir='ltr'>Θεῷ,</span> <span class='ocrx_word' id='word_1_190' title='bbox 1193 2871 1277 2950; x_wconf 83' lang='grc' dir='ltr'>ἀλλ’</span> 
     </span>
     <span class='ocr_line' id='line_1_22' title="bbox 78 2991 1281 3100; baseline -0.004 -22"><span class='ocrx_word' id='word_1_191' title='bbox 78 3007 98 3043; x_wconf 86' lang='lat'>“</span> <span class='ocrx_word' id='word_1_192' title='bbox 114 2995 246 3078; x_wconf 76' lang='grc' dir='ltr'>ἑαυτὸν</span> <span class='ocrx_word' id='word_1_193' title='bbox 288 2993 440 3074; x_wconf 82' lang='grc' dir='ltr'>ε’κένωσε</span> <span class='ocrx_word' id='word_1_194' title='bbox 482 2991 629 3100; x_wconf 83' lang='grc' dir='ltr'>μορφὴν</span> <span class='ocrx_word' id='word_1_195' title='bbox 666 2991 799 3072; x_wconf 79' lang='grc' dir='ltr'>δούλου</span> <span class='ocrx_word' id='word_1_196' title='bbox 842 2991 980 3090; x_wconf 79' lang='grc' dir='ltr'>λαβὼν,</span> <span class='ocrx_word' id='word_1_197' title='bbox 1018 2996 1077 3073; x_wconf 87' lang='grc' dir='ltr'>καὶ</span> <span class='ocrx_word' id='word_1_198' title='bbox 1117 2993 1281 3098; x_wconf 83' lang='grc' dir='ltr'>σχήματι</span> 
     </span>
     <span class='ocr_line' id='line_1_23' title="bbox 77 3115 1281 3224; baseline -0.003 -22"><span class='ocrx_word' id='word_1_199' title='bbox 77 3131 98 3168; x_wconf 83' lang='lat'>“</span> <span class='ocrx_word' id='word_1_200' title='bbox 115 3123 271 3224; x_wconf 77' lang='grc' dir='ltr'>εὑρεθεὶς</span> <span class='ocrx_word' id='word_1_201' title='bbox 300 3121 351 3203; x_wconf 82' lang='grc' dir='ltr'>ὧς</span> <span class='ocrx_word' id='word_1_202' title='bbox 377 3117 566 3220; x_wconf 85' lang='grc' dir='ltr'>ἅνθρωπος</span> <span class='ocrx_word' id='word_1_203' title='bbox 593 3117 830 3197; x_wconf 81' lang='grc' dir='ltr'>ἐταπείνωσεν</span> <span class='ocrx_word' id='word_1_204' title='bbox 854 3115 1012 3209; x_wconf 79' lang='grc' dir='ltr'>ἑαυτὸν,”</span> <span class='ocrx_word' id='word_1_205' title='bbox 1032 3115 1124 3222; x_wconf 83' lang='grc' dir='ltr'>εἶχεν</span> <span class='ocrx_word' id='word_1_206' title='bbox 1149 3117 1195 3196; x_wconf 85' lang='grc' dir='ltr'>όίυ</span> <span class='ocrx_word' id='word_1_207' title='bbox 1219 3153 1281 3198; x_wconf 93' lang='grc' dir='ltr'>σοι</span> 
     </span>
     <span class='ocr_line' id='line_1_24' title="bbox 77 3239 1282 3347; baseline -0.003 -23"><span class='ocrx_word' id='word_1_208' title='bbox 77 3247 135 3324; x_wconf 79' lang='grc' dir='ltr'>καὶ</span> <span class='ocrx_word' id='word_1_209' title='bbox 153 3245 220 3324; x_wconf 86' lang='grc' dir='ltr'>οῦκ</span> <span class='ocrx_word' id='word_1_210' title='bbox 237 3244 419 3324; x_wconf 76' lang='grc' dir='ltr'>ἀπίθανον</span> <span class='ocrx_word' id='word_1_211' title='bbox 436 3239 551 3343; x_wconf 86' lang='grc' dir='ltr'>λόγον</span> <span class='ocrx_word' id='word_1_212' title='bbox 568 3244 633 3340; x_wconf 78' lang='grc' dir='ltr'>τῆς</span> <span class='ocrx_word' id='word_1_213' title='bbox 652 3241 857 3343; x_wconf 72' lang='grc' dir='ltr'>ἀπολογίας</span> <span class='ocrx_word' id='word_1_214' title='bbox 874 3239 917 3321; x_wconf 86' lang='grc' dir='ltr'>τδ</span> <span class='ocrx_word' id='word_1_215' title='bbox 936 3245 1074 3347; x_wconf 82' lang='grc' dir='ltr'>σχῆμα·</span> <span class='ocrx_word' id='word_1_216' title='bbox 1105 3239 1224 3339; x_wconf 80' lang='grc' dir='ltr'>ἐπειδὴ</span> <span class='ocrx_word' id='word_1_217' title='bbox 1243 3239 1282 3320; x_wconf 79' lang='grc' dir='ltr'>δὲ</span> 
     </span>
     <span class='ocr_line' id='line_1_25' title="bbox 76 3362 1280 3470; baseline -0.003 -22"><span class='ocrx_word' id='word_1_218' title='bbox 76 3373 142 3468; x_wconf 80' lang='grc' dir='ltr'>τῆς</span> <span class='ocrx_word' id='word_1_219' title='bbox 159 3369 349 3467; x_wconf 82' lang='grc' dir='ltr'>ῦποταγῆς</span> <span class='ocrx_word' id='word_1_220' title='bbox 372 3367 431 3446; x_wconf 80' lang='grc' dir='ltr'>καὶ</span> <span class='ocrx_word' id='word_1_221' title='bbox 455 3363 704 3448; x_wconf 80' lang='grc' dir='ltr'>ταπεινώσεως</span> <span class='ocrx_word' id='word_1_222' title='bbox 730 3363 883 3468; x_wconf 79' lang='grc' dir='ltr'>ἐναργὴς</span> <span class='ocrx_word' id='word_1_223' title='bbox 908 3365 929 3444; x_wconf 86' lang='grc' dir='ltr'>ό</span> <span class='ocrx_word' id='word_1_224' title='bbox 953 3362 1096 3465; x_wconf 91' lang='grc' dir='ltr'>τρόπος,</span> <span class='ocrx_word' id='word_1_225' title='bbox 1115 3365 1153 3443; x_wconf 89' lang='grc' dir='ltr'>τί</span> <span class='ocrx_word' id='word_1_226' title='bbox 1167 3367 1280 3470; x_wconf 79' lang='grc' dir='ltr'>ῥιψο-</span> 
     </span>
     <span class='ocr_line' id='line_1_26' title="bbox 34 3486 1282 3596; baseline -0.002 -27"><span class='ocrx_word' id='word_1_227' title='bbox 34 3491 253 3575; x_wconf 71' lang='grc' dir='ltr'>1ειιωδόιως</span> <span class='ocrx_word' id='word_1_228' title='bbox 270 3491 434 3596; x_wconf 76' lang='grc' dir='ltr'>ἐπιτιμᾷς</span> <span class='ocrx_word' id='word_1_229' title='bbox 451 3491 504 3595; x_wconf 75' lang='grc' dir='ltr'>τῷ</span> <span class='ocrx_word' id='word_1_230' title='bbox 523 3488 566 3566; x_wconf 88' lang='grc' dir='ltr'>δι’</span> <span class='ocrx_word' id='word_1_231' title='bbox 579 3486 671 3586; x_wconf 81' lang='grc' dir='ltr'>ἡμᾶς</span> <span class='ocrx_word' id='word_1_232' title='bbox 691 3489 750 3566; x_wconf 83' lang='grc' dir='ltr'>καὶ</span> <span class='ocrx_word' id='word_1_233' title='bbox 768 3496 875 3568; x_wconf 90' lang='grc' dir='ltr'>τοῦτο</span> <span class='ocrx_word' id='word_1_234' title='bbox 893 3493 1020 3568; x_wconf 85' lang='grc' dir='ltr'>παθεῖν</span> <span class='ocrx_word' id='word_1_235' title='bbox 1034 3488 1282 3588; x_wconf 72' lang='grc' dir='ltr'>ιἀτομείναντις</span> 
     </span>
     <span class='ocr_line' id='line_1_27' title="bbox 77 3607 1284 3720; baseline -0.002 -24"><span class='ocrx_word' id='word_1_236' title='bbox 77 3611 309 3720; x_wconf 79' lang='grc' dir='ltr'>πανταχόθεν</span> <span class='ocrx_word' id='word_1_237' title='bbox 332 3617 523 3716; x_wconf 91' lang='grc' dir='ltr'>τοιγαροῦν</span> <span class='ocrx_word' id='word_1_238' title='bbox 545 3615 595 3694; x_wconf 87' lang='grc' dir='ltr'>είς</span> <span class='ocrx_word' id='word_1_239' title='bbox 622 3607 802 3712; x_wconf 83' lang='grc' dir='ltr'>ὀρθότητα</span> <span class='ocrx_word' id='word_1_240' title='bbox 826 3609 1016 3713; x_wconf 81' lang='grc' dir='ltr'>δογμάτων</span> <span class='ocrx_word' id='word_1_241' title='bbox 1037 3611 1284 3715; x_wconf 86' lang='grc' dir='ltr'>περιιστάντες</span> 
     </span>
     <span class='ocr_line' id='line_1_28' title="bbox 78 3733 1312 3890; baseline 0.002 -72"><span class='ocrx_word' id='word_1_242' title='bbox 78 3739 146 3818; x_wconf 78' lang='grc' dir='ltr'>τὸν</span> <span class='ocrx_word' id='word_1_243' title='bbox 173 3737 300 3840; x_wconf 89' lang='grc' dir='ltr'>λόγον,</span> <span class='ocrx_word' id='word_1_244' title='bbox 324 3740 555 3834; x_wconf 79' lang='grc' dir='ltr'>οἰκονομικῶς</span> <span class='ocrx_word' id='word_1_245' title='bbox 587 3733 759 3838; x_wconf 74' lang='grc' dir='ltr'>εἰρηκέναι</span> <span class='ocrx_word' id='word_1_246' title='bbox 788 3733 971 3840; x_wconf 80' lang='grc' dir='ltr'>φαμεν</span> <span class='ocrx_word' id='word_1_247' title='bbox 935 3771 1000 3816; x_wconf 93' lang='grc' dir='ltr'>τον</span> <span class='ocrx_word' id='word_1_248' title='bbox 1021 3737 1203 3840; x_wconf 84' lang='grc' dir='ltr'>Κύριον</span> <span class='ocrx_word' id='word_1_249' title='bbox 1182 3744 1312 3890; x_wconf 82' lang='grc' dir='ltr'>ημῶνο</span> 
     </span>
    </p>
   </div>
   <div class='ocr_carea' id='block_1_3' title="bbox 78 3855 967 3968">
    <p class='ocr_par' dir='ltr' id='par_1_3' title="bbox 78 3855 967 3968">
     <span class='ocr_line' id='line_1_29' title="bbox 78 3855 967 3968; baseline 0.01 -35.104"><span class='ocrx_word' id='word_1_250' title='bbox 78 3863 231 3962; x_wconf 80' lang='grc' dir='ltr'>Ἰησοῦν</span> <span class='ocrx_word' id='word_1_251' title='bbox 249 3855 473 3964; x_wconf 83' lang='grc' dir='ltr'>Χριστὸν</span> <span class='ocrx_word' id='word_1_252' title='bbox 430 3893 478 3938; x_wconf 91' lang='grc' dir='ltr'>τα</span> <span class='ocrx_word' id='word_1_253' title='bbox 496 3859 534 3938; x_wconf 81' lang='grc' dir='ltr'>ἐν</span> <span class='ocrx_word' id='word_1_254' title='bbox 552 3864 604 3966; x_wconf 78' lang='grc' dir='ltr'>τῷ</span> <span class='ocrx_word' id='word_1_255' title='bbox 621 3859 842 3966; x_wconf 78' lang='grc' dir='ltr'>προκειμένῳ</span> <span class='ocrx_word' id='word_1_256' title='bbox 859 3861 967 3968; x_wconf 77' lang='grc' dir='ltr'>ῥητῷ.</span> 
     </span>
    </p>
   </div>
   <div class='ocr_carea' id='block_1_4' title="bbox 83 4086 1285 4226">
    <p class='ocr_par' dir='ltr' id='par_1_4' title="bbox 83 4086 1285 4226">
     <span class='ocr_line' id='line_1_30' title="bbox 120 4086 1285 4160; baseline -0.003 -16"><span class='ocrx_word' id='word_1_257' title='bbox 120 4107 147 4145; x_wconf 95' lang='grc'>1.</span> <span class='ocrx_word' id='word_1_258' title='bbox 167 4087 397 4160; x_wconf 71' lang='grc' dir='ltr'>επεταλμόιινΕ.</span> <span class='ocrx_word' id='word_1_259' title='bbox 408 4087 574 4156; x_wconf 80' lang='grc' dir='ltr'>ενταλμάταν</span> <span class='ocrx_word' id='word_1_260' title='bbox 586 4086 639 4142; x_wconf 83' lang='lat' dir='ltr'>Ed</span> <span class='ocrx_word' id='word_1_261' title='bbox 717 4106 743 4154; x_wconf 89' lang='grc'>4.</span> <span class='ocrx_word' id='word_1_262' title='bbox 761 4087 1013 4160; x_wconf 82' lang='grc' dir='ltr'>ποροδείγματοςΕ.</span> <span class='ocrx_word' id='word_1_263' title='bbox 1026 4087 1220 4158; x_wconf 86' lang='grc' dir='ltr'>παραδείγματα</span> <span class='ocrx_word' id='word_1_264' title='bbox 1234 4087 1285 4148; x_wconf 84' lang='lat' dir='ltr'>Ed.</span> 
     </span>
     <span class='ocr_line' id='line_1_31' title="bbox 83 4157 648 4226; baseline -0.004 -10"><span class='ocrx_word' id='word_1_265' title='bbox 83 4163 128 4216; x_wconf 85' lang='lat'>18.</span> <span class='ocrx_word' id='word_1_266' title='bbox 146 4160 259 4226; x_wconf 69' lang='grc' dir='ltr'>πράδ.</span> <span class='ocrx_word' id='word_1_267' title='bbox 368 4173 413 4226; x_wconf 77' lang='lat'>25.</span> <span class='ocrx_word' id='word_1_268' title='bbox 432 4157 648 4224; x_wconf 79' lang='grc' dir='ltr'>ι’πομείνανταΕ.</span> 
     </span>
    </p>
   </div>
   <div class='ocr_carea' id='block_1_5' title="bbox 0 0 1569 5112">
    <p class='ocr_par' dir='ltr' id='par_1_5' title="bbox 0 0 1569 5112">
     <span class='ocr_line' id='line_1_32' title="bbox 0 0 1569 5112; baseline 0 0"><span class='ocrx_word' id='word_1_269' title='bbox 0 0 1569 5112; x_wconf 95' lang='lat' dir='ltr'> </span> 
     </span>
    </p>
   </div>
  </div>
 </body>
</html>
