3118 5132
307 354 374 420 οτι
613 355 652 422 Β.
676 321 888 422 cmm
917 355 1206 422 ALEXANDR.
1373 349 1514 434 καις.

176 633 181 641 “
258 617 296 675 ²9
310 613 406 681 Τινὲς
436 614 472 681 δὲ
503 615 650 698 ἐδόκουν,
682 617 754 682 ἐπεὶ
789 617 827 684 τό
863 619 1095 696 τκωοοόκομον
1127 611 1212 705 εἶχεν
1243 617 1262 684 ό
1288 613 1427 693 Ἰούδας,
1459 613 1517 678 ὅτι

361 733 452 806 εἶπεν
479 742 570 826 αὐτῷ
599 741 767 808 ὁἸκοοῦς
789 742 970 832 Ἀτόραοον
1003 741 1052 810 ὧν
1084 742 1195 832 χρείαν
1225 741 1344 830 ἔχομεν
1371 736 1418 806 εἰς
1448 737 1517 804 τιίν

276 853 298 918 b
360 865 491 954 ἑορτήν·
528 865 548 932 εί
575 861 644 932 τοῖς
671 862 814 955 πτωχοῖς
840 867 894 934 ἴνα
921 893 951 934 τι
977 867 1034 954 δῷ.

366 1048 425 1124 Οὐ
443 1045 622 1132 συνιέντες
639 1051 672 1127 οί
696 1049 856 1148 μαθηταὶ
880 1054 944 1127 τοῦ
968 1043 1082 1150 λόγου
1106 1044 1174 1146 τὴν
1190 1043 1350 1144 δύναμιν,
1369 1045 1425 1124 ἐπὶ
1443 1041 1518 1128 τάς

309 1165 477 1267 συνήθεις
501 1170 667 1255 ὑπονοίας
692 1171 946 1274 εὐπετέστερον
967 1171 1146 1276 τρέχουσι,
1166 1176 1224 1250 καὶ
1248 1167 1340 1272 ἀπερ
1362 1165 1407 1268 ἦν
1428 1167 1546 1260 ἔθοςο

308 1296 361 1398 τῷ
380 1295 522 1395 Σωτῆρι
538 1291 789 1397 προστάττειν,
807 1303 919 1375 ταῦτα
944 1293 1057 1375 πάλιν
1074 1291 1184 1374 αὐτὸν
1202 1292 1335 1372 οἴονται
1359 1294 1513 1391 δηλοῦν.

308 1411 418 1516 ἐγγὺς
434 1414 506 1518 γάρ
525 1417 639 1517 οὔσης
656 1421 721 1517 τῆς
741 1419 875 1523 ἑορτῆς,
893 1415 1172 1522 προσεδόκησαν
1188 1451 1224 1496 τι
1242 1421 1315 1496 τῶν
1334 1422 1380 1502 εἷς
1398 1413 1517 1514 αὐτὴν

309 1539 515 1638 ἐπιτηδείων
533 1539 747 1643 ἐκπρίασθαι
766 1541 922 1622 κελεύειν
940 1542 1036 1647 αὐτῷ
1053 1545 1105 1649 τῷ
1122 1540 1369 1646 γλωσσόκομον
1382 1537 1516 1642 ἔχοντι,

308 1660 422 1761 ἤγουν
447 1659 612 1761 μάλιστα
639 1659 682 1742 τό
714 1663 811 1770 αὐτῷ
841 1663 1160 1766 περισπούδαστον
1188 1661 1362 1770 ἐξανῦσαι
1392 1693 1517 1764 προσ-

309 1782 460 1880 τάττειν,
490 1783 667 1882 τουτέστι,
696 1783 742 1866 τά
773 1792 847 1870 τοῖς
879 1785 1057 1885 δεομένοις
1088 1789 1283 1890 ἐπαρκέσαι
1312 1783 1547 1884 δυνάμενα,τ

141 1906 403 2024 gfff-exarat
420 1941 463 2009 γε
480 1908 523 1987 τὸ
541 1915 614 1988 τῶν
632 1899 1132 2014 προσκομιζομένωνμεῦρον.
1172 1907 1333 2015 χρηστός
1353 1907 1426 2012 γάρ
1451 1910 1517 1987 καὶ

311 2029 471 2131 ἐλεήμων
509 2033 529 2110 ό
568 2030 712 2136 Κύριος,
748 2031 840 2113 κατά
883 2031 925 2112 τὸ
968 2033 1228 2136 γεγραμμένον.
1286 2033 1435 2136 ἀριστος
1475 2031 1516 2112 δέ

311 2153 461 2260 σφόδρα
497 2157 556 2234 καί
594 2155 679 2256 ἡμῖν
715 2157 834 2240 αι’ποῖς
871 2157 892 2234 ὁ
928 2164 993 2236 τοῦ
1029 2155 1242 2260 πράγματος
1282 2154 1516 2258 εὑρεθήσεται

311 2275 434 2360 τόπος.
486 2281 616 2382 χρῆναι
651 2276 724 2382 γάρ
761 2273 858 2378 οἶμαι
890 2277 973 2362 τοῦς
1004 2277 1180 2382 ἑορτάζειν
1211 2277 1410 2375 ἐθέλοντας,
1440 2311 1511 2357 κα-

311 2405 430 2502 θαρῶς
448 2435 487 2480 τε
506 2404 564 2481 καί
583 2401 809 2505 ἀρεσκόντως
829 2407 923 2510 θεῷ,
942 2403 1023 2507 οὐχί
1039 2401 1151 2502 μόνης
1176 2405 1241 2502 τῆς
1264 2407 1375 2510 σφῶν
1393 2401 1545 2480 αῦτῶνι

312 2525 476 2622 εὐθυμίας
507 2529 689 2606 ποιεῖσθαι
721 2525 849 2627 λόγον,
879 2523 960 2604 οῦδὲ
989 2523 1086 2609 ὅπως
1115 2523 1162 2605 ἀν
1188 2526 1288 2605 αὐτοὶ
1319 2527 1378 2604 καί
1408 2523 1516 2622 μόνοι

312 2651 507 2728 διατελοῖεν
536 2653 671 2751 ίλαρῶς
706 2654 883 2751 προνοεῖν,
911 2649 1197 2730 συναναπλέκειν
1223 2647 1260 2728 δέ
1291 2655 1439 2746 μᾶλλον
1467 2653 1515 2753 τῇ

313 2769 422 2878 οίκείη
439 2773 602 2878 φροντίδι
627 2775 686 2852 καί
708 2769 775 2871 τὴν
794 2773 853 2852 ἐπὶ
875 2779 950 2856 τοῖς
975 2771 1152 2871 δεομένοις
1178 2763 1303 2878 φειδιό.
1341 2768 1422 2852 τότε
1440 2769 1515 2875 γὰρ

313 2891 392 2974 τότε
416 2893 481 2976 τόν
498 2899 562 2996 τῆς
587 2899 636 2980 είς
661 2893 848 2995 ἀλλήλους
871 2894 1016 2998 ἀγάπης
1041 2897 1336 2999 ἀποπληροῦντος
1360 2892 1513 2994 θεσμὸν,

280 3014 441 3122 ᾱέορτῆν
459 3016 569 3103 ὅντως
587 3017 829 3119 πνευματικὴν
847 3020 1102 3118 ἐπιτελέσομεν
1119 3024 1171 3127 τῷ
1189 3023 1331 3123 Σωτῆρι
1348 3022 1513 3125 Χριστῷ.
1529 3045 1544 3086 2

314 3139 496 3244 τοιγάρτοι
513 3145 572 3222 καὶ
597 3143 617 3222 ὃ
642 3141 758 3224 πάλαι
775 3149 849 3228 τοῖς
867 3143 1051 3227 Ἰουδαίοις
1068 3145 1331 3227 διακελευσθεὶς
1350 3139 1458 3241 νόμος
1475 3143 1516 3220 ἐν

314 3271 360 3370 τῆ
378 3273 442 3345 τοῦ
459 3262 576 3364 μάννα
595 3268 808 3371 συγκομιδῇ,
828 3267 870 3345 οῦ
888 3265 1010 3366 μόνοις
1028 3267 1147 3349 αὐτοῖς
1166 3266 1292 3372 ἐφίησι
1315 3263 1516 3366 συλλέγειν

313 3387 397 3472 τοῦς
420 3395 527 3469 τοῦτο
551 3389 721 3493 πράττειν
744 3389 950 3494 ἰσχύοντας·
981 3387 1201 3473 “Ἔκαστος
1226 3387 1310 3492 γὰρ,
1329 3389 1435 3494 φησὶ,
1454 3389 1516 3466 καὶ

313 3520 336 3558 “
353 3518 428 3595 τοῖς
445 3511 642 3612 συσκὴνοις
660 3514 760 3612 ὑμῶν
778 3511 1019 3619 συλλέξατε.”
1057 3517 1087 3592 εί
1105 3511 1177 3615 γάρ
1194 3545 1248 3596 τις
1266 3509 1422 3612 ἠτόνησε
1440 3515 1515 3590 τῶν

312 3633 528 3736 ὁμοσκήνων
544 3637 671 3733 αὐτοῖς,
691 3641 725 3715 οἱ
742 3634 793 3736 μὴ
809 3644 916 3716 τοῦτο
934 3633 1163 3734 πεπονθότες,
1179 3641 1369 3739 κιχρῶντες
1387 3633 1514 3736 ὥσπερ
1528 3665 1549 3710 ι.

312 3758 409 3866 αὐτῷ
433 3756 499 3857 τὴν
519 3761 611 3839 ίδίαν
629 3755 750 3864 ίσχῦν,
770 3757 1004 3862 συνεκόμιζον
1021 3765 1073 3868 τῷ
1098 3758 1215 3868 οἰκείῳ
1239 3756 1358 3868 μέτρῳ
1387 3760 1445 3838 καί
1470 3755 1514 3838 τό

144 3892 185 3946 1b.
197 3892 235 3948 ¹⁸·
312 3888 386 3966 τοῖς
404 3881 534 3985 ἑτέροις
551 3887 693 3985 ἀρκοῦν,
711 3881 771 3962 ἵνα
789 3881 881 3962 κατά
898 3881 941 3964 τό
960 3881 1218 3987 γεγραμμένον,
1238 3881 1339 3982 όμέν
1356 3879 1399 3964 τό
1417 3879 1515 3962 πολὺ

283 4004 364 4107 αμῆ
381 4003 581 4112 πλεονάσῃ,
601 4007 621 4085 ό
643 4003 682 4085 δέ
708 4003 750 4086 τό
775 4003 929 4086 ἐλαττον
946 4005 997 4109 μῆ
1015 4010 1217 4113 ἐλαττωθῆ.
1257 4007 1351 4086 οὕτω
1369 4003 1441 4107 γάρ
1458 4001 1514 4103 ἦν,

314 4128 544 4234 ἀνακράσεως
563 4126 688 4234 ὥσπερ
704 4128 800 4216 τινὸς
820 4130 1024 4232 γενομένης,
1043 4130 1108 4211 τὸν
1125 4133 1189 4231 τῆς
1208 4127 1374 4230 ἰσότητος
1397 4124 1514 4206 ἅπασι

315 4249 497 4354 σεόζεσθαι
521 4253 647 4356 λόγον.
688 4255 804 4334 ἀδικεῖ
828 4263 1020 4358 τοιγαροῦν
1044 4253 1108 4336 τὸν
1131 4261 1209 4338 ταῖς
1236 4253 1355 4356 ἁγίαις
1378 4250 1514 4354 ἑορταῖς
1526 4273 1549 4332 3·

352 4495 376 4534 1.
394 4477 476 4533 ἐδόκει
489 4478 521 4534 Ε.
592 4483 618 4548 8,
629 4499 655 4554 9.
674 4479 1086 4554 ἐπιτηδείον-πιρισποῦδοστον
1098 4498 1152 4538 om.
1162 4481 1196 4538 Ε.
1267 4498 1294 4551 9.
1312 4477 1469 4552 προσκόπει
1480 4475 1514 4532 Ε.

313 4588 358 4640 24.
376 4562 533 4643 τολλέξωόι
547 4575 580 4633 Ε.
684 4591 729 4648 30.
748 4575 877 4634 όδυωῑΕ.
