3200 5092
429 295 472 358 56
725 296 763 360 B.
788 295 996 361 CYRILLI
1026 295 1316 361 ALEXANDR.

428 457 597 568 γραμμὸν
616 462 675 540 καὶ
700 457 758 538 διά
782 459 919 541 τούτων
941 459 1068 558 διδοὺς,
1088 464 1145 540 καὶ
1171 459 1284 541 τόπον
1308 455 1438 538 ἑαυτὸν
1463 493 1474 536 ι

428 579 651 682 Ἐκκλησίας
680 583 912 670 διδασκάλοις
940 587 1124 668 ἀνατιθείς.
1169 591 1198 665 εἰ
1227 583 1300 688 γάρ
1327 585 1388 662 καὶ
1419 580 1472 680 μὴ

430 709 631 812 ὠφελοῖντο
649 707 760 810 τυχὸν
778 706 879 787 ἕνεκά
901 743 943 810 γε
967 713 1031 808 τῆς
1049 713 1159 814 σφῶν
1176 709 1293 788 αιἰτῶν
1310 704 1474 810 μοχθηρί

430 829 573 931 ἐπείπερ
602 827 693 914 εἰκὸς
722 828 932 911 ἀπόνασθαί
958 865 1056 915 τινας
1084 836 1148 930 τῆς
1177 833 1336 910 ἐντεῦθεν
1364 835 1474 908 σπουί

431 950 598 1051 ὀκνητέον
624 956 706 1056 περὶ
733 953 799 1054 τὴν
821 961 894 1034 τῶν
919 953 1181 1060 συμφερόντων
1206 953 1402 1059 ὑφήγησιν.
1442 986 1474 1028 κι

432 1082 554 1159 νῦντες
590 1074 664 1178 γάρ
700 1074 824 1181 ὥσπερ
861 1083 909 1162 εἰς
945 1076 1107 1180 ἄκαρπον
1142 1075 1286 1175 σιωπὴν
1321 1074 1365 1154 τὸ
1403 1079 1474 1153 δοθ

319 1239 324 1248 ·
399 1197 623 1296 Βτάλαντον,
655 1198 828 1296 τουτέστι,
860 1199 926 1300 τὴν
963 1199 1021 1280 διὰ
1057 1208 1121 1280 τοῦ
1156 1198 1365 1347 Πνεόματος
1401 1198 1474 1302 χάρ

433 1324 565 1402 ἐκεῖνον
595 1322 819 1422 ἐσόμεθα
783 1358 847 1404 τον
874 1321 1033 1426 πονηρὸν
1061 1324 1198 1423 οικέτην
1224 1321 1288 1401 τὸν
1316 1321 1447 1420 ἀνέδην

266 1440 389 1570 Ἡδὲ·
433 1450 485 1553 τῷ
517 1445 631 1554 οἰκείῳ
663 1445 823 1553 δεσπότῃ
855 1457 878 1494 “
889 1445 1085 1528 Ἤιδειν
1065 1482 1120 1526 οτι
1155 1445 1316 1548 σκληρὸς
1354 1445 1474 1592 ἀνθρω

268 1585 308 1636 ²⁵·
434 1579 456 1616 “
474 1567 656 1671 θερίζων”
636 1604 726 1650 οπου
751 1572 814 1651 οὐκ
838 1605 1015 1674 εσπειρας,
1034 1605 1093 1650 και
1112 1569 1283 1672 συνάγων
1301 1568 1383 1649 ὅθεν
1400 1602 1442 1646 ου
1430 1569 1474 1644 ’ί

434 1701 456 1739 “
473 1725 597 1788 πισας,
629 1697 687 1772 καὶ
722 1697 895 1799 φοβηθεὶς
931 1693 1122 1798 κατέχωσα
1155 1694 1197 1772 τὸ
1230 1691 1412 1773 τάλαντόν
1445 1726 1474 1770 σ

434 1824 456 1863 “
475 1815 566 1920 ἔχεις
592 1814 634 1894 τὸ
662 1815 764 1900 σόν.”
803 1819 887 1897 ἀλλ’
912 1824 960 1902 εἰς
988 1817 1063 1898 οἷον
1090 1819 1110 1896 ό
1138 1818 1231 1897 οὕτω
1260 1815 1378 1900 δειλὸς
1405 1849 1473 1894 κατ

434 1937 549 2036 τέλος,
568 1944 626 2018 καὶ
652 1940 760 2019 ποίαν
785 1940 940 2046 ἐξῄτησε
964 1941 1074 2040 δίκην,
1094 1939 1184 2042 ἔγνω
1208 1973 1278 2021 που
1302 1937 1448 2022 πάντως
1472 1985 1474 2008 ι

435 2061 553 2163 μαθὴς
584 2069 658 2147 τοῖς
691 2065 935 2166 εὐαγγελικοΐς
966 2065 1034 2168 οὐχ
1069 2061 1175 2171 ἅπαξ
1207 2061 1408 2166 περιτυχὼν
1439 2095 1474 2140 σι

437 2221 563 2285 μασιν.
604 2188 730 2267 οὐκοῦν
754 2189 865 2267 ε’κεῖνο
890 2186 1178 2288 διενθυμούμεθα,
1197 2188 1256 2266 καὶ
1279 2191 1474 2282 σκοπῶμεν

408 2311 486 2394 οώς
513 2307 618 2390 ὄκνου
645 2307 712 2408 μέν
740 2308 976 2414 ἀπηλλάχθαι
1002 2307 1177 2414 προσήκει
1204 2307 1349 2406 παντὸς,
1375 2315 1440 2387 τοῦ
1471 2343 1474 2362 ⁴

436 2435 566 2536 χρῆναι
603 2431 785 2513 διδάσκειν
820 2436 925 2540 φημὶ,
959 2431 1024 2513 τὸν
1060 2438 1108 2518 εἱς
1143 2440 1248 2512 τοῦτο
1285 2465 1474 2536 προκεχειρ

436 2554 631 2657 τρέπεσθαι
661 2553 700 2636 δὲ
728 2555 821 2660 πρὸς
850 2558 1042 2660 ὀλιγωρίας
1072 2558 1245 2655 οὐδαμῶς,
1273 2561 1304 2634 εἰ
1332 2557 1390 2634 καὶ
1421 2553 1471 2654 μὴ

437 2685 511 2762 τοῖς
539 2681 623 2782 παρ’
653 2681 762 2760 αὐτοῦ
789 2679 1070 2760 καταπείθωνται
1097 2678 1231 2782 λόγοις,
1258 2680 1393 2783 χαίροις
1421 2676 1458 2757 δέ

437 2803 493 2907 ἐφ’
528 2800 658 2907 αἷσπερ
695 2803 740 2883 ἀν
774 2803 868 2887 ἀλως
901 2805 1148 2906 ἀποκερδαίνοι
1180 2809 1311 2901 πονῶν,
1342 2805 1470 2882 ἐννοεῖν

437 2922 539 3024 μάλα
575 2925 776 3033 σωφρόνως
812 2924 1012 3006 ἀκόλουθον
1048 2923 1090 3005 τδ
1126 2924 1185 3004 διὰ
1221 2933 1285 3006 τοῦ
1323 2929 1473 3024 Σωτῆρα

270 3041 310 3091 1¹³·
319 3057 344 3090 ¹
355 3054 393 3105 ²⁴⁹
438 3049 621 3152 εἰρημένον
647 3061 668 3098 “
683 3049 814 3130 Οὐκ”
790 3083 870 3129 εστι
898 3046 1106 3148 μαθητὴς
1088 3083 1175 3199 υπερ
1202 3046 1266 3129 τὸν
1293 3047 1473 3129 διδάσκαλι

438 3182 460 3219 “
479 3175 652 3256 δοῦλος
634 3172 722 3276 υπέρ
750 3171 814 3252 τὸν
838 3171 958 3275 κόριον
986 3174 1108 3251 αὐτοῦ.
1147 3171 1296 3275 ἀρκετὸν
1323 3178 1373 3279 τῷ
1402 3178 1472 3269 μοθ

405 3303 461 3372 ἀ“
479 3296 623 3396 γένηται
655 3298 704 3379 ὡς
736 3297 757 3374 ὁ
790 3294 1009 3379 διδάσκαλος
1040 3297 1161 3393 αὐτοῦ,
1192 3297 1250 3374 καὶ
1284 3299 1336 3403 τῷ
1371 3293 1472 3400 δούλη

439 3427 460 3464 “
479 3417 598 3520 κύριος
616 3417 759 3498 αὐτοῦ.”
789 3424 818 3498 εί
842 3416 915 3522 γὰρ
937 3419 979 3498 οὐ
1002 3415 1141 3502 πάντας
1165 3420 1186 3498 ὁ
1206 3418 1338 3521 Κύριος
1360 3419 1467 3498 πείθει

438 3545 510 3618 τῶν
538 3542 771 3643 ἀκροωμένων
796 3540 995 3641 σκαιότητα
1022 3545 1081 3621 καὶ
1107 3541 1408 3645 σκληροκαρδίαν,
1434 3542 1472 3625 τίι

439 3672 569 3743 νοῦντα
587 3661 651 3744 τὸν
668 3666 751 3768 παρ’
771 3665 872 3765 ἡμῶν
890 3664 1087 3745 αἰτιάσεται
1106 3663 1229 3768 λόγον,
1249 3667 1362 3745 καίτοι
1384 3699 1472 3768 προσ

412 3885 417 3898 ἱ
439 3791 658 3869 ἀπαιτοῦντα
677 3790 735 3868 καὶ
753 3790 817 3870 οὐκ
836 3788 880 3896 ἐξ
896 3785 1053 3892 ἀνάγκης
1070 3787 1136 3888 τὴν
1154 3786 1328 3886 σόνεσιν;

475 4057 501 4112 3.
518 4058 616 4112 γιοαι.
629 4039 703 4096 Aub.
810 4042 836 4097 8.
855 4041 992 4111 ιίνοιδῆΒ.
1004 4041 1155 4096 emendavit
1169 4041 1260 4096 Holst.
1376 4057 1413 4095 ιι.
1432 4043 1471 4094 da

439 4129 472 4166 ex
486 4111 509 4165 B
523 4129 555 4165 ex
568 4129 636 4167 corr.
797 4125 839 4181 15.
858 4133 939 4167 εκανο
951 4111 1102 4167 emendant
1113 4121 1144 4166 ut
1156 4111 1335 4166 adnotatae
1346 4111 1471 4167 Aubmi

440 4203 563 4305 λίθω
564 4180 689 4342 νχξέρξῖἓ
693 4183 966 4336 &Uxama
1096 4199 1151 4307 2¹0⁹.
1157 4181 1471 4324 ιᾏῖἶῖίαῖόίοῗίξ,

442 4319 539 4374 Statim
549 4327 724 4377 πονῶνιαιςα
759 4323 976 4394 προνομαίαις
987 4322 1118 4378 Aubertx
1112 4332 1180 4378 mter
1192 4332 1278 4378 notas
1291 4325 1373 4378 τόνων
1384 4322 1432 4376 Ed
