3082 5112
332 329 399 394 276
636 329 676 396 B.
699 327 910 396 CYRILLI
939 327 1226 394 ALEXANDR.
1417 325 1457 388 xi.
1469 321 1512 390 26.

771 549 938 615 Πιοτεύειο
965 550 1094 635 τούτῳ;

392 719 745 826 Προεξηγησάμενος
762 729 827 801 τοῦ
845 720 937 802 κατά
954 720 1063 802 αι’σὸν
1075 719 1276 823 μυστηρίου
1294 716 1360 818 τὴν
1373 716 1512 814 δύναμιν,

336 845 393 923 καῖ
413 843 530 951 δείξας
549 846 705 949 ἐναργῶς
724 842 779 924 ὅτι
806 844 877 949 ζωὴ
901 842 992 926 κατὰ
1018 846 1132 952 φύσιν
1151 846 1230 924 ἐστὶ
1248 845 1307 923 καὶ
1326 838 1417 925 Θεὸς
1434 843 1512 939 ἀλη-

261 956 444 1066 Ὶνθθινὸς,
475 969 620 1048 ἀπαιτεῖ
646 966 713 1068 τὴν
744 970 801 1048 ἐπὶ
833 974 877 1075 τῇ
910 969 1031 1050 πίστει
1062 968 1280 1062 συναίνεσιν,
1311 963 1424 1046 τύιτον
1453 970 1512 1046 ταῖς

335 1090 542 1192 ἐκκλησίαις
560 1089 627 1188 τὸν
649 1092 707 1172 ἐπὶ
733 1092 849 1200 τούτῳ
876 1094 959 1176 θείς.
998 1091 1069 1198 χρὴ
1093 1091 1166 1194 γάμ
1192 1093 1235 1172 ού
1259 1090 1419 1172 διάκενον
1439 1089 1512 1187 ἡμᾶς

336 1221 384 1300 είς
402 1215 490 1320 ἀέρα
506 1217 719 1320 ῥιπτοῦντας
738 1213 875 1322 φωνὴν,
892 1214 935 1296 τὸ
951 1215 1090 1297 σεπτὸν
1108 1217 1298 1317 ὁμολογεῖν
1315 1211 1512 1314 μυστήριον,

336 1340 421 1418 ἀλλ’
442 1341 479 1419 ἐν
504 1340 631 1446 καρδίᾳ
660 1342 717 1419 καὶ
747 1344 797 1448 νῷ
823 1339 889 1440 τὴν
913 1339 1038 1422 πίστιν
1060 1337 1292 1445 ριζώσαντας,
1310 1334 1447 1440 καρπὸν
1466 1343 1512 1415 τοί

335 1459 548 1566 πράγματος
565 1468 745 1544 ποιεῖσθαι
763 1460 830 1563 τὴν
848 1465 1056 1567 ὁμολογίαν·
1077 1461 1147 1570 χρὴ
1165 1462 1202 1543 δέ
1219 1460 1401 1544 πιστεύειν
1417 1461 1512 1539 ἐνδοι·

337 1595 458 1687 ασμοῡ
485 1621 580 1671 τινος
607 1588 691 1692 δίχα
718 1591 778 1667 καὶ
805 1586 988 1695 διψυχίας.
1028 1583 1203 1692 ὑβριστὴς
1230 1585 1303 1689 γάρ
1330 1587 1351 1664 ὁ
1381 1585 1512 1688 δίψυχο.

168 1733 289 1786 asam
337 1713 396 1790 καὶ
421 1709 593 1815 χωλεύων
609 1714 690 1815 περὶ
711 1708 779 1812 τὴν
795 1711 934 1792 πίστιν·
975 1709 1035 1792 διά
1051 1719 1157 1792 τοῦτο
1176 1713 1234 1790 καὶ
1252 1721 1274 1756 “
1285 1705 1512 1788 ἀκατάστατοι

169 1801 202 1898 8'·
337 1843 359 1881 “
377 1836 414 1914 ἐν
431 1833 567 1918 πάσαις
589 1842 667 1921 ταῖς
689 1837 784 1919 ὁδοῖς
802 1836 944 1916 αύτού.”
982 1833 1106 1916 εῖδέναι
1124 1833 1237 1938 γεμὴν
1256 1831 1512 1935 ἀναγκαῖον,ἀτ

302 1963 421 2067 ἆθεῷ
444 1963 508 2058 τῆς
531 1961 689 2044 πίστεως
713 1957 780 2060 τὴν
799 1961 997 2061 ὁμολογίαν
1015 1959 1221 2059 ποιούμεθα,
1240 1958 1308 2038 κάν
1327 1959 1370 2037 δι’
1391 1955 1512 2058 ἀνθρώ

335 2118 416 2164 πων
437 2082 666 2186 ἐρωτώμενοι,
684 2091 757 2164 τῶν
779 2089 944 2187 ἱερᾶσθαι
969 2082 1157 2189 λαχόντων
1180 2085 1284 2190 φημὶ,
1302 2079 1344 2161 τό
1366 2077 1512 2161 Πιστεύι

336 2206 489 2309 λε’γομεν
502 2209 599 2312 ἐντῇ
616 2207 829 2314 παραλήψει
847 2217 910 2288 τοῦ
929 2209 1033 2310 ἁγίου
1051 2209 1315 2306 βαπτίσματος.
1345 2202 1512 2286 πάνδεινα

337 2331 400 2411 οὖν
419 2331 489 2434 ἀρα
507 2329 549 2411 τὸ
572 2331 845 2438 διαψεύσασθαι
867 2334 925 2411 καὶ
945 2335 1219 2434 παρολισθῆσαι
1237 2327 1327 2433 πρὸς
1345 2329 1512 2410 ἀπιστίαν

336 2454 395 2534 ἵνα
422 2453 473 2556 μὴ
501 2459 560 2534 καὶ
588 2453 762 2556 δικαστὴν
787 2457 845 2536 καὶ
872 2452 1037 2559 μάρτυρα
1064 2457 1233 2540 ἀπονοίας
1261 2455 1400 2560 ἔχωμεν
1427 2453 1512 2533 αι’τὸι

337 2577 402 2658 τὸν
428 2577 574 2658 πάντων
602 2579 799 2679 Δεσπότην
827 2578 981 2681 λε’γοντα
1009 2589 1030 2626 “
1046 2582 1118 2659 Καὶ
1156 2578 1226 2682 ἐγὼ
1263 2579 1411 2682 μάρτυς,
1442 2584 1511 2682 φηο

339 2713 361 2752 “
382 2702 550 2805 Κύριος.”
581 2701 808 2806 ἐπιτηρητέον
827 2703 864 2783 δέ
887 2701 942 2782 ὅτι
962 2700 1128 2806 Λαζάρου
1150 2704 1310 2803 κειμένου
1327 2706 1388 2782 καὶ
1407 2707 1509 2799 τεθιη

339 2825 452 2924 κότος,
473 2823 561 2928 ύπέρ
580 2827 688 2906 αὐτοῦ
705 2825 840 2930 τρόπον
858 2825 938 2906 τινά
960 2825 1002 2906 τὸ
1027 2826 1174 2929 γύναιον
1191 2828 1379 2934 ἐξαιτεῖται
1397 2823 1462 2924 τὴν
1479 2826 1511 2902 ἐτι

310 2956 384 3057 στῇ
402 2951 523 3030 πίστει
542 2951 764 3032 συναίνεσιν·
793 2951 852 3030 ἵνα
869 2949 982 3030 πάλιν
1001 2951 1021 3030 ὁ
1043 2949 1155 3034 τύπος
1172 2954 1210 3032 ἐν
1227 2958 1305 3036 ταῖς
1330 2949 1511 3050 ἐκκλησία

340 3074 491 3181 ἰσχύσῃ·
522 3073 581 3155 ὅτε
600 3072 671 3178 γάρ
689 3071 868 3178 ἀρτιγενές
886 3072 1110 3178 προσάγεται
1126 3076 1273 3183 βρέφος,
1292 3073 1315 3176 ἢ
1337 3079 1404 3176 τῆς
1429 3105 1510 3170 κατη

339 3197 481 3304 χήσεως
506 3195 548 3278 τὸ
573 3199 713 3304 χρίσμα
739 3203 878 3296 λαβεῖν,
901 3197 980 3298 ἤτοι
1003 3196 1046 3277 τὸ
1071 3202 1134 3298 τῆς
1158 3199 1376 3284 τελειώσεως
1403 3201 1461 3278 ἐπὶ
1487 3230 1510 3274 τι

291 3415 297 3427 „
340 3323 432 3430 ἀγίιρ
459 3322 738 3421 βαπτίσματιὸ
765 3319 967 3426 προσάγων
989 3319 1077 3425 ύπέρ
1105 3323 1215 3402 αὐτοῦ
1242 3321 1284 3401 τό
1309 3320 1431 3422 Ἀμὴν
1456 3323 1510 3399 ἀνι

341 3453 465 3553 φωνεῖ.
507 3444 595 3547 ύπέμ
617 3445 655 3526 δέ
679 3451 752 3526 τῶν
770 3443 908 3551 ἐσχάτῃ
934 3443 1033 3554 νόσῳ
1058 3440 1359 3546 κατειλημμένων,
1377 3442 1510 3546 μελλὸν

340 3603 413 3650 των
435 3603 474 3650 τε
503 3568 562 3649 διὰ
589 3577 695 3650 τοῖπο
722 3567 973 3672 βαπτίζεσθαι,
996 3573 1055 3650 καὶ
1080 3567 1345 3652 ἀποτάττονταί
1365 3605 1459 3654 τινες
1484 3603 1509 3647 κι

341 3691 611 3790 συντάττονται,
649 3693 714 3794 τὴν
752 3695 883 3774 οἰκείαν
918 3691 1042 3798 ὥσπερ
1086 3694 1131 3803 ἐξ
1169 3693 1311 3798 ἀγάπης
1351 3701 1509 3802 κιχμιῖντ

379 3929 459 3983 2-p.
470 3925 530 3985 τῃ,
542 3933 568 3981 4.
589 3912 649 3970 Hoc
667 3914 787 3970 scholion
806 3914 932 3970 exhibent
947 3913 1007 3970 Cat.
1021 3913 1098 3970 Harl.
1112 3931 1135 3971 ο.
1150 3913 1242 3980 Οοτδ,
1261 3915 1375 3970 Niketae
1393 3925 1487 3970 autem
1504 3915 1509 3968 ί

342 3983 417 4040 δοσις
429 3984 479 4038 alia
492 3984 580 4055 (cujus
593 3985 646 4038 a.k.
659 3986 829 4056 exemplaria)
842 3986 949 4041 omittit.
1124 4001 1150 4040 2.
1168 3985 1223 4040 καθ
1236 3987 1332 4040 ἑαυτῶν
1345 3986 1409 4057 (sic)
1425 4005 1449 4040 c.
1464 3985 1509 4038 Co1

343 4071 369 4124 3.
387 4052 486 4125 δείξας]
500 4055 605 4124 διδάξας
617 4073 640 4110 c.
654 4055 736 4110 Cord.
867 4075 893 4122 4.
911 4055 1060 4112 συναίνεσιν
1072 4073 1095 4111 e.
1109 4055 1192 4111 Cord.
1206 4055 1312 4112 σύνεσιν
1324 4055 1384 4110 Cat.
1401 4057 1481 4110 Harl.
1495 4055 1509 4110 F

343 4139 369 4195 5.
388 4125 467 4181 τιθείς
479 4143 501 4180 υ.
515 4125 597 4180 Cord.
699 4127 724 4180 8.
743 4125 868 4196 ποιῆσθαι
880 4127 942 4197 (εἰς)
955 4145 979 4181 c.
1034 4127 1085 4199 χρὴ
1098 4127 1126 4181 δέ
1139 4145 1163 4182 c.
1176 4126 1257 4181 Cord.
1271 4128 1312 4181 καὶ
1325 4127 1385 4182 cat.
1401 4128 1482 4182 Harl.
1496 4127 1508 4180 I

346 4212 387 4249 ιτ.
405 4194 498 4267 γεμην]
517 4219 550 4251 σε
566 4195 617 4266 μὴν
630 4195 756 4251 codicem
774 4213 830 4251 non
849 4215 953 4268 semper
970 4197 1046 4252 facile
1064 4196 1208 4268 legendum
1223 4199 1267 4251 vix
1285 4199 1378 4269 legens
1398 4197 1508 4252 Aubem

346 4283 387 4320 ιτ.
407 4266 453 4334 τὴν
464 4283 518 4322 om.
531 4266 604 4322 Aub.
697 4283 739 4339 13.
757 4269 826 4339 φημὶ
838 4286 862 4323 ο.
877 4267 958 4323 Οοτδ.
970 4269 1057 4340 φαμὲν
1069 4267 1129 4322 Cat.
1143 4267 1219 4322 Harl.
1233 4267 1285 4322 Ed.
1373 4285 1417 4335 ι4.
1437 4269 1471 4322 λέ
1504 4293 1508 4335 η

342 4345 514 4406 assumptum
526 4355 558 4390 ex
571 4354 594 4392 c.
609 4336 691 4392 Cord.
940 4339 981 4393 16.
1000 4340 1078 4393 αὐτὸν
1089 4340 1189 4410 ἔχωμεν
1199 4339 1306 4394 inverso
1318 4337 1414 4393 ordine
1427 4357 1452 4394 c.
1484 4341 1490 4360 '

346 4407 387 4460 18.
406 4409 711 4478 nalassumptumexc.
725 4407 808 4464 Cord.
908 4425 949 4480 19.
967 4409 1064 4478 ἐξαιτεῖ
1075 4427 1098 4463 c.
1113 4409 1195 4464 Cord.
1297 4426 1341 4465 20.
1361 4411 1508 4466 σννοίνεσιι

344 4475 426 4530 cord.
440 4475 548 4531 σύνεσιν
560 4477 619 4534 Cat.
635 4477 711 4534 Harl.
725 4478 798 4534 Aub.
873 4479 1310 4552 21.hansumptumexc.cord.
1391 4496 1440 4548 2⁴·
1460 4483 1508 4536 νόο

343 4547 543 4616 κατηλημμένων
554 4565 578 4602 c.
686 4565 729 4616 25.
749 4571 776 4603 τε
789 4567 843 4605 om.
855 4567 878 4606 c.
893 4549 975 4605 Cord.
