3274 5118
116 399 214 465 ηρ,
230 397 279 444 10.
309 377 367 443 IN
397 377 433 445 S.
455 377 713 446 JOANNEM.
759 379 857 446 ΙιΙΒ.
880 381 921 446 Χ.
967 381 1144 448 CARII.
1253 382 1314 448 571

116 575 192 624 των
219 541 476 644 ἀποτελεστῖρς,
500 543 595 644 μένω
622 578 662 624 τε
690 541 748 625 διδ
769 553 877 626 τοῦτο
893 547 951 626 καὶ
969 545 1153 650 ἀραρότως
1171 543 1351 648 ἡγαπη-ι1

116 665 235 768 μένος.
266 669 351 747 ἀλλ’
371 667 458 748 ὅταν
475 667 631 770 γένησθε
649 670 707 749 καὶ
733 669 833 750 αὐτοὶ
861 675 934 750 τῶν
956 671 1050 770 ε’μῶν
1068 669 1229 776 φύλακες
1257 670 1315 749 ἐν·

116 797 251 885 τολῶν,
270 789 361 871 κατά
388 789 453 872 τὸν
479 790 563 872 ἴσον
590 790 726 896 τρόπον
749 797 874 897 μενεῖτε
895 791 1039 878 πάντως
1068 801 1097 874 ἐν
1125 801 1164 904 τῇ
1191 793 1318 908 ἀγάπη

116 919 165 1019 τῇ
182 916 261 1020 ἐμῇ.
305 912 588 1024 ἀπροφάσιστον
606 915 644 996 δέ
660 915 727 1016 τὴν
743 921 792 1000 εἱς
811 924 929 1016 τοῦτο,
949 921 1076 1023 φησὶν,
1093 916 1190 1024 ἕξετε
1209 918 1319 1024 ῥᾳθυ-

84 1038 218 1138 5μίαν·
255 1038 298 1118 ού
323 1037 395 1143 γάρ
424 1041 553 1140 ἀμισθὶ
582 1039 647 1120 τὸν
676 1042 733 1121 ἐπὶ
762 1040 900 1125 τούτοις
931 1044 1062 1142 ἱδρῶτα
1092 1038 1316 1139 διατλήσετε.

119 1160 332 1273 φανήσομαι
358 1159 430 1266 γὰρ
457 1162 640 1264 τοσαύτην
668 1165 750 1262 ῦμῖν
777 1162 918 1248 ἐπιδούς
945 1159 1012 1264 τὴν
1039 1163 1197 1265 ἀγιίπην,
1226 1163 1320 1263 όσην

119 1284 227 1369 αῦτὸς
264 1283 335 1434 ἔχω
363 1283 463 1389 παρὰ
497 1285 653 1390 Πατρός,
684 1289 754 1367 καί
775 1289 968 1392 μονονουχὶ
1004 1294 1082 1372 ταῖς
1112 1284 1319 1390 ίσοῤῥόποις

118 1415 237 1508 τιμαῖς
266 1408 331 1489 τὸν
357 1415 430 1489 τῶν
457 1411 553 1509 ἐμῶν
578 1411 702 1513 λόγων
734 1409 885 1517 φύλακα
912 1411 1174 1516 στεφανῶνᾋ
1156 1409 1216 1557 εμὲ
1246 1405 1318 1510 γάρ

67 1531 406 1740 10ὑπερύψωσεν
391 1569 411 1612 ο
441 1533 626 1634 Πατὴρ,’
608 1531 802 1640 εχαρίσατό
837 1569 876 1614 τε
909 1532 988 1615 “τδ
1018 1533 1130 1632 ὄνομα
1159 1531 1201 1612 τὸ
1229 1529 1386 1680 ι’νιτέρο9
1362 1526 1469 1580 m

120 1662 232 1736 “πάν
253 1654 388 1756 ὅνομαῖ
390 1656 759 1758 ’ἀναδέδειγμαι
714 1691 787 1760 γαρ
813 1665 887 1738 τῶν
905 1657 1003 1738 ὅλων
1023 1654 1126 1756 Θεὸς,
1145 1655 1230 1736 ἀλλ
1251 1655 1318 1760 οὐχ

67 1699 313 1876 ωάλῶσομαι
336 1777 521 1876 βάσκανος
552 1780 632 1861 οὐδὲ
659 1787 731 1861 τῶν
760 1780 930 1862 τοιούτων
960 1783 1042 1879 ὑμῖν
1069 1776 1319 1887 διαφθονήσας

121 1906 281 2006 ἀγαθῶν·
314 1904 524 2007 ἀνθρώπους
543 1903 615 2008 γάρ
634 1903 750 2002 ὄντας,
769 1905 904 2006 δούλην
922 1939 960 1984 τε
980 1903 1038 1984 διά
1056 1912 1161 1984 τοῦτο
1179 1901 1317 2008 λαχόν-

120 2061 185 2110 τας
212 2025 279 2128 τὴν
306 2028 431 2134 φύσιν,
459 2027 560 2112 θεοῦς
588 2031 647 2110 καὶ
674 2028 769 2114 υῖοῦς
796 2029 964 2135 ἀπέδειξα
997 2034 1104 2125 Θεοῦ,
1128 2033 1202 2111 τοῖς
1231 2023 1319 2123 ὑπὲρ

120 2149 236 2256 φύσιν
254 2151 436 2258 ἀξιώμασι
464 2153 753 2260 καταφαιδρόνας
781 2152 901 2232 διὰ
858 2188 921 2254 της
949 2150 1109 2257 χάριτος,
1132 2145 1319 2230 κοινωνούς

69 2309 106 2370 15
120 2311 186 2378 της
205 2281 291 2380 ε’μῆς
308 2281 501 2375 βασιλείας
522 2279 767 2388 είσεδεξαμην,
786 2280 1024 2387 συμμόρφους
1043 2276 1256 2383 ἀπεδειξα“
1267 2280 1318 2383 τῷ
1364 2275 1434 2392 ξξ
1417 2293 1453 2327 ¹¹¹·

120 2401 304 2500 “σῶματι
321 2407 385 2504 τῆς
404 2403 541 2512 δόξης”
562 2409 626 2504 τῆς
644 2408 742 2504 ἐμῆς,
758 2403 949 2511 ἀφθαρσία
965 2403 1135 2502 τετίμηκα
1153 2434 1211 2480 και
1198 2397 1315 2504 ζωῇ.

120 2523 222 2605 ἀλλά
247 2533 359 2607 ταῦτα
386 2526 452 2626 μέν
470 2531 508 2608 ἐν
524 2529 661 2626 ἐλπίσι,
680 2531 738 2609 καὶ
765 2533 813 2613 εἷς
837 2531 948 2608 αἰῶνα
972 2534 1128 2630 τηρεῖται
1145 2521 1208 2605 τδν
1225 2523 1314 2622 μέλ-

120 2659 247 2729 λοντα.
287 2651 327 2730 τί
350 2649 388 2730 δέ
416 2649 460 2750 δὴ
483 2655 540 2732 καὶ
566 2657 614 2736 εἰς
637 2650 679 2732 τὸ
697 2649 841 2756 παρόν;
871 2647 925 2754 ἀρ’
947 2651 1025 2755 οῦχῖ
1053 2645 1242 2753 λαμπροῦς
1259 2647 1346 2727 καῖα
1368 2667 1486 2725 om.

121 2773 407 2880 δεδοξασμένους
434 2775 612 2881 ἀπέφηνα,
640 2773 796 2860 σεπτοῦς
824 2773 861 2855 δέ
889 2777 968 2881 ούχὶ
995 2772 1096 2878 παρά
1123 2779 1217 2854 πᾶσι
1244 2777 1318 2855 τοῖς

68 2941 108 2981 20
122 2897 304 3004 φιλοθέοις
339 2897 578 2999 κατέστησα;
626 2901 739 2979 καίτοι
775 2906 849 2984 τοῖς
886 2900 1045 2983 ἀνοσίοις
1081 2893 1319 2996 ἐπετιμήσατε

123 3020 284 3120 δαίμοσι,
318 3033 340 3070 “
353 3029 480 3102 πᾶσαν
509 3023 619 3103 νόσον
649 3027 706 3101 καὶ
741 3029 867 3102 πᾶσαν
893 3022 1105 3121 μαλακίαν”
1140 3018 1320 3126 ἐπέτρεψα
1364 3006 1487 3134 ᾗξξέξὼ·

122 3145 337 3315 θεραπεύειν,
361 3144 630 3249 ἐπηγγειλάμην
658 3145 776 3247 λέγων
804 3155 826 3193 “
836 3143 1001 3245 Ἀμην’
980 3178 1075 3244 αμην
1103 3141 1245 3245 λέγω
1228 3149 1320 3292 νμῖν,
1365 3151 1468 3264 ξξξΡῖ,

122 3267 382 3350 “ὁπιστεύων
400 3275 448 3354 εὶς
466 3268 536 3369 ἐμὲ,
556 3267 603 3350 τά
620 3267 745 3373 ἔργα
726 3303 751 3348 α
772 3267 843 3372 ἐγὼ
867 3274 958 3349 ποιῶ
985 3269 1142 3350 κάκεῖνος
1164 3267 1319 3367 ποιήσει,

123 3401 224 3472 “και
210 3391 382 3496 μείᾷινα
399 3393 535 3474 τούτων
547 3390 725 3493 ποιήσει.”
754 3389 867 3472 τοῦτοί
885 3426 962 3475 πως
979 3399 1053 3476 τοῖς
1072 3391 1185 3493 ἁγίοις
1204 3395 1320 3490 μαθη-

71 3543 109 3607 α5
124 3523 202 3600 ταῖς
225 3517 422 3617 οἰησόμεθα
445 3517 566 3620 λέγειν
591 3515 700 3598 αὐτὸν
727 3513 790 3596 τὸν
807 3521 880 3596 τῶν
897 3509 1137 3619 προκειμένων
1155 3515 1318 3612 ἀναματ-

123 3637 264 3740 τόμενοι
283 3649 379 3722 νοῦν.
418 3649 604 3747 πανταχοῦ
623 3639 661 3720 δέ
685 3647 760 3724 τοῖς
783 3643 845 3739 τῆς
873 3639 1041 3738 ἀληθείας
1070 3638 1229 3740 δόγμασι
1257 3637 1321 3737 τὴν
1334 3647 1355 3712 b

124 3763 283 3846 διάνοιαν
308 3763 578 3873 ῦπαζεύξαισες,
606 3766 664 3845 καὶ
689 3763 735 3844 τά
761 3763 1059 3866 παρεμπίπτοντα
1086 3768 1160 3840 τῶν
1185 3767 1320 3866 θεωρη·

122 3887 258 3988 μοίτων,
278 3892 327 3974 ῶς
351 3889 411 3988 ἐνι,
432 3896 553 3975 καλῶς
573 3895 650 3972 ταῖς
674 3893 722 3972 εἰς
745 3886 930 3984 εύσεβειαν
948 3884 1087 3990 τέχναις
1111 3889 1159 3968 είς
1182 3882 1224 3964 τὸ
1249 3891 1323 3968 τοῖς

123 4011 360 4116 ἀκροωμένοις
396 4011 583 4098 λυσιτελές
614 4009 895 4116 περιτρεῖτοντες,
929 4009 972 4090 τῦ
1005 4015 1094 4110 γοῦν
1125 4005 1323 4115 σκανδαίλιρ

71 4175 110 4234 30
124 4171 193 4219 τινι
219 4144 424 4242 περιπεσεῖν
449 4138 606 4238 ἀνοήτως
636 4133 912 4244 διαφευξόμεθα.
959 4135 1159 4282 γεγραπται
1186 4131 1259 4236 γάρ
1285 4134 1324 4212 ἐν
1369 4221 1433 4272 M

123 4262 249 4369 βίβλῳ
278 4265 441 4364 ψαλμῶν
470 4271 492 4308 “
506 4259 640 4365 Ειρήνη
665 4258 790 4359 πολλὴ
818 4267 892 4344 τοῖς
919 4259 1091 4360 ἀγαπῶσι
1120 4291 1184 4338 τον
1214 4253 1323 4362 νόμον
1367 4288 1451 4338 miii.

126 4395 149 4434 ‘⁶
166 4419 247 4486 σου,
267 4419 325 4467 και
343 4385 408 4466 οῦκ
427 4384 527 4466 ἔστιν
546 4385 665 4469 αῦτοῖς
683 4382 923 4464 σκάνδαλονά
1371 4352 1424 4416 ¹⁶⁵

599 4631 640 4686 19.
658 4612 807 4684 ἀπεφήνατο
822 4613 853 4667 E.

680 4715 702 4774 4
718 4716 738 4759 D
756 4715 774 4764 2
