3274 5118
287 237 350 300 602
590 237 628 300 B.
653 236 865 301 CYRILLI
894 236 1184 302 ALEXANDR.
1363 251 1415 294 Π·
1432 246 1483 310 23·

253 398 329 478 brb
359 399 455 486 τινὸς
487 399 694 507 ἐκπεφυκὸς,
722 404 906 482 ἐπαινέσω
934 401 976 484 τὸ
1004 403 1048 510 ἐξ
1071 401 1180 504 οὗπέρ
1207 402 1295 480 ε’στι.
1341 393 1401 474 διά
1427 425 1483 470 τοι

288 531 394 602 τοῦτο
412 531 485 608 τοῖς
499 526 681 610 Ἰουδαίοις
699 527 770 631 ἔφη
783 525 945 630 Χριστός
964 537 986 574 “
998 529 1056 607 Ού
1070 526 1216 606 δύναται
1230 525 1374 625 δένδρον
1392 521 1484 619 ἀγα-

289 653 311 691 “
328 645 393 725 obv
405 647 560 749 καρποὺς
577 648 753 752 πονηρούς
772 657 895 748 ποιεῖν,
907 650 987 730 οὐδὲ
1005 651 1150 753 δένδρον
1166 645 1312 748 σαπρὸν
1325 639 1485 746 καρπούς

288 778 309 815 “
327 769 484 872 ἀγαθούς
501 775 650 852 ποιεῖν·”
680 773 739 854 ὅτε
762 777 821 854 καὶ
842 773 908 874 τὴν
932 777 989 855 ἐπὶ
1011 774 1126 881 τούτῳ
1149 770 1327 874 διάκρισιν
1351 770 1483 869 ἀκριβῆ

287 925 325 970 τε
350 895 408 972 καὶ
430 897 675 994 ἀνεπίληπτον
693 897 908 978 διεκελεύετο
929 903 1110 979 ποιεῖσθαι
1136 893 1220 974 “Ἧ
1239 891 1415 992 ποιήσατε
1442 889 1518 968 τὸ5

287 1025 308 1061 “
328 1015 472 1119 δένδρον
503 1018 648 1122 σαπρὸν
681 1024 737 1100 καὶ
771 1020 835 1101 τὸν
868 1021 1006 1125 καρπὸν
1038 1021 1147 1101 αὐτοῦ
1174 1015 1351 1120 σαπρόν.”
1394 1015 1484 1116 ὅπερ

286 1138 356 1242 γὰρ
376 1139 420 1219 ἂν
440 1144 521 1222 καθ’
543 1142 621 1227 ἑνὸς
645 1149 717 1222 τῶν
742 1143 912 1224 τοιούτων
936 1143 1146 1245 ἀληθεύοιτο
1168 1140 1288 1247 τυχὸν,
1305 1146 1412 1219 τοῦτο
1438 1137 1483 1236 δὴ

284 1265 428 1348 πάντως
448 1265 578 1366 διήκειν
602 1269 654 1348 ἐπ’
676 1269 812 1374 ἀμφοῖν
831 1265 1023 1370 ἀναγκαῖός
1045 1301 1099 1351 τις
1125 1263 1223 1365 οἶμαι
1246 1262 1483 1366 παρατρίψει.

285 1395 368 1484 μιᾶς
403 1387 474 1491 γὰρ
505 1389 661 1495 φύσεως,
690 1397 768 1475 πῶς
800 1392 879 1496 οὐχὶ
913 1390 957 1491 δὴ
989 1387 1133 1474 πάντως
1167 1387 1269 1468 κοινὰ
1287 1387 1404 1467 ’ἔσται
1436 1385 1483 1464 τὰ

256 1510 480 1610 οὴττῶμευα,
514 1514 626 1612 ἤγουν
654 1517 711 1594 καὶ
742 1514 869 1615 ἑτέρως
897 1514 1216 1617 καταλαμπρύνειν
1242 1509 1382 1607 εἰδότας
1423 1511 1483 1588 καὶ
1502 1544 1542 1584 ιο

286 1634 373 1737 ὅπερ
398 1633 442 1715 διν
460 1635 607 1737 δράσειέ
629 1672 681 1720 τις
700 1645 748 1722 εἱς
765 1636 807 1718 τὸ
827 1638 865 1718 έκ
883 1673 979 1722 τινος
996 1642 1128 1740 πηγῆς,
1148 1644 1254 1717 τοῦτο
1277 1633 1321 1735 δὴ
1338 1633 1484 1719 πάντως

285 1757 461 1860 δεδρακιδς
483 1757 527 1839 ἀν
545 1761 597 1861 εἴη
616 1764 673 1840 καὶ
696 1769 744 1845 εὶς
763 1759 873 1861 αὐτὴν
890 1760 957 1861 τὴν
974 1760 1108 1865 πηγήν.
1150 1758 1209 1841 διά
1233 1759 1339 1840 τοῖιτό
1366 1765 1484 1864 φησιν

119 514 242 565 S.Matth.

120 582 162 630 vii.
173 583 210 632 18.

285 1883 305 1962 ὁ
324 1882 485 1986 Χριστὸς
510 1883 565 1964 ὅτι
584 1894 598 1966 o'
618 1883 678 1990 ἐμὲ
696 1885 805 1990 μισιῖν
829 1893 888 1965 καὶ
912 1886 966 1966 τὶν
985 1883 1124 1994 Πατέρα
1147 1923 1214 1994 μιν
1238 1888 1344 1993 μισεῖ.
1384 1881 1485 1991 φέρει

285 2003 322 2084 δέ
350 2008 537 2110 χρησίμως
560 2011 617 2088 καὶ
636 2015 685 2092 εἰς
706 2007 747 2088 τὸ
776 2017 839 2088 τοῦ
860 2009 1006 2113 Πατρδς
1033 2008 1245 2112 πρόσωπον,
1263 2009 1353 2109 ἅπερ
1372 2008 1484 2090 ἀνεὶς

284 2127 392 2210 αὑτὸν
409 2133 619 2236 ἐπιχειροῖτο
637 2132 736 2234 παρά
753 2167 870 2214 τινων.
908 2130 1188 2236 πληροφορήσει
1206 2128 1272 2228 μὲν
1291 2127 1362 2232 γὰρ
1379 2127 1482 2209 οὐδέν
1500 2159 1538 2218 15

283 2251 391 2350 ἦττον
409 2253 500 2352 ἡμᾶς
526 2253 584 2334 διὰ
610 2253 745 2336 τούτων
763 2263 836 2335 τῶν
855 2254 992 2356 λόγων,
1014 2259 1062 2338 ὡς
1085 2255 1151 2360 ούχ
1175 2251 1290 2356 ἕτερός
1310 2285 1364 2336 τις
1381 2254 1483 2331 ἐστὶν

272 2377 332 2458 ’ὡς
356 2374 447 2478 πρὸς
473 2377 590 2474 αὐτὸν,
621 2379 713 2458 κατά
743 2413 784 2480 γε
819 2377 882 2460 τὸν
914 2382 952 2459 εὐ
984 2379 1175 2478 ταυτότητι
1206 2383 1252 2482 τῇ
1285 2375 1377 2456 κατὰ
1408 2382 1483 2455 πᾶν

285 2499 454 2606 νοουμένη
482 2500 605 2604 λόγον.
662 2511 859 2584 καταπτοεῖ
889 2501 927 2584 δέ
958 2504 1050 2606 πρὸς
1082 2500 1197 2609 τούτῳ
1227 2499 1310 2586 τοὺς
1340 2499 1479 2602 ἀκροω-

251 2625 418 2721 δμένους,
433 2625 624 2731 σφαλερὸν
641 2626 692 2706 έτι
710 2626 844 2711 δεικνύς
862 2625 905 2707 τὸ
924 2630 980 2708 ε’πῖ
997 2633 1048 2735 τῷ
1067 2633 1188 2726 μισεῖν
1206 2622 1315 2704 αὐτὸν
1334 2623 1483 2701 ἑλέσθαι

26 2721 114 2873 k]
259 2750 547 2851 ,πλημμέλημα
566 2749 765 2851 εύσύλητόν
783 2786 821 2830 τε
840 2755 898 2830 καὶ
919 2753 1195 2852 ἀνεπικούρητον
1214 2749 1366 2828 ἔσεσθαι
1383 2781 1478 2826 ποιν-
1499 2781 1539 2820 20

111 2876 159 2922 ι,
173 2879 183 2886 .

285 2879 397 2956 τελῶς
424 2872 488 2952 τὸν
512 2875 609 2982 αύτῷ
631 2873 681 2975 μὴ
706 2881 923 2978 προσκυνεῖν
947 2878 1190 2980 ἐπιχειροῦντα
1216 2871 1481 2976 διισχυρίζεται,

285 2994 345 3076 ἅτε
364 2996 407 3094 δὴ
422 2999 480 3076 καὶ
499 3003 546 3082 εἷς
566 2995 653 3077 αὐτὸ
672 2996 714 3077 τὸ
730 3007 794 3078 τοῦ
809 2997 955 3100 Πατρδς
972 2999 1253 3100 ε’μπαροινοῦντα
1266 2995 1478 3100 πρόσωπον.

284 3122 597 3222 συναγανακτήσει
627 3119 699 3225 γὰρ
728 3119 882 3218 πάντως,
912 3126 960 3206 ὡς
988 3121 1295 3226 συνυβριζδμενος,
1324 3121 1375 3225 τῷ
1404 3119 1481 3225 ὶδιίρ

283 3243 486 3345 γεννήματι.

334 3362 423 3446 Ὀτι
447 3366 486 3446 δὲ
510 3366 592 3454 τοὺς
612 3369 733 3470 ἁγίους
753 3366 983 3451 ἀποστόλους
1001 3367 1282 3466 εὐτολμοτάτους
1299 3367 1403 3446 ε’τύθει
1421 3366 1480 3445 καὶ
1498 3396 1536 3456 25

284 3499 390 3570 τοῦτο
422 3492 645 3597 παραδεχθέν
680 3497 727 3574 εῖς
757 3491 894 3590 πίστιν,
921 3498 997 3576 πῶς
1026 3493 1067 3572 ού
1097 3492 1246 3598 σφόδρα
1278 3491 1477 3594 διαφανές;

285 3617 375 3712 ὁμοῦ
405 3613 442 3694 δέ
472 3615 562 3717 πρὸς
591 3613 727 3698 τούτοις
759 3614 880 3716 ἕτερον
912 3615 1106 3718 ἀναγκαῖον
1139 3611 1237 3714 οἶμαι
1266 3617 1325 3693 καὶ
1358 3612 1482 3717 σοφὸν

284 3737 447 3818 ἀπετέλει
479 3737 651 3843 Χριστός·
701 3741 892 3819 καὶτοῦτο
923 3737 1142 3842 πάλινέρῶ·
1193 3737 1237 3844 ἐξ
1262 3736 1482 3840 ἀσυγκρίτον

255 3867 572 3968 οφρενοβλαβείας
615 3865 673 3943 καὶ
714 3864 841 3961 μανίας
888 3865 1091 3970 ὑπερφυοῦς
1134 3859 1247 3970 ᾤοντό
1283 3895 1386 3958 τινες,
1425 3860 1480 3940 ὅτι

284 3995 580 4087 πλημμελοῦντες
617 3993 664 4071 εῖς
692 3984 755 4066 τὸν
783 3985 873 4066 Υῖὸν
901 3990 959 4066 καὶ
991 3995 1064 4072 τοῖς
1091 3995 1155 4066 τοῦ
1184 3989 1351 4088 Σωτῆρος
1378 3985 1478 4062 ἀντι·
1496 4027 1536 4083 30

284 4105 501 4212 πράττοντες
519 4109 652 4214 λόγοις,
671 4107 735 4190 τὸν
753 4117 817 4189 τοῦ
836 4107 947 4208 νόμου
965 4112 1100 4214 δοτῆρα
1118 4107 1212 4190 Θεὸν
1232 4109 1478 4214 εὐφραίνουσι,

320 4400 346 4454 8.
364 4403 517 4472 περιτρέφιι
530 4402 562 4457 Ε.
599 4401 763 4458 Addendum
776 4411 807 4458 ut
819 4401 926 4459 videtur
937 4404 1025 4473 λόγος.
1197 4399 1239 4458 16.
1258 4422 1298 4457 τις
1309 4406 1480 4470 assumptum

285 4489 317 4526 ex
331 4471 363 4524 E.
486 4489 526 4542 ¹9·
544 4477 580 4546 τῷ
594 4474 626 4528 Ε.
639 4476 668 4528 τὸ
683 4473 733 4527 Ed.
860 4490 902 4528 21.
922 4475 1078 4542 προσκυνεῖν
1090 4471 1123 4526 Ε.
1137 4471 1241 4542 Migne.
1253 4473 1394 4542 προσκυυιῐ
1408 4469 1480 4524 Aub.
