3248 5112
113 345 244 428 xim4.
391 345 447 410 IN
478 346 511 410 s,
536 345 791 412 JoANNEM.
838 345 932 410 mn.
957 345 998 411 x,
1247 345 1310 408 505

115 512 232 590 εἰδεῖεν
251 509 306 590 ὅτι
325 509 421 591 Θεὸν
438 511 657 611 τετιμήκασι,
676 516 751 594 τοῖς
775 511 858 612 παρ’
879 510 987 589 αὐτοῦ
1009 505 1180 611 γεγονόσι
1199 541 1308 588 κατα-

114 632 315 732 πειθόμενοι
334 634 470 737 λόγοις·
502 639 535 714 οἰ
561 633 604 714 δέ
624 669 667 736 γε
691 633 783 736 πρὸς
807 633 850 714 τὸ
874 632 990 741 τούτῳ
1011 631 1183 716 πεσόντες
1205 634 1342 711 {vav-0

115 759 202 856 τίον,
220 761 279 838 καί
302 766 380 842 ταῖς
405 759 594 842 ἀπειθείαις
616 757 682 858 τὴν
703 761 871 838 δοθεῖσαν
892 755 1041 857 ἐντολὴν
1059 753 1252 864 ἐξυβρίζειν
1269 755 1312 834 ού

115 881 400 984 παραιτούμενοι,
418 888 467 966 εἰς
485 881 596 983 αὐτὴν
615 879 862 985 ἁμαρτάνουσι
886 879 952 980 τὴν
969 879 1115 962 πάντων
1133 878 1311 974 βασιλίδα

80 1004 242 1110 5φύσιν.
282 1001 386 1104 ἧνδέ
414 1003 458 1104 δὴ
483 1004 595 1086 πάλιν
614 1005 705 1084 κατὰ
733 1005 797 1084 δύο
821 1001 974 1108 τρόπους
998 1003 1062 1084 τὸν
1080 1011 1152 1083 τῶν
1170 1005 1308 1104 ἀκροω-

115 1128 232 1226 μένων
259 1129 547 1236 ἀσφαλίσασθαι
576 1137 671 1210 νοῦν·
706 1127 729 1230 ἢ
758 1126 830 1232 γάρ
857 1126 900 1208 τῖι
928 1127 1045 1208 θέλειν
1071 1131 1221 1227 τιμῆσαι
1248 1124 1313 1205 τὸν

116 1249 213 1332 Θείιν
239 1253 445 1359 προτρέψαι
474 1252 618 1337 πάντως
646 1257 696 1338 εἰς
723 1253 928 1350 εὐπείθειαν,
956 1251 1068 1354 ἤγουν
1095 1249 1137 1330 τὸ
1165 1249 1313 1330 δεδιέναι

114 1375 354 1479 προσκρούειν
379 1378 476 1485 αὐτῷ
502 1384 608 1457 τοῦτο
633 1375 677 1478 δὴ
702 1375 816 1458 πάλιν
834 1374 1037 1481 ἐργάσεται.
1075 1373 1146 1456 εἰσι
1170 1373 1244 1478 γάρ
1268 1375 1311 1454 δι’

115 1500 252 1606 ἀμφοῖν
284 1501 304 1579 ὁ
340 1508 404 1580 τοῦ
441 1501 623 1604 χρησίμου
658 1533 697 1580 τε
734 1502 793 1579 καί
830 1499 1080 1608 συμφέροντος
1117 1495 1308 1600 λογισμός.

59 1654 102 1694 ιο
116 1621 234 1725 λέγων
256 1622 293 1704 δὲ
318 1622 374 1703 ὅτι
398 1630 457 1705 οἰκ
485 1624 572 1705 ἔστιν
592 1621 672 1730 ἐμός
696 1633 712 1706 ἰ
737 1629 852 1727 λόγος,
872 1625 951 1730 ούχί
979 1622 1023 1724 δὴ
1050 1621 1193 1707 πάντως
1212 1623 1314 1722 ἡμᾶς

115 1744 284 1853 ἐξίστησι
301 1755 365 1828 τοῦ
384 1749 474 1828 ἰδίου
491 1748 703 1850 προσώπου,
722 1745 881 1850 καθάπερ
895 1749 974 1828 ἐστὶ
993 1745 1113 1850 Λόγος
1131 1749 1188 1826 καί
1208 1746 1348 1834 Θεός·ι1

114 1868 234 1971 ἐπειδὴ
258 1869 297 1951 δέ
320 1870 387 1970 τὴν
404 1870 577 1972 οἰκετικὴν
595 1872 688 1976 ἔχων
713 1869 859 1978 μορφὴν
885 1871 936 1951 ἔτι
960 1874 1019 1951 καί
1042 1875 1080 1951 ἐν
1102 1872 1313 1979 ἀνθρωπίνῳ

115 1991 330 2098 φαινόμενος
360 1992 523 2100 σχήματι
557 1998 616 2075 καί
653 1995 823 2099 ύιτάρχων
855 1997 1000 2094 ἀληθῶς
1032 1996 1113 2074 καθ’
1145 1995 1235 2094 ἡμᾶς
1267 1992 1314 2074 τά

115 2116 263 2196 τοιαῦτά
289 2123 416 2222 φησιν,
442 2119 506 2198 ούκ
534 2117 758 2221 ἀνθρώπινον
784 2115 849 2199 τὸν
876 2119 1001 2198 ἑαυτοῦ
1031 2123 1190 2198 νοεῖσθαι
1219 2117 1311 2213 βού-

62 2255 102 2317 15
117 2250 218 2320 λεται
244 2241 368 2344 λόγον,
390 2240 492 2322 ἀλλά
518 2247 612 2322 θεῖον
634 2240 746 2326 ὅντως
769 2246 827 2321 καί
853 2240 1057 2338 βασιλικὸν,
1080 2239 1314 2344 περιενεγκὼν

116 2364 316 2467 ἀναγκαίως
347 2371 395 2450 εἰς
424 2364 467 2446 τὸ
500 2375 564 2446 τοῦ
599 2365 744 2470 Πατρὸς
776 2365 988 2468 πρόσωπον,
1015 2366 1074 2446 ἵνα
1105 2362 1155 2464 μὴ
1187 2366 1328 2446 διελὼν-

116 2486 253 2586 ἑαυτδν,
273 2488 337 2568 δύο
356 2487 486 2571 λοιπίιν
504 2489 599 2574 υἱούς
619 2494 777 2570 νοεῖσθαι
794 2488 1069 2596 παρασκευάσῃ,
1086 2487 1135 2574 εἰς
1158 2486 1209 2570 ἀν
1226 2487 1315 2574 Υἰδς

117 2613 175 2690 καί
192 2610 265 2716 πρὸ
289 2617 353 2714 τῆς
376 2613 598 2716 σαρκῶσεως
622 2617 681 2693 καί
705 2611 796 2714 μετὰ
814 2613 880 2713 τὴν
897 2611 1098 2716 σάρκωσιν·
1128 2611 1177 2698 εἰς
1199 2612 1271 2718 γάρ
1294 2615 1315 2694 ὁ

117 2735 291 2838 Χριστὸς,
310 2741 368 2817 καί
393 2739 436 2818 ού
460 2737 524 2818 δύο
547 2735 639 2818 κατά
665 2771 773 2822 τινας.
813 2737 908 2822 Θεὸς
934 2735 1006 2840 γάρ
1030 2735 1080 2818 ὧν
1099 2740 1119 2817 ὁ
1139 2733 1259 2841 Λόγος
1276 2740 1315 2818 ἐκ
1358 2741 1444 2868 ᾖξ’·

63 2889 104 2930 ²0
121 2859 266 2962 Πατρός
292 2861 418 2964 γέγονε
448 2860 559 2968 σὰρξ,
588 2860 681 2941 κατά
712 2859 779 2961 τὴν
808 2859 976 2942 Ἰωάννου
1006 2859 1142 2967 φωνὴν,
1171 2865 1234 2943 οὐκ
1267 2845 1376 2947 εἰςο.

117 2981 239 3087 σάρκα
265 2986 590 3084 μεταβεβλημένος,
613 2985 697 3062 ἀλλ’
719 2987 811 3064 ἰδίαν
833 2983 1076 3084 ποιησάμενος
1103 2985 1224 3089 σάρκα
1251 2985 1316 3066 τὸν

118 3109 157 3187 ἐκ
178 3112 242 3207 τῆς
261 3109 364 3210 ἁγίας
381 3100 561 3211 παρθένιον
580 3105 676 3189 ναόν.
707 3110 766 3188 ἵνα
784 3109 902 3188 τοίνυν
919 3105 969 3206 μὴ
988 3109 1210 3210 ἀνθρώπινον
1229 3107 1317 3190 εἰναι

119 3229 312 3333 νομίζωμεν
342 3229 405 3311 τίιν
435 3229 550 3333 λόγον
581 3232 700 3328 αὐτοῦ,
729 3229 819 3332 μηδὲ
850 3235 913 3330 τῆς
951 3232 1045 3316 θείας
1082 3231 1317 3332 ε’κστῆσωμεν

119 3354 266 3462 φύσεως
302 3355 344 3435 τὸ
374 3353 525 3456 μάθημα
557 3355 599 3435 τὸ
629 3355 875 3458 εύαγγελικὸν,
903 3354 1004 3436 ἀλλά
1035 3361 1131 3436 Θεοῦ
1163 3364 1228 3436 τοῦ
1259 3359 1315 3438 έπί

66 3475 257 3566 α5πάντας
281 3475 368 3558 εἰναι
396 3477 634 3578 πιστεύωμεν,
664 3484 891 3579 οἰκονομικοῖς
919 3482 977 3559 καί
1005 3477 1153 3587 σφόδρα
1180 3488 1313 3578 καλῶς,

121 3599 182 3682 ἅτε
201 3601 245 3700 δὴ
264 3605 322 3682 καί
341 3605 379 3682 ε’ν
396 3603 607 3710 ἀνθρωπίνῳ
626 3603 838 3709 φαινόμενος
856 3603 1029 3709 σχήματι,
1048 3611 1093 3710 τῇ
1111 3604 1188 3711 θείᾳ
1206 3603 1317 3710 φύσει

120 3725 286 3825 ἀπονέμει
312 3725 426 3807 πιίλιν
452 3723 517 3806 τὸν
544 3725 668 3829 λόγον,
697 3730 745 3811 ὡς
772 3730 810 3807 έν
830 3728 1018 3838 προσώπῳ
1047 3737 1112 3808 τοῦ
1136 3733 1233 3808 Θεοῦ
1258 3731 1317 3807 καί

122 3847 278 3952 Πατρός,
296 3851 340 3958 ἐξ
362 3849 404 3930 οὗ
429 3853 487 3931 καί
512 3853 550 3930 ἐν
573 3847 603 3958 ᾦ
628 3849 719 3931 κατά
745 3849 859 3958 φύσιν
883 3854 993 3951 ε’στίν,
1015 3856 1064 3937 ὡς
1091 3851 1317 3955 ἀπαύγασμα

122 3975 180 4052 καί
200 3973 319 4077 Λόγος
338 3975 446 4056 αὐτοῦ
464 3977 523 4055 καί
540 3980 604 4073 τῆς
622 3974 858 4062 ὑποστάσεως
877 3977 986 4058 αὐτοῦ
1005 3976 1200 4081 χαρακτήρ.
1326 4017 1344 4056 ι
1360 3999 1485 4126 ἔσμμ.

1388 4092 1483 4138 ems.

466 4231 508 4270 ατ.
526 4213 669 4286 παρθένου]
687 4221 715 4280 ÷
730 4215 935 4288 προσληφθίντα
948 4232 971 4268 α.
