3200 5092
408 342 451 404 52
712 339 751 402 Β.
774 335 986 402 CYRILLI
1016 332 1306 398 ALEXANDR.

410 508 523 582 ποιεῖν
554 504 593 582 έν
624 501 762 586 τούτοις
801 501 1064 605 διισχυρίσατο,
1097 499 1182 578 ἀλλ’
1217 495 1360 598 ἐπείπερ
1399 499 1478 593 loo)

412 625 492 704 ἐστὶ
516 631 574 704 καὶ
599 625 842 722 συνεθελητὴς
866 626 919 702 ἀεὶ
944 628 995 729 τῷ
1021 619 1237 724 γεννήσαντι
1261 619 1353 722 πρὸς
1378 623 1456 696 πᾶν

414 749 473 827 καὶ
507 745 609 828 οῦδὲν
641 747 846 846 μελετήσας
878 744 971 825 κατά
1002 745 1113 844 μόνας
1149 741 1274 846 ὥσπερ
1307 740 1366 821 καῖ
1401 743 1478 843 διῃρ

414 871 599 949 ἐπιτελεῖν.
654 872 713 949 καὶ
750 871 792 948 οῦ
830 867 946 969 δήπου
978 877 1166 967 νομιοῦμεν
1198 871 1247 950 είς
1279 862 1454 946 ἐκτύπους

386 994 750 1076 οκατολισθαίνοντες
775 991 1026 1096 προαιρετικήν
1048 1025 1129 1072 τινα
1155 993 1213 1070 καὶ
1239 987 1381 1088 ἑκτικὴν
1406 989 1479 1088 ἀρετ

416 1116 622 1196 δείκνυσθαι
640 1113 705 1196 τὸν
722 1115 813 1196 Υίὸν
830 1117 868 1195 έν
886 1116 1035 1213 τούτοις,
1054 1113 1200 1222 φύσεως
1219 1111 1257 1194 δὲ
1276 1119 1425 1208 μᾶλλον
1445 1111 1479 1187 ἀι

416 1236 567 1341 καρπὸν,
591 1240 656 1318 οῦκ
683 1237 858 1345 ἀξιούσης
886 1237 928 1318 τὸ
956 1237 1149 1342 θεοπρεπὲς
1176 1240 1215 1317 έν
1237 1243 1289 1344 τῷ
1316 1271 1351 1315 τι
1378 1239 1478 1329 βοαλ

418 1365 521 1464 δρᾶν.
560 1364 619 1442 ἐπὶ
646 1360 713 1462 μέν
739 1361 812 1463 γάρ
838 1367 911 1440 τῶν
939 1358 1147 1461 κτισμάτων
1175 1357 1236 1441 ἀτε
1264 1358 1308 1459 δὴ
1337 1360 1397 1436 καὶ
1425 1389 1480 1458 τρι

419 1483 625 1583 δυναμένων
652 1489 708 1565 ἐπὶ
737 1483 784 1565 τά
811 1482 930 1588 χείρω,
958 1487 1015 1564 καὶ
1042 1490 1262 1583 μεταβολαῖς
1291 1482 1447 1562 ὑπείκειν
1475 1511 1480 1556 ι

419 1607 613 1707 ἀμεινόνων
631 1611 688 1687 ἐπὶ
707 1607 753 1686 τὰ
776 1609 956 1712 αἰσχίονα,
975 1605 1111 1711 καρπὸς
1136 1605 1181 1686 ἀν
1200 1607 1253 1706 εἴη
1278 1609 1475 1700 θεοσεβοῦς

421 1730 618 1836 φιλαρέτον
635 1729 781 1833 γνώμης
802 1729 844 1810 τὸ
870 1730 1020 1832 ἀγαθόν.
1061 1732 1119 1810 ε’πῖ
1146 1729 1188 1808 δέ
1209 1764 1251 1832 γε
1279 1732 1343 1826 τῆς
1369 1726 1466 1808 θείας

420 1850 539 1932 πάντα
573 1855 822 1954 ὑπερκειμένης
854 1853 980 1936 οὐσίας
1009 1854 1078 1958 οὐχ
1106 1853 1229 1936 οὕτως.
1283 1847 1480 1930 ἀλλοιώσει

387 1978 480 2055 δκαὶ
518 1981 653 2078 τροπῆς
691 1976 837 2076 ἀπάσης
875 1975 1103 2082 ἐξῃρημένης,
1135 1979 1194 2055 καὶ
1225 1975 1338 2056 τύπον
1371 1975 1435 2053 οῦκ
1468 1973 1481 2048 e*

422 2098 558 2196 ούδένα,
576 2097 713 2202 καρπὸς
736 2098 839 2178 ἔσται
862 2097 992 2178 λοιπὸν
1011 2099 1136 2183 οὐσίας
1162 2097 1433 2199 ἀπαραποιήτου
1458 2128 1481 2172 τι

422 2220 498 2319 θῦν,
518 2219 644 2326 ὥσπερ
663 2223 726 2301 οὖν
745 2220 868 2320 ἀμέλει
886 2223 945 2300 καὶ
963 2224 1001 2301 έν
1018 2225 1105 2324 πυρὶ
1130 2221 1172 2301 τὸ
1196 2219 1339 2323 θερμὸν,
1359 2219 1381 2320 ἢ
1406 2223 1444 2298 ε’ν
1462 2252 1481 2321 γ

422 2345 579 2452 ψυχρόν·
609 2347 651 2424 ού
669 2344 743 2447 γάρ
760 2347 798 2424 ἐν
817 2343 965 2444 θελήσει
987 2341 1029 2424 τδ
1053 2353 1126 2448 πῦρ
1150 2343 1217 2444 τήν
1235 2345 1325 2423 ἰδίαν
1343 2342 1481 2445 ε’νέργειι

424 2469 560 2570 ὁρᾶται,
589 2467 749 2574 φυσικὴν
777 2467 815 2547 δὲ
847 2475 993 2566 μιῖλλον
1018 2471 1076 2547 καὶ
1108 2467 1276 2568 οῦσιιῦδη,
1305 2467 1432 2570 ἑτέρως
1462 2465 1481 2542 ἕ

425 2590 631 2689 δυνάμενον,
650 2596 680 2670 εί
697 2589 748 2690 μὴ
767 2591 837 2693 ἀρα
855 2597 968 2670 ποιεῖν
985 2599 1057 2675 τοῖς
1076 2599 1139 2670 τοῦ
1161 2589 1397 2692 πεποιηκότος
1423 2590 1482 2682 έκβ

426 2713 612 2812 νεύμασιν.
652 2714 780 2793 ούκοῦν
808 2716 850 2792 οῦ
883 2712 1045 2818 καθάπερ
1079 2714 1188 2813 ἡμεῖς,
1217 2715 1302 2792 ἀλλ’
1333 2711 1412 2791 οῦδὲ
1443 2711 1482 2788 ἔτι

427 2843 500 2916 τῶν
518 2843 675 2938 λογικῶν
694 2835 914 2934 κτισμάτων,
932 2839 971 2915 έκ
991 2835 1231 2940 προαιρέσεως
1256 2840 1320 2934 τῆς
1342 2835 1482 2941 ε’ξαιρέτι

398 2959 665 3063 οκρατούμενος
691 2963 739 3042 εῖς
764 2958 807 3040 τὸ
833 2964 922 3062 δρῦν
939 2961 1143 3061 ἐπείγεσθαι
1165 2957 1207 3039 τὸ
1228 2957 1384 3060 ἀρέσκον
1402 2993 1435 3038 τι
1455 2963 1482 3036 Ε

429 3086 549 3185 Πατρὶ
580 3081 627 3161 τά
658 3081 805 3162 τοιαῦταί
837 3089 953 3188 φησιν
981 3083 1000 3160 ὁ
1034 3081 1257 3183 Μονογενής,
1286 3085 1370 3161 ἀλλ’
1399 3086 1446 3165 ὡς
1478 3119 1482 3152 ι

429 3207 520 3291 ίδίας
545 3211 692 3306 θεσμοῖς
718 3209 938 3303 ἀκολουθῶν,
958 3207 1016 3284 καὶ
1041 3204 1142 3284 οὐδέν
1161 3205 1281 3308 ἕτερον
1298 3205 1396 3289 εἰδὼς
1421 3213 1482 3309 φρι

430 3333 489 3408 καὶ
513 3326 693 3432 πράττειν,
713 3334 742 3408 εί
766 3329 816 3427 μὴ
842 3326 889 3408 τὰ
912 3331 949 3408 έν
968 3326 1116 3428 θελήσει
1143 3337 1207 3408 τοῦ
1235 3328 1472 3430 γεννήσαντος

429 3461 507 3536 πῶς
525 3451 597 3555 γάρ
615 3450 661 3530 ἀν
680 3451 774 3534 ὅλως
792 3453 814 3552 ἡ
833 3450 1024 3557 ὁμοούσιύς
1042 3485 1081 3530 τε
1105 3455 1163 3531 καὶ
1188 3453 1254 3549 μία
1278 3450 1401 3552 θεότης
1425 3455 1482 3530 αῦτ

432 3579 559 3675 ἑαυτῆς
589 3573 799 3679 διχονοήσαι
835 3574 950 3670 ποτέ;
996 3570 1018 3673 ἢ
1052 3581 1130 3658 πιῦς
1164 3571 1208 3653 ἀν
1238 3574 1281 3653 τὸ
1311 3574 1361 3674 μή
1392 3576 1477 3678 αὐτῇ

433 3698 639 3804 ἐργάσαιτο,
653 3696 747 3782 τινὸς
766 3696 877 3796 αὐτὴν
891 3697 947 3802 ἐφ’
968 3695 1087 3800 ἕτερόν
1104 3731 1139 3777 τι
1156 3697 1393 3800 παρατρέπειν
1411 3703 1482 3800 ἱσχι

433 3829 463 3902 εί
489 3821 560 3927 γὰρ
585 3821 786 3930 ὑφέστηκεν
805 3821 876 3926 ἰδίᾳ
903 3823 962 3900 καὶ
990 3819 1073 3899 καθ’
1092 3817 1218 3900 ἑαυτὸν
1237 3821 1257 3898 ὁ
1283 3818 1375 3904 θεὸς
1398 3823 1482 3898 καὶ]

469 4075 496 4129 3.
514 4056 670 4127 διῃρημένος
681 4074 705 4112 a.
718 4056 790 4111 Aub.
803 4073 818 4109 e
831 4055 891 4110 cet.
905 4053 982 4110 Harl.
995 4054 1145 4126 διῃρημένος
1158 4055 1191 4109 Β.
1206 4053 1297 4110 Holst.
1346 4053 1436 4109 Statim
1448 4055 1482 4108 εἰτι

436 4129 486 4183 Ht.
509 4129 629 4190 ἐπιτελεῖ,
648 4127 779 4182 clausulas
801 4143 851 4195 pro
873 4143 946 4180 more
966 4133 1152 4196 transponens,
1171 4125 1204 4180 eli
1243 4127 1414 4196 tutulumque
1432 4125 1482 4178 iteri

454 4216 538 4252 onens
551 4199 673 4261 Niketes,
685 4195 758 4252 unde
770 4195 843 4250 Aub.
1018 4209 1043 4266 7.
1061 4143 1279 4261 Boiieeoaque.
1294 4197 1343 4250 Ht.
1354 4194 1482 4258 βουλεύεαι

467 4270 514 4322 erl.
528 4268 600 4322 nub.
637 4267 731 4322 Statim
744 4287 768 4320 τι
781 4265 931 4336 transponit
943 4283 967 4320 a.
1065 4267 1091 4320 8.
1109 4265 1251 4334 τρέπεσθαι
1264 4265 1323 4320 na.
1337 4267 1384 4321 Ht.
1396 4265 1482 4336 τραπέο

438 4339 480 4392 18.
498 4341 567 4391 ποιεῖ
579 4338 611 4390 Β.
624 4341 706 4392 ποιεῖν
718 4336 868 4391 emendavit
883 4337 932 4390 Ht.
946 4344 1072 4390 neutrum
1084 4336 1164 4390 habet
1176 4354 1200 4390 a.
1376 4353 1415 4390 ιι.
1432 4336 1482 4388 τόδ

435 4407 516 4461 edidi.
528 4409 558 4460 τὸ
574 4407 710 4476 ἀρέσκοντι
724 4407 806 4480 13.τῷ
823 4406 960 4477 ἀρέσκοντι
975 4406 1023 4459 Ht.
1037 4408 1068 4459 τδ
1081 4405 1193 4475 ἀρέσκον
1205 4425 1219 4461 e
1232 4405 1292 4461 Cet.
1307 4406 1380 4461 Harl.
1392 4405 1482 4459 emenda

436 4476 480 4530 26.
499 4475 661 4546 διχονοήσειέ
671 4493 697 4530 a.
831 4491 874 4547 νη.
893 4497 923 4530 το
937 4475 970 4530 Β.
983 4498 1008 4530 τι
1020 4477 1169 4530 emendavit
1181 4477 1254 4532 Aub.
1304 4476 1395 4531 Statim
1406 4497 1482 4546 παροτ

436 4547 509 4600 Aub.
522 4563 536 4599 e
550 4545 608 4599 Cet.
622 4545 699 4600 Harl.
711 4551 744 4602 ut
755 4545 865 4601 adnotat
877 4547 942 4617 ipse.
955 4548 1128 4618 παρατρέχειν
1141 4545 1191 4602 Ht.
