<?xml version="1.0" encoding="UTF-8"?>
<!DOCTYPE html PUBLIC "-//W3C//DTD XHTML 1.0 Transitional//EN"
    "http://www.w3.org/TR/xhtml1/DTD/xhtml1-transitional.dtd">
<html xmlns="http://www.w3.org/1999/xhtml" xml:lang="en" lang="en">
 <head>
  <title>
</title>
<meta http-equiv="Content-Type" content="text/html;charset=utf-8" />
  <meta name='ocr-system' content='tesseract 3.04.00' />
  <meta name='ocr-capabilities' content='ocr_page ocr_carea ocr_par ocr_line ocrx_word'/>
</head>
<body>
  <div class='ocr_page' id='page_1' title='image "./sanctipatrisnos02pusegoog_0717.png"; bbox 0 0 3238 5114; ppageno 0'>
   <div class='ocr_carea' id='block_1_1' title="bbox 560 1317 892 1394">
    <p class='ocr_par' dir='ltr' id='par_1_1' title="bbox 560 1317 892 1394">
     <span class='ocr_line' id='line_1_1' title="bbox 560 1317 892 1394; baseline 0.006 -2"><span class='ocrx_word' id='word_1_1' title='bbox 560 1317 802 1394; x_wconf 87' lang='grc' dir='ltr'>ΚΕΦΑΛΗ</span> <span class='ocrx_word' id='word_1_2' title='bbox 850 1317 892 1394; x_wconf 95' lang='grc' dir='ltr'>Ζ.</span> 
     </span>
    </p>
   </div>
   <div class='ocr_carea' id='block_1_2' title="bbox 119 1617 1328 1950">
    <p class='ocr_par' dir='ltr' id='par_1_2' title="bbox 119 1617 1328 1950">
     <span class='ocr_line' id='line_1_2' title="bbox 119 1617 1328 1714; baseline 0.005 -30"><span class='ocrx_word' id='word_1_3' title='bbox 119 1617 192 1686; x_wconf 80' lang='grc' dir='ltr'>Ὀτι</span> <span class='ocrx_word' id='word_1_4' title='bbox 214 1618 249 1684; x_wconf 89' lang='grc' dir='ltr'>τδ</span> <span class='ocrx_word' id='word_1_5' title='bbox 271 1619 419 1704; x_wconf 75' lang='grc' dir='ltr'>λέγεσθαί</span> <span class='ocrx_word' id='word_1_6' title='bbox 439 1649 467 1688; x_wconf 93' lang='grc' dir='ltr'>τι</span> <span class='ocrx_word' id='word_1_7' title='bbox 489 1627 628 1691; x_wconf 81' lang='grc' dir='ltr'>δεδόσθαι</span> <span class='ocrx_word' id='word_1_8' title='bbox 653 1627 694 1712; x_wconf 73' lang='grc' dir='ltr'>τῷ</span> <span class='ocrx_word' id='word_1_9' title='bbox 716 1629 778 1714; x_wconf 62' lang='lat' dir='ltr'><strong><em>w</em></strong></span> <span class='ocrx_word' id='word_1_10' title='bbox 800 1629 880 1708; x_wconf 76' lang='grc' dir='ltr'>παρὰ</span> <span class='ocrx_word' id='word_1_11' title='bbox 903 1632 955 1692; x_wconf 83' lang='grc' dir='ltr'>τοῦ</span> <span class='ocrx_word' id='word_1_12' title='bbox 977 1624 1106 1706; x_wconf 85' lang='grc' dir='ltr'>Πατρδς,</span> <span class='ocrx_word' id='word_1_13' title='bbox 1129 1625 1181 1690; x_wconf 80' lang='grc' dir='ltr'>οὔκ</span> <span class='ocrx_word' id='word_1_14' title='bbox 1205 1623 1328 1705; x_wconf 78' lang='grc' dir='ltr'>ἔξοικιεΐ</span> 
     </span>
     <span class='ocr_line' id='line_1_3' title="bbox 222 1744 1227 1828; baseline 0.001 -19"><span class='ocrx_word' id='word_1_15' title='bbox 222 1745 273 1820; x_wconf 73' lang='grc' dir='ltr'>τῆς</span> <span class='ocrx_word' id='word_1_16' title='bbox 294 1746 472 1825; x_wconf 78' lang='grc' dir='ltr'>θεοπρεποῦς</span> <span class='ocrx_word' id='word_1_17' title='bbox 493 1746 576 1825; x_wconf 79' lang='grc' dir='ltr'>δξίας</span> <span class='ocrx_word' id='word_1_18' title='bbox 599 1745 698 1826; x_wconf 81' lang='grc' dir='ltr'>αὐτὸν,</span> <span class='ocrx_word' id='word_1_19' title='bbox 722 1744 792 1811; x_wconf 76' lang='grc' dir='ltr'>ἀλλ’</span> <span class='ocrx_word' id='word_1_20' title='bbox 812 1746 854 1811; x_wconf 83' lang='grc' dir='ltr'>δν</span> <span class='ocrx_word' id='word_1_21' title='bbox 877 1747 1033 1828; x_wconf 81' lang='grc' dir='ltr'>ὁμοούσιθς</span> <span class='ocrx_word' id='word_1_22' title='bbox 1059 1772 1092 1812; x_wconf 89' lang='grc' dir='ltr'>τε</span> <span class='ocrx_word' id='word_1_23' title='bbox 1118 1746 1165 1810; x_wconf 78' lang='grc' dir='ltr'>καὶ</span> <span class='ocrx_word' id='word_1_24' title='bbox 1190 1745 1227 1826; x_wconf 79' lang='grc' dir='ltr'>ἔξ</span> 
     </span>
     <span class='ocr_line' id='line_1_4' title="bbox 352 1865 1098 1950; baseline 0.005 -22"><span class='ocrx_word' id='word_1_25' title='bbox 352 1865 440 1929; x_wconf 77' lang='grc' dir='ltr'>αὐτοῦ</span> <span class='ocrx_word' id='word_1_26' title='bbox 461 1867 649 1948; x_wconf 78' lang='grc' dir='ltr'>διαφαίνεται</span> <span class='ocrx_word' id='word_1_27' title='bbox 672 1867 720 1932; x_wconf 83' lang='grc' dir='ltr'>καὶ</span> <span class='ocrx_word' id='word_1_28' title='bbox 742 1869 768 1931; x_wconf 74' lang='grc' dir='ltr'>εἰ</span> <span class='ocrx_word' id='word_1_29' title='bbox 789 1866 911 1950; x_wconf 77' lang='grc' dir='ltr'>λέγεταί</span> <span class='ocrx_word' id='word_1_30' title='bbox 929 1892 958 1932; x_wconf 93' lang='grc' dir='ltr'>τι</span> <span class='ocrx_word' id='word_1_31' title='bbox 979 1873 1098 1947; x_wconf 81' lang='grc' dir='ltr'>λαβεῖν.</span> 
     </span>
    </p>
   </div>
   <div class='ocr_carea' id='block_1_3' title="bbox 91 2112 1358 2210">
    <p class='ocr_par' dir='ltr' id='par_1_3' title="bbox 91 2112 1358 2210">
     <span class='ocr_line' id='line_1_5' title="bbox 91 2112 1358 2210; baseline 0.002 -27"><span class='ocrx_word' id='word_1_32' title='bbox 91 2112 344 2209; x_wconf 81' lang='grc' dir='ltr'>5Ἐφανὲρωοά</span> <span class='ocrx_word' id='word_1_33' title='bbox 375 2142 433 2186; x_wconf 88' lang='grc' dir='ltr'>σου</span> <span class='ocrx_word' id='word_1_34' title='bbox 468 2120 505 2186; x_wconf 92' lang='grc' dir='ltr'>τδ</span> <span class='ocrx_word' id='word_1_35' title='bbox 537 2119 641 2198; x_wconf 86' lang='grc' dir='ltr'>ὄνομα</span> <span class='ocrx_word' id='word_1_36' title='bbox 671 2115 740 2186; x_wconf 76' lang='grc' dir='ltr'>τοῖς</span> <span class='ocrx_word' id='word_1_37' title='bbox 776 2118 964 2210; x_wconf 80' lang='grc' dir='ltr'>ἀνθρώποις</span> <span class='ocrx_word' id='word_1_38' title='bbox 999 2121 1056 2188; x_wconf 83' lang='grc' dir='ltr'>οδα</span> <span class='ocrx_word' id='word_1_39' title='bbox 1087 2120 1238 2188; x_wconf 75' lang='grc' dir='ltr'>δέδωκάς</span> <span class='ocrx_word' id='word_1_40' title='bbox 1268 2128 1358 2199; x_wconf 88' lang='grc' dir='ltr'>μοι6</span> 
     </span>
    </p>
   </div>
   <div class='ocr_carea' id='block_1_4' title="bbox 177 2397 1356 2488">
    <p class='ocr_par' dir='ltr' id='par_1_4' title="bbox 177 2397 1356 2488">
     <span class='ocr_line' id='line_1_6' title="bbox 177 2397 1356 2488; baseline 0.003 -27"><span class='ocrx_word' id='word_1_41' title='bbox 177 2399 273 2471; x_wconf 83' lang='grc' dir='ltr'>λότον</span> <span class='ocrx_word' id='word_1_42' title='bbox 300 2419 358 2463; x_wconf 88' lang='grc' dir='ltr'>οοο</span> <span class='ocrx_word' id='word_1_43' title='bbox 384 2400 589 2488; x_wconf 73' lang='grc' dir='ltr'>τετιιριλκαοι·</span> <span class='ocrx_word' id='word_1_44' title='bbox 622 2401 674 2464; x_wconf 81' lang='grc' dir='ltr'>νῦν</span> <span class='ocrx_word' id='word_1_45' title='bbox 701 2397 847 2474; x_wconf 80' lang='grc' dir='ltr'>ἔτνωκαν</span> <span class='ocrx_word' id='word_1_46' title='bbox 874 2398 925 2464; x_wconf 86' lang='grc' dir='ltr'>ὅτι</span> <span class='ocrx_word' id='word_1_47' title='bbox 951 2397 1059 2463; x_wconf 84' lang='grc' dir='ltr'>πάντα</span> <span class='ocrx_word' id='word_1_48' title='bbox 1085 2400 1147 2466; x_wconf 84' lang='grc' dir='ltr'>ὅσα</span> <span class='ocrx_word' id='word_1_49' title='bbox 1174 2397 1356 2470; x_wconf 80' lang='grc' dir='ltr'>δὲδωκάο7</span> 
     </span>
    </p>
   </div>
   <div class='ocr_carea' id='block_1_5' title="bbox 175 2533 1359 2690">
    <p class='ocr_par' dir='ltr' id='par_1_5' title="bbox 175 2533 1359 2690">
     <span class='ocr_line' id='line_1_7' title="bbox 175 2533 1359 2690; baseline 0.002 -90"><span class='ocrx_word' id='word_1_50' title='bbox 175 2557 231 2612; x_wconf 81' lang='grc' dir='ltr'>μοι</span> <span class='ocrx_word' id='word_1_51' title='bbox 257 2534 345 2624; x_wconf 85' lang='grc' dir='ltr'>παρὰ</span> <span class='ocrx_word' id='word_1_52' title='bbox 374 2535 425 2602; x_wconf 81' lang='grc' dir='ltr'>σοί</span> <span class='ocrx_word' id='word_1_53' title='bbox 451 2533 541 2616; x_wconf 85' lang='grc' dir='ltr'>εἰσιν,</span> <span class='ocrx_word' id='word_1_54' title='bbox 569 2539 619 2603; x_wconf 88' lang='grc' dir='ltr'>ὅτι</span> <span class='ocrx_word' id='word_1_55' title='bbox 647 2535 687 2603; x_wconf 82' lang='grc' dir='ltr'>τὰ</span> <span class='ocrx_word' id='word_1_56' title='bbox 720 2535 851 2626; x_wconf 72' lang='grc' dir='ltr'>ῥήματα</span> <span class='ocrx_word' id='word_1_57' title='bbox 882 2536 903 2602; x_wconf 81' lang='grc' dir='ltr'>οἳ</span> <span class='ocrx_word' id='word_1_58' title='bbox 932 2535 1082 2602; x_wconf 76' lang='grc' dir='ltr'>δέδωκάς</span> <span class='ocrx_word' id='word_1_59' title='bbox 1110 2559 1165 2614; x_wconf 88' lang='grc' dir='ltr'>μοι</span> <span class='ocrx_word' id='word_1_60' title='bbox 1193 2536 1359 2690; x_wconf 58' lang='grc' dir='ltr'>δὲδωκαξ</span> 
     </span>
    </p>
   </div>
   <div class='ocr_carea' id='block_1_6' title="bbox 176 2669 1323 2765">
    <p class='ocr_par' dir='ltr' id='par_1_6' title="bbox 176 2669 1323 2765">
     <span class='ocr_line' id='line_1_8' title="bbox 176 2669 1323 2765; baseline -0.002 -25"><span class='ocrx_word' id='word_1_61' title='bbox 176 2669 297 2755; x_wconf 78' lang='grc' dir='ltr'>αὐτοῖο,</span> <span class='ocrx_word' id='word_1_62' title='bbox 320 2675 372 2740; x_wconf 84' lang='grc' dir='ltr'>καί</span> <span class='ocrx_word' id='word_1_63' title='bbox 399 2674 492 2740; x_wconf 82' lang='grc' dir='ltr'>αὐτοὶ</span> <span class='ocrx_word' id='word_1_64' title='bbox 519 2673 723 2756; x_wconf 83' lang='grc' dir='ltr'>ἔλαβον,καί</span> <span class='ocrx_word' id='word_1_65' title='bbox 746 2674 893 2749; x_wconf 78' lang='grc' dir='ltr'>ἔτνωοαν</span> <span class='ocrx_word' id='word_1_66' title='bbox 915 2674 1048 2740; x_wconf 79' lang='grc' dir='ltr'>ἁλιιθῶο</span> <span class='ocrx_word' id='word_1_67' title='bbox 1071 2677 1122 2741; x_wconf 83' lang='grc' dir='ltr'>ὅτι</span> <span class='ocrx_word' id='word_1_68' title='bbox 1148 2674 1238 2765; x_wconf 84' lang='grc' dir='ltr'>παρὰ</span> <span class='ocrx_word' id='word_1_69' title='bbox 1266 2679 1323 2742; x_wconf 84' lang='grc' dir='ltr'>οοῠ</span> 
     </span>
    </p>
   </div>
   <div class='ocr_carea' id='block_1_7' title="bbox 175 2812 1056 2894">
    <p class='ocr_par' dir='ltr' id='par_1_7' title="bbox 175 2812 1056 2894">
     <span class='ocr_line' id='line_1_9' title="bbox 175 2812 1056 2894; baseline -0.003 -14"><span class='ocrx_word' id='word_1_70' title='bbox 175 2813 324 2894; x_wconf 61' lang='grc' dir='ltr'>ἐξῆλθον,</span> <span class='ocrx_word' id='word_1_71' title='bbox 348 2813 401 2879; x_wconf 83' lang='grc' dir='ltr'><strong>καί</strong></span> <span class='ocrx_word' id='word_1_72' title='bbox 426 2812 619 2881; x_wconf 76' lang='grc' dir='ltr'>ἐπίστευσαν</span> <span class='ocrx_word' id='word_1_73' title='bbox 643 2815 693 2880; x_wconf 86' lang='grc' dir='ltr'>ὅτι</span> <span class='ocrx_word' id='word_1_74' title='bbox 720 2815 757 2880; x_wconf 82' lang='grc' dir='ltr'>ού</span> <span class='ocrx_word' id='word_1_75' title='bbox 784 2837 825 2893; x_wconf 84' lang='grc' dir='ltr'>με</span> <span class='ocrx_word' id='word_1_76' title='bbox 851 2813 1056 2880; x_wconf 83' lang='grc' dir='ltr'>ἀπέοτειλαο.</span> 
     </span>
    </p>
   </div>
   <div class='ocr_carea' id='block_1_8' title="bbox 74 3045 1355 4393">
    <p class='ocr_par' dir='ltr' id='par_1_8' title="bbox 124 3045 1324 3524">
     <span class='ocr_line' id='line_1_10' title="bbox 182 3045 1322 3150; baseline -0.004 -22"><span class='ocrx_word' id='word_1_77' title='bbox 182 3052 392 3128; x_wconf 82' lang='grc' dir='ltr'>ΦΘΑΣΑΣ</span> <span class='ocrx_word' id='word_1_78' title='bbox 411 3045 479 3147; x_wconf 81' lang='grc' dir='ltr'>ἤδη</span> <span class='ocrx_word' id='word_1_79' title='bbox 503 3052 675 3150; x_wconf 81' lang='grc' dir='ltr'>προεῖπον</span> <span class='ocrx_word' id='word_1_80' title='bbox 693 3047 731 3125; x_wconf 83' lang='grc' dir='ltr'>ἐν</span> <span class='ocrx_word' id='word_1_81' title='bbox 749 3053 822 3129; x_wconf 86' lang='grc' dir='ltr'>τοῖς</span> <span class='ocrx_word' id='word_1_82' title='bbox 847 3045 998 3150; x_wconf 79' lang='grc' dir='ltr'>ἔναγχος</span> <span class='ocrx_word' id='word_1_83' title='bbox 1022 3045 1107 3145; x_wconf 84' lang='grc' dir='ltr'>ἡμῖν</span> <span class='ocrx_word' id='word_1_84' title='bbox 1134 3045 1198 3126; x_wconf 83' lang='grc' dir='ltr'>οὐκ</span> <span class='ocrx_word' id='word_1_85' title='bbox 1225 3047 1322 3140; x_wconf 81' lang='grc' dir='ltr'>ἀβα-</span> 
     </span>
     <span class='ocr_line' id='line_1_11' title="bbox 124 3166 1320 3275; baseline -0.003 -24"><span class='ocrx_word' id='word_1_86' title='bbox 124 3173 320 3268; x_wconf 88' lang='grc' dir='ltr'>σανίστως,</span> <span class='ocrx_word' id='word_1_87' title='bbox 338 3167 385 3255; x_wconf 80' lang='grc' dir='ltr'>ὥς</span> <span class='ocrx_word' id='word_1_88' title='bbox 404 3203 444 3273; x_wconf 84' lang='grc' dir='ltr'>γε</span> <span class='ocrx_word' id='word_1_89' title='bbox 462 3205 523 3268; x_wconf 90' lang='grc' dir='ltr'>μοι</span> <span class='ocrx_word' id='word_1_90' title='bbox 543 3171 715 3274; x_wconf 78' lang='grc' dir='ltr'>φαίνεται,</span> <span class='ocrx_word' id='word_1_91' title='bbox 734 3166 1071 3275; x_wconf 78' lang='grc' dir='ltr'>πραεξητασμένοις,</span> <span class='ocrx_word' id='word_1_92' title='bbox 1091 3167 1145 3249; x_wconf 75' lang='grc' dir='ltr'>ὅτι</span> <span class='ocrx_word' id='word_1_93' title='bbox 1170 3175 1320 3271; x_wconf 90' lang='grc' dir='ltr'>θεοπρε-</span> 
     </span>
     <span class='ocr_line' id='line_1_12' title="bbox 124 3288 1324 3397; baseline -0.002 -20"><span class='ocrx_word' id='word_1_94' title='bbox 124 3302 202 3380; x_wconf 82' lang='grc' dir='ltr'>πῶς</span> <span class='ocrx_word' id='word_1_95' title='bbox 233 3329 272 3376; x_wconf 90' lang='grc' dir='ltr'>τε</span> <span class='ocrx_word' id='word_1_96' title='bbox 305 3291 381 3394; x_wconf 80' lang='grc' dir='ltr'>ἅμα</span> <span class='ocrx_word' id='word_1_97' title='bbox 414 3297 473 3376; x_wconf 82' lang='grc' dir='ltr'>καὶ</span> <span class='ocrx_word' id='word_1_98' title='bbox 511 3295 739 3397; x_wconf 84' lang='grc' dir='ltr'>ἀνθρωπίνως</span> <span class='ocrx_word' id='word_1_99' title='bbox 777 3291 844 3393; x_wconf 80' lang='grc' dir='ltr'>τὴν</span> <span class='ocrx_word' id='word_1_100' title='bbox 875 3291 965 3396; x_wconf 85' lang='grc' dir='ltr'>πρὸς</span> <span class='ocrx_word' id='word_1_101' title='bbox 1000 3288 1065 3372; x_wconf 79' lang='grc' dir='ltr'>τὸν</span> <span class='ocrx_word' id='word_1_102' title='bbox 1096 3294 1134 3372; x_wconf 82' lang='grc' dir='ltr'>ἐν</span> <span class='ocrx_word' id='word_1_103' title='bbox 1163 3294 1324 3394; x_wconf 82' lang='grc' dir='ltr'>οὐρανοῖς</span> 
     </span>
     <span class='ocr_line' id='line_1_13' title="bbox 126 3412 1322 3524; baseline 0 -26"><span class='ocrx_word' id='word_1_104' title='bbox 126 3417 274 3523; x_wconf 66' lang='grc' dir='ltr'>Πατέρα</span> <span class='ocrx_word' id='word_1_105' title='bbox 310 3415 469 3524; x_wconf 78' lang='grc' dir='ltr'>διάλεξιν</span> <span class='ocrx_word' id='word_1_106' title='bbox 503 3420 651 3498; x_wconf 81' lang='grc' dir='ltr'>ἐποιεῖτο</span> <span class='ocrx_word' id='word_1_107' title='bbox 688 3415 860 3520; x_wconf 85' lang='grc' dir='ltr'>Χριστός.</span> <span class='ocrx_word' id='word_1_108' title='bbox 912 3419 1126 3522; x_wconf 78' lang='grc' dir='ltr'>διακυβερνᾷ</span> <span class='ocrx_word' id='word_1_109' title='bbox 1161 3412 1233 3519; x_wconf 80' lang='grc' dir='ltr'>γὰρ</span> <span class='ocrx_word' id='word_1_110' title='bbox 1268 3413 1322 3498; x_wconf 74' lang='grc' dir='ltr'>ἐπ’</span> 
     </span>
    </p>

    <p class='ocr_par' dir='ltr' id='par_1_9' title="bbox 74 3537 1355 4145">
     <span class='ocr_line' id='line_1_14' title="bbox 74 3537 1325 3651; baseline -0.004 -28"><span class='ocrx_word' id='word_1_111' title='bbox 74 3563 111 3624; x_wconf 87' lang='lat'>15</span> <span class='ocrx_word' id='word_1_112' title='bbox 126 3543 237 3651; x_wconf 76' lang='grc' dir='ltr'>ἄμφω</span> <span class='ocrx_word' id='word_1_113' title='bbox 255 3541 319 3623; x_wconf 85' lang='grc' dir='ltr'>τδν</span> <span class='ocrx_word' id='word_1_114' title='bbox 337 3539 461 3644; x_wconf 88' lang='grc' dir='ltr'>λόγον,</span> <span class='ocrx_word' id='word_1_115' title='bbox 482 3543 562 3621; x_wconf 79' lang='grc' dir='ltr'>οὔτε</span> <span class='ocrx_word' id='word_1_116' title='bbox 582 3547 656 3620; x_wconf 81' lang='grc' dir='ltr'>τῶν</span> <span class='ocrx_word' id='word_1_117' title='bbox 673 3543 737 3640; x_wconf 82' lang='grc' dir='ltr'>τῆς</span> <span class='ocrx_word' id='word_1_118' title='bbox 760 3539 1034 3642; x_wconf 75' lang='grc' dir='ltr'>ἀνθρωπᾶτητος</span> <span class='ocrx_word' id='word_1_119' title='bbox 1057 3537 1152 3640; x_wconf 84' lang='grc' dir='ltr'>ὅρων</span> <span class='ocrx_word' id='word_1_120' title='bbox 1169 3537 1325 3619; x_wconf 77' lang='grc' dir='ltr'>εἶσάπαν</span> 
     </span>
     <span class='ocr_line' id='line_1_15' title="bbox 125 3659 1355 3767; baseline -0.004 -21"><span class='ocrx_word' id='word_1_121' title='bbox 125 3665 212 3746; x_wconf 81' lang='grc' dir='ltr'>εἵσω</span> <span class='ocrx_word' id='word_1_122' title='bbox 234 3667 349 3762; x_wconf 77' lang='grc' dir='ltr'>τιθεὶς,</span> <span class='ocrx_word' id='word_1_123' title='bbox 369 3667 449 3746; x_wconf 77' lang='grc' dir='ltr'>οὔτε</span> <span class='ocrx_word' id='word_1_124' title='bbox 471 3661 542 3764; x_wconf 82' lang='grc' dir='ltr'>μὴν</span> <span class='ocrx_word' id='word_1_125' title='bbox 561 3661 769 3767; x_wconf 87' lang='grc' dir='ltr'>ὀλοτρόπως</span> <span class='ocrx_word' id='word_1_126' title='bbox 793 3666 859 3763; x_wconf 79' lang='grc' dir='ltr'>τῆς</span> <span class='ocrx_word' id='word_1_127' title='bbox 883 3668 1099 3766; x_wconf 82' lang='grc' dir='ltr'>θεοπρεποῦς</span> <span class='ocrx_word' id='word_1_128' title='bbox 1124 3659 1355 3762; x_wconf 85' lang='grc' dir='ltr'>ἁπτόμενονο</span> 
     </span>
     <span class='ocr_line' id='line_1_16' title="bbox 126 3783 1323 3898; baseline -0.003 -29"><span class='ocrx_word' id='word_1_129' title='bbox 126 3790 245 3898; x_wconf 79' lang='grc' dir='ltr'>δόξης·</span> <span class='ocrx_word' id='word_1_130' title='bbox 274 3791 359 3869; x_wconf 81' lang='grc' dir='ltr'>ἀλλ’</span> <span class='ocrx_word' id='word_1_131' title='bbox 379 3787 479 3868; x_wconf 76' lang='grc' dir='ltr'>οὐδὲν</span> <span class='ocrx_word' id='word_1_132' title='bbox 497 3786 606 3888; x_wconf 77' lang='grc' dir='ltr'>ἦττον</span> <span class='ocrx_word' id='word_1_133' title='bbox 627 3784 780 3868; x_wconf 80' lang='grc' dir='ltr'>κάνθάδε</span> <span class='ocrx_word' id='word_1_134' title='bbox 805 3784 918 3868; x_wconf 79' lang='grc' dir='ltr'>πάλιν</span> <span class='ocrx_word' id='word_1_135' title='bbox 939 3787 1023 3887; x_wconf 84' lang='grc' dir='ltr'>ἡμῖν</span> <span class='ocrx_word' id='word_1_136' title='bbox 1046 3787 1067 3866; x_wconf 85' lang='grc' dir='ltr'><strong>ὁ</strong></span> <span class='ocrx_word' id='word_1_137' title='bbox 1091 3783 1197 3870; x_wconf 81' lang='grc' dir='ltr'>αὐτὸς</span> <span class='ocrx_word' id='word_1_138' title='bbox 1221 3783 1323 3885; x_wconf 86' lang='grc' dir='ltr'>τετή-</span> 
     </span>
     <span class='ocr_line' id='line_1_17' title="bbox 124 3908 1326 4019; baseline -0.002 -24"><span class='ocrx_word' id='word_1_139' title='bbox 124 3948 229 4018; x_wconf 89' lang='grc' dir='ltr'>ρηται</span> <span class='ocrx_word' id='word_1_140' title='bbox 257 3911 451 4019; x_wconf 84' lang='grc' dir='ltr'>χαρακτήρ.</span> <span class='ocrx_word' id='word_1_141' title='bbox 501 3913 549 3995; x_wconf 83' lang='grc' dir='ltr'>ὡς</span> <span class='ocrx_word' id='word_1_142' title='bbox 576 3909 741 4014; x_wconf 77' lang='grc' dir='ltr'>μὲνγὰρ</span> <span class='ocrx_word' id='word_1_143' title='bbox 771 3909 865 3995; x_wconf 79' lang='grc' dir='ltr'>Θεὸς</span> <span class='ocrx_word' id='word_1_144' title='bbox 898 3908 991 3990; x_wconf 82' lang='grc' dir='ltr'>κατὰ</span> <span class='ocrx_word' id='word_1_145' title='bbox 1023 3910 1148 4018; x_wconf 82' lang='grc' dir='ltr'>φύσιν,</span> <span class='ocrx_word' id='word_1_146' title='bbox 1175 3911 1234 3989; x_wconf 82' lang='grc' dir='ltr'>καὶ</span> <span class='ocrx_word' id='word_1_147' title='bbox 1261 3911 1326 4008; x_wconf 81' lang='grc' dir='ltr'>τῆς</span> 
     </span>
     <span class='ocr_line' id='line_1_18' title="bbox 125 4031 1326 4145; baseline -0.006 -27"><span class='ocrx_word' id='word_1_148' title='bbox 125 4037 279 4144; x_wconf 81' lang='grc' dir='ltr'>ἀῤῥήτου</span> <span class='ocrx_word' id='word_1_149' title='bbox 304 4036 450 4145; x_wconf 82' lang='grc' dir='ltr'>φύσεως</span> <span class='ocrx_word' id='word_1_150' title='bbox 474 4033 659 4141; x_wconf 82' lang='grc' dir='ltr'>χαρακτὴρ</span> <span class='ocrx_word' id='word_1_151' title='bbox 684 4035 775 4140; x_wconf 86' lang='grc' dir='ltr'>πρὸς</span> <span class='ocrx_word' id='word_1_152' title='bbox 799 4031 863 4115; x_wconf 77' lang='grc' dir='ltr'>τᾶν</span> <span class='ocrx_word' id='word_1_153' title='bbox 885 4035 1010 4115; x_wconf 80' lang='grc' dir='ltr'>ἑαυτοῦ</span> <span class='ocrx_word' id='word_1_154' title='bbox 1034 4032 1181 4130; x_wconf 77' lang='grc' dir='ltr'>Πατέρα</span> <span class='ocrx_word' id='word_1_155' title='bbox 1209 4031 1326 4138; x_wconf 83' lang='grc' dir='ltr'>φησίν</span> 
     </span>
    </p>

    <p class='ocr_par' dir='ltr' id='par_1_10' title="bbox 74 4155 1325 4393">
     <span class='ocr_line' id='line_1_19' title="bbox 74 4155 1325 4270; baseline -0.002 -33"><span class='ocrx_word' id='word_1_156' title='bbox 74 4159 345 4270; x_wconf 78' lang='grc' dir='ltr'>ιοἘφανέροιοοί</span> <span class='ocrx_word' id='word_1_157' title='bbox 366 4197 426 4242; x_wconf 85' lang='grc' dir='ltr'>τον</span> <span class='ocrx_word' id='word_1_158' title='bbox 448 4159 483 4241; x_wconf 83' lang='grc' dir='ltr'>τδ</span> <span class='ocrx_word' id='word_1_159' title='bbox 511 4161 615 4268; x_wconf 65' lang='grc' dir='ltr'>ὄνομα</span> <span class='ocrx_word' id='word_1_160' title='bbox 638 4164 704 4245; x_wconf 72' lang='grc' dir='ltr'>τοῖς</span> <span class='ocrx_word' id='word_1_161' title='bbox 730 4157 918 4266; x_wconf 63' lang='grc' dir='ltr'>ἀνθρώποις,</span> <span class='ocrx_word' id='word_1_162' title='bbox 937 4159 1017 4237; x_wconf 80' lang='grc' dir='ltr'>ἀντὶ</span> <span class='ocrx_word' id='word_1_163' title='bbox 1041 4165 1105 4236; x_wconf 81' lang='grc' dir='ltr'>τοῦ</span> <span class='ocrx_word' id='word_1_164' title='bbox 1130 4155 1197 4256; x_wconf 80' lang='grc' dir='ltr'>τὴν</span> <span class='ocrx_word' id='word_1_165' title='bbox 1214 4155 1325 4262; x_wconf 81' lang='grc' dir='ltr'>δόξαν</span> 
     </span>
     <span class='ocr_line' id='line_1_20' title="bbox 125 4279 1323 4393; baseline -0.006 -27"><span class='ocrx_word' id='word_1_166' title='bbox 125 4290 234 4368; x_wconf 76' lang='grc' dir='ltr'>εἰπεῖν</span> <span class='ocrx_word' id='word_1_167' title='bbox 262 4281 299 4368; x_wconf 79' lang='grc' dir='ltr'>τδ</span> <span class='ocrx_word' id='word_1_168' title='bbox 330 4285 434 4393; x_wconf 68' lang='grc' dir='ltr'>ὄνομα</span> <span class='ocrx_word' id='word_1_169' title='bbox 459 4283 539 4368; x_wconf 82' lang='grc' dir='ltr'>θείς.</span> <span class='ocrx_word' id='word_1_170' title='bbox 577 4281 792 4384; x_wconf 74' lang='grc' dir='ltr'>μεμελέτηκε</span> <span class='ocrx_word' id='word_1_171' title='bbox 819 4281 890 4386; x_wconf 81' lang='grc' dir='ltr'>γάρ</span> <span class='ocrx_word' id='word_1_172' title='bbox 917 4316 995 4366; x_wconf 88' lang='grc' dir='ltr'>πως</span> <span class='ocrx_word' id='word_1_173' title='bbox 1021 4283 1085 4360; x_wconf 83' lang='grc' dir='ltr'>ὡδὶ</span> <span class='ocrx_word' id='word_1_174' title='bbox 1110 4281 1168 4361; x_wconf 81' lang='grc' dir='ltr'>καὶ</span> <span class='ocrx_word' id='word_1_175' title='bbox 1192 4279 1214 4379; x_wconf 85' lang='grc' dir='ltr'><strong><em>ἡ</em></strong></span> <span class='ocrx_word' id='word_1_176' title='bbox 1240 4279 1323 4359; x_wconf 84' lang='grc' dir='ltr'>καθ’</span> 
     </span>
    </p>
   </div>
   <div class='ocr_carea' id='block_1_9' title="bbox 127 4501 1325 4633">
    <p class='ocr_par' dir='ltr' id='par_1_11' title="bbox 127 4501 1325 4633">
     <span class='ocr_line' id='line_1_21' title="bbox 127 4501 1325 4632; baseline -0.003 -70"><span class='ocrx_word' id='word_1_177' title='bbox 127 4578 141 4632; x_wconf 48' lang='grc' dir='ltr'><strong><em>ἰ</em></strong></span> <span class='ocrx_word' id='word_1_178' title='bbox 165 4523 215 4574; x_wconf 80' lang='lat'>1-4</span> <span class='ocrx_word' id='word_1_179' title='bbox 213 4524 281 4632; x_wconf 48' lang='lat' dir='ltr'><strong>Ethm.</strong></span> <span class='ocrx_word' id='word_1_180' title='bbox 296 4507 329 4563; x_wconf 84' lang='grc' dir='ltr'>Ε.</span> <span class='ocrx_word' id='word_1_181' title='bbox 554 4509 580 4563; x_wconf 89' lang='grc'>8.</span> <span class='ocrx_word' id='word_1_182' title='bbox 600 4507 645 4562; x_wconf 81' lang='grc' dir='ltr'>σοι’</span> <span class='ocrx_word' id='word_1_183' title='bbox 658 4505 690 4562; x_wconf 84' lang='lat' dir='ltr'>E.</span> <span class='ocrx_word' id='word_1_184' title='bbox 704 4517 735 4561; x_wconf 85' lang='lat' dir='ltr'>ut</span> <span class='ocrx_word' id='word_1_185' title='bbox 746 4504 816 4561; x_wconf 75' lang='lat' dir='ltr'><strong>infra</strong></span> <span class='ocrx_word' id='word_1_186' title='bbox 827 4506 880 4578; x_wconf 75' lang='lat'>964</span> <span class='ocrx_word' id='word_1_187' title='bbox 894 4522 917 4560; x_wconf 79' lang='grc' dir='ltr'>α.</span> <span class='ocrx_word' id='word_1_188' title='bbox 932 4507 983 4560; x_wconf 84' lang='grc' dir='ltr'>σοῦ</span> <span class='ocrx_word' id='word_1_189' title='bbox 996 4503 1047 4561; x_wconf 86' lang='lat' dir='ltr'>Ed.</span> <span class='ocrx_word' id='word_1_190' title='bbox 1103 4503 1198 4560; x_wconf 82' lang='lat' dir='ltr'>Statim</span> <span class='ocrx_word' id='word_1_191' title='bbox 1212 4503 1280 4560; x_wconf 70' lang='grc' dir='ltr'>εἰσιν</span> <span class='ocrx_word' id='word_1_192' title='bbox 1293 4501 1325 4559; x_wconf 78' lang='grc' dir='ltr'>Ε.</span> 
     </span>
     <span class='ocr_line' id='line_1_22' title="bbox 141 4599 263 4633; baseline 0 0"><span class='ocrx_word' id='word_1_193' title='bbox 141 4599 200 4633; x_wconf 67' lang='lat' dir='ltr'>Um</span> <span class='ocrx_word' id='word_1_194' title='bbox 256 4617 263 4633; x_wconf 83' lang='grc' dir='ltr'>ι</span> 
     </span>
    </p>
   </div>
   <div class='ocr_carea' id='block_1_10' title="bbox 0 0 1624 5114">
    <p class='ocr_par' dir='ltr' id='par_1_12' title="bbox 0 0 1624 5114">
     <span class='ocr_line' id='line_1_23' title="bbox 0 0 1624 5114; baseline 0 4"><span class='ocrx_word' id='word_1_195' title='bbox 0 0 1624 5114; x_wconf 95' lang='lat' dir='ltr'> </span> 
     </span>
    </p>
   </div>
  </div>
 </body>
</html>
