3238 5114
128 349 208 418 xvii.
226 355 341 445 18,19.
376 359 432 426 IN
462 360 497 428 S.
521 361 780 429 JOANNEM.
825 361 1007 429 ΙιΙΒ.ΧΙ.
1053 363 1214 432 οΑΡ.Χ.
1268 365 1332 430 727

128 520 348 622 βαπτιστής·
387 522 489 628 ἅγιος
515 525 586 632 γὰρ
613 525 658 629 ἦν
687 530 749 608 καὶ
774 529 813 608 ἐν
839 525 989 636 ε’μβριίῳι
1011 530 1070 609 καὶ
1098 529 1231 636 μήτρᾳ.
1271 531 1365 608 καὶδ

130 650 222 742 γοῦν
250 646 393 749 ἐλέγετο
419 647 510 754 πρός
537 650 603 752 τὴν
621 653 800 755 μακαρίαν
817 650 993 755 παρθένον
1020 662 1043 700 “
1056 657 1205 751 Πνεῦμα
1226 651 1332 755 ἅγιον
1376 675 1502 728 αιτιοι

132 775 157 812 “
174 768 404 852 ἐπελεύσεται
427 776 485 854 ἐπὶ
507 773 567 873 σέ,
588 778 648 856 καὶ
665 774 812 874 δύναμις
831 777 992 883 ὑψίστου
1010 773 1214 858 ἐπισκιάσει
1232 775 1329 856 σοι·”
1377 753 1418 806 ³⁵⁸

133 890 235 970 ἀλλὰ
253 891 392 974 δίδοται
409 894 475 996 μὲν
493 903 541 983 εἰς
559 907 709 998 σημεῖον
727 901 779 1007 τῷ
796 905 984 1004 βαπτιστῇ
1002 897 1044 982 τό
1065 898 1191 998 θέαμα.
1224 909 1329 1002 λαγι-

96 1011 265 1116 5ζῦμεθα
283 1015 314 1095 δ’
334 1019 397 1098 οῦν
415 1018 513 1119 ὅμως
539 1021 713 1124 ἡγιάσθαι
740 1057 778 1102 τε
806 1021 872 1124 τὴν
895 1021 1017 1128 σάρκα
1044 1023 1103 1104 διὰ
1131 1032 1196 1104 τοῦ
1215 1021 1332 1104 Πνεῦ-

134 1172 257 1237 ματος,
276 1144 358 1222 καθ’
379 1143 570 1246 ὁμοιότητα
587 1150 651 1245 τῆς
669 1147 787 1246 ἄλλης
809 1148 959 1231 κτίσεως
985 1147 1050 1228 τὸν
1069 1148 1159 1228 ’ίδιον
1176 1150 1214 1228 ἐν
1237 1147 1334 1253 αὐτῷ

135 1267 389 1369 καταχρίοντος
421 1267 507 1348 ναὸν
535 1278 599 1350 τοῦ
629 1268 721 1349 κατὰ
754 1269 869 1376 φύσιν
898 1271 1002 1374 ἁγίου
1032 1274 1090 1351 καὶ
1120 1274 1159 1352 ἐκ
1189 1267 1335 1374 Πατρός

136 1383 239 1473 ὄντος
261 1387 395 1492 Λόγου·
436 1395 494 1474 καὶ
523 1402 629 1476 τοῦτο
659 1392 758 1480 εἰδὼς
788 1395 808 1472 ὁ
830 1394 992 1503 μελῳδὸς
1019 1395 1205 1502 ἀνεφόνει,
1227 1393 1270 1474 τὸ
1298 1395 1336 1472 ἐν

136 1511 384 1614 άνθρουτότητι
402 1516 603 1619 πρόσωπον
621 1517 876 1621 άναθεωρήσας
893 1525 958 1598 τοῦ
978 1523 1208 1622 Μονογενοῦς
1225 1527 1248 1566 “
1261 1517 1336 1598 Διά
1381 1531 1423 1646 {⁸-
1430 1529 1491 1584 xliv.

78 1667 124 1708 10
137 1643 160 1682 ‘⁶
178 1643 283 1716 τοῦτο
310 1638 436 1742 ἐχρισέ
458 1675 504 1720 σε
530 1643 550 1720 ὁ
569 1641 662 1726 Θεὸς
681 1643 701 1721 ό
720 1639 813 1726 Θεός
839 1675 910 1722 σου
936 1639 1061 1723 ἐ’λαιον
1079 1641 1337 1744 ἀγαλλιάσεως
1399 1635 1405 1648 ’

137 1768 160 1807 “
177 1759 277 1865 παρὰ
299 1761 382 1848 τοῦς
403 1763 574 1870 μετόχους
591 1766 693 1847 σου.”
721 1767 976 1870 καταχρίοντος
994 1765 1066 1868 γὰρ
1083 1774 1148 1846 τοῦ
1165 1770 1255 1845 Υίοῦ
1272 1763 1366 1849 τὸνα

137 1881 227 1962 ἰ’διον
252 1884 349 1983 ναόν,
372 1888 393 1966 ό
419 1887 549 1992 Πατὴρ
576 1888 719 1991 λέγεται
744 1897 850 1970 τοῦτο
879 1893 979 1992 δρῦν.
1015 1892 1151 1993 ἐνεργεῖ
1171 1886 1244 1992 γὰρ
1269 1888 1338 1994 οὐχ

138 2005 263 2109 ἑτέρως
285 2007 308 2110 ἢ
332 2013 375 2090 δι’
395 2016 498 2093 Υίοῦ.
533 2012 746 2118 ἀναφέρεται
775 2009 813 2092 δέ
839 2019 912 2094 πᾶν
938 2012 1027 2114 ὅπερ
1051 2011 1096 2092 ἂν
1124 2011 1289 2116 δράσειεν
1316 2013 1337 2092 ό

139 2130 227 2216 Υίὸς
251 2139 298 2217 είς
328 2132 392 2215 τὸν
417 2135 462 2243 ἐξ
486 2134 595 2240 οίιπέρ
620 2140 700 2218 ἐστι
725 2136 884 2240 Πατέρα·
924 2135 1003 2238 ῥίζα
1032 2135 1104 2240 γὰρ
1132 2133 1257 2240 ὥσπερ
1284 2169 1339 2220 τις

86 2270 126 2333 15
140 2256 218 2335 ἐστὶ
236 2259 294 2336 καὶ
311 2257 411 2360 πηγὴ
429 2268 493 2340 τοῦ
512 2261 600 2341 ίδίου
616 2259 836 2364 γεννήματος
855 2262 875 2340 ὁ
895 2259 1038 2363 Πατήρ.

197 2380 422 2480 Θαυμαστόν
452 2381 490 2464 δέ
520 2381 631 2482 οῦδὲν,
660 2390 690 2464 εί
720 2387 778 2464 καὶ
808 2381 1022 2487 ἁγιάζεσθαί
1053 2387 1170 2489 φησιν
1202 2381 1338 2480 ἑαυτὸν,

140 2505 253 2584 καίτοι
268 2503 358 2585 κατά
377 2504 491 2613 φύσιν
509 2505 610 2609 ἅγιος
628 2507 690 2601 ὧν,
710 2507 769 2588 ὅτε
788 2511 846 2587 καὶ
866 2505 963 2587 Θεὸν
981 2507 1091 2586 αὐτοῦ
1108 2504 1172 2586 τὸν
1191 2504 1337 2610 Πατέρα

141 2636 318 2708 καλοῦσιν
345 2635 382 2710 αἱ
405 2634 555 2738 γραφαὶ,
574 2631 686 2712 καίτοι
715 2629 807 2711 κατὰ
835 2629 950 2737 φύσιν
973 2629 1076 2714 ὄντος
1105 2635 1212 2711 Θεοῦ.
1250 2631 1336 2710 ἀλλ’

141 2747 239 2850 οἶμαι
270 2756 372 2834 ταυτὶ
403 2761 480 2839 ταῖς
511 2759 575 2854 τῆς
608 2753 884 2859 άνθρωπότητος
916 2753 1050 2858 χρείαις
1081 2756 1141 2833 καὶ
1171 2755 1224 2861 τῷ
1254 2752 1336 2834 καθ’

87 2892 129 2934 ²0
143 2873 235 2975 ἡμᾶς
260 2877 432 2980 πρέποντι
460 2877 622 2983 σχήματι
646 2885 767 2964 καλῶς
791 2881 850 2958 καὶ
875 2879 1018 2962 δικαίως
1045 2877 1190 2976 ἀναθείη
1213 2910 1266 2960 τις
1282 2873 1340 2973 δν,

142 3001 200 3078 καὶ
219 3000 283 3078 οὐκ
299 2997 345 3078 ἂν
363 2999 515 3104 ἁμάρτοι
536 3009 601 3081 τοῦ
617 3001 826 3105 πρέποντος.
851 2997 978 3103 ὥσπερ
990 3000 1058 3102 ρῦν
1077 2997 1231 3080 άπέθανε
1249 2997 1376 3081 κατᾶδ

143 3121 264 3226 σάρκα
282 3122 371 3227 ῦπέρ
389 3125 500 3226 ἡμῶν,
519 3127 567 3210 ὡς
584 3126 784 3228 ἅνθρωπος,
796 3126 911 3204 καίτοι
929 3121 1020 3203 κατὰ
1035 3121 1150 3229 φύσιν
1169 3110 1341 3227 ὑπάρχων

143 3248 192 3332 ὡς
210 3247 316 3332 Θεός·
351 3251 408 3328 καὶ
433 3245 557 3352 ὥσπερ
575 3251 703 3334 ἐντοῖς
731 3245 901 3351 γεγονόσι
930 3249 988 3327 καὶ
1007 3245 1076 3328 ὑπὸ
1096 3243 1202 3349 ζυγὸν
1226 3279 1338 3326 κατα-

143 3370 357 3473 τεταγμένος
384 3370 442 3452 διὰ
465 3371 532 3473 τὴν
559 3371 828 3476 άνθρωπότητα,
856 3371 968 3452 καίτοι
996 3376 1070 3450 τῶν
1098 3368 1195 3449 ὅλων
1223 3367 1342 3472 κύριος

90 3507 129 3569 25
144 3491 209 3591 ὧν,
237 3493 333 3575 Θεὸν
356 3496 482 3576 ἑαυτοῦ
505 3493 570 3577 τὸν
589 3495 733 3600 Πατέρα
752 3495 880 3602 φησίν·
918 3495 1011 3574 οὕτω
1034 3492 1077 3572 δι’
1102 3492 1195 3591 ἡμᾶς
1217 3489 1343 3572 ἑαυτὸν

144 3616 306 3727 ἁγιάζων
323 3619 582 3724 διισχυρίζεται,
601 3619 659 3700 ἵνα
680 3621 738 3699 καὶ
756 3624 804 3702 είς
822 3619 914 3717 ἡμᾶς
938 3613 1137 3722 δραμόντας
1161 3623 1225 3696 τοῦ
1247 3612 1341 3716 πρά·

144 3775 291 3844 γματος,
318 3745 367 3826 ὡς
392 3743 430 3822 ἐν
454 3744 600 3847 ἀπαρχῇ
625 3746 688 3842 τῆς
713 3741 968 3841 ἀνανεουμένης
994 3741 1155 3849 φύσεως,
1182 3741 1221 3818 ἐν
1247 3739 1344 3843 αὐτῷ

145 3867 203 3946 καὶ
229 3866 328 3966 ἡμεῖς
353 3861 448 3965 ὦμεν
475 3865 672 3972 ἡγιασμίνιι
699 3866 729 3946 ἐι
758 3862 908 3975 ἀληθεία,
934 3863 1136 3960 τουτέστιν,
1165 3864 1203 3941 ἐν
1229 3861 1344 3967 Ἀγίῳ

147 3988 341 4089 Πνειίματι.
395 3989 438 4070 τό
475 3987 547 4093 γάρ
581 3988 729 4088 Πνεῦμά
766 3990 867 4069 ἐστιν
899 3987 922 4086 ἡ
954 3985 1115 4087 ἀλήθεια,
1147 3983 1240 4064 κατὰ
1276 3981 1343 4081 τὴν
1390 4018 1513 4070 mm.

92 4148 132 4206 30
144 4112 312 4194 Ἰωάννου
331 4113 469 4220 φωνήν·
510 4115 552 4193 οῦ
580 4111 650 4217 γὰρ
677 4114 798 4216 ἕτερον
823 4109 924 4214 παρὰ
941 4107 1005 4190 τόν
1022 4105 1113 4190 Υίόν
1132 4106 1174 4188 τὸ
1193 4113 1341 4205 Πνεῦμα
1386 4083 1448 4136 v.⁶.

145 4238 264 4336 αὐτοῦ,
284 4235 374 4317 κατά
397 4272 438 4340 γε
463 4235 527 4318 τόν
549 4239 586 4317 ἐν
610 4237 717 4344 οὐσίᾳ
744 4232 869 4338 λόγον,
888 4229 951 4315 ίίτε
975 4231 1019 4335 δὴ
1042 4234 1101 4315 καὶ
1123 4233 1161 4312 ἐν
1183 4231 1279 4338 αὐτῷ
1303 4263 1342 4312 τε

147 4360 308 4467 ὑπάρχον
326 4363 384 4443 καὶ
403 4362 446 4442 δι’
466 4362 575 4443 αὑτοῦ
591 4359 729 4464 προϊόν.

631 4567 860 4644 μήωώδ
