3248 5112
132 383 230 428 xm.
317 363 371 428 IN
402 362 436 428 S.
460 362 718 428 JOANNEM.
762 363 861 428 LIB.
884 363 927 430 X.
972 365 1075 430 cAP.
1099 364 1146 430 11.
1266 365 1329 428 541

133 532 198 628 τῆς
216 528 390 638 αὐτῷκαὶ
407 528 506 638 μόνιρ
523 529 733 632 πρεπούσης
751 529 899 634 ἔναρχος
918 515 1033 636 ἀρχή·
1054 527 1114 610 διὰ
1137 537 1244 610 τοῦτο
1267 525 1332 629 μὲν

133 652 212 756 ῥίζα
239 653 364 755 ῶσπερ
391 652 553 759 ιῖμπελις
582 655 611 734 δ’
629 650 803 756 Χριστός,
825 652 994 754 κλήματα
1021 654 1059 735 δὲ
1086 654 1196 753 ἡμεῖς.
1236 659 1266 732 εἰ
1293 650 1332 732 δὲ

133 777 297 879 γεωργὸν
316 775 481 876 ὠνόμασε
500 776 564 857 τόν
584 777 744 881 Πατέρα,
765 776 816 876 μῆ
835 773 935 883 εἴπης
954 781 1002 862 ὡς
1020 777 1253 882 ἕτεροούσιον.
1290 778 1333 857 οὐ

134 897 207 1003 γάρ
233 908 338 981 τοῦτο
363 905 523 1001 σημῆναι
547 899 729 998 βούλεται,
748 897 910 1004 καθάπερ
932 899 1128 1005 εἰρήκαμεν,
1148 903 1232 981 ἀλλ’
1252 903 1330 982 ε’πι-

97 1023 250 1130 5δεῖξαι
275 1023 448 1125 θελήσας,
467 1023 522 1105 ότι
549 1028 607 1104 καί
634 1022 713 1128 ῥίζα
741 1027 799 1104 καὶ
826 1022 920 1128 ἀρχὴ
946 1029 1010 1124 τῆς
1033 1027 1072 1105 έν
1090 1026 1174 1124 ἡμῖν
1191 1059 1330 1128 καρπο-

136 1147 267 1254 φορίας
282 1152 521 1248 πνευματικῆς
539 1151 598 1228 καί
616 1147 706 1252 ζωῆς
724 1147 747 1247 ῆ
766 1149 844 1228 θεία
861 1147 986 1252 γέγονε
1011 1147 1133 1252 φύσις,
1151 1148 1242 1252 πρὸς
1259 1154 1364 1234 τοῖςι
1386 1167 1501 1226 sm.

136 1271 330 1374 εἰρημένοις
356 1275 515 1375 ἀγαθοῖς,
535 1275 582 1356 ῶς
606 1275 644 1352 ἐν
664 1279 827 1375 γεωργοῦ
855 1305 950 1356 τινος
976 1270 1077 1378 τάξει
1104 1271 1331 1377 χαριζομένη,

136 1397 198 1474 καὶ
221 1394 442 1500 ἐπιφέρουσα
467 1401 541 1479 τοῖς
566 1393 626 1474 διά
649 1396 806 1479 πίστεως
829 1395 1058 1494 κεκλημένοις
1077 1401 1125 1480 εἰς
1150 1397 1336 1476 κοινωνίαν

136 1519 247 1617 αὐτῆς
271 1515 339 1618 τῆν
356 1519 551 1625 ἐπίσκεψιν
568 1523 632 1618 τῆς
658 1517 813 1620 ἀγάπης.
854 1517 956 1598 οὐδέν
973 1519 1036 1600 οὐν
1054 1519 1125 1622 ἀρα
1147 1528 1336 1606 παντελῶς

76 1641 160 1740 ιοῆ
186 1647 259 1722 τῶν
276 1639 577 1745 παραδειγμάτων
593 1639 805 1743 ἀνομοιότης
831 1639 923 1746 πρὸς
947 1641 1011 1722 τὸν
1029 1647 1092 1743 τῆς
1115 1644 1241 1729 οὐσίας
1264 1643 1336 1752 ἕξει

135 1763 266 1866 λόγον·
310 1767 352 1845 οὐ
383 1763 456 1869 γὰρ
485 1764 667 1869 πρόκειται
700 1768 777 1846 νυνὶ
808 1771 860 1873 τῷ
892 1770 1043 1870 Σωτῆρι
1069 1771 1222 1875 Χριστῷ
1255 1771 1336 1871 περὶ

136 1888 266 1970 τούτου
293 1922 329 1970 τι
354 1889 485 1991 λέγειν,
504 1877 589 1970 ἀλλ’
610 1889 730 1995 ἕτερον
748 1889 820 1996 ἔχει
848 1889 989 1972 σκοπὸν
1010 1895 1075 1992 τῆς
1099 1893 1336 1978 διδασκαλίας

138 2010 327 2116 ότρόπος.

193 2133 342 2238 Ἐπειδὴ
376 2135 415 2218 δέ
447 2135 567 2239 λέγειν
599 2139 620 2217 ὃ
655 2135 860 2244 παράφρων
890 2142 929 2220 ἐκ
961 2143 1025 2240 τῆς
1056 2139 1207 2240 ένούσης
1238 2140 1336 2249 αὐτῷ

80 2287 123 2350 15
138 2259 362 2355 δυσβουλίας
385 2259 432 2341 τά
456 2263 521 2342 οὐκ
549 2263 665 2365 ὀρθῶς
690 2260 819 2366 ἔχοντα
843 2262 1024 2361 βούλεται,
1043 2264 1106 2342 καί
1128 2269 1259 2366 φησιν,
1281 2263 1370 2346 &cb

137 2381 251 2483 λόγος
279 2385 390 2468 οὐδεὶς
418 2385 602 2492 ἐπιτρέψει
629 2389 705 2486 τῆς
721 2387 856 2470 εὐθείας
882 2382 1009 2490 ὥσπερ
1033 2385 1246 2493 ἐξέλκοντας
1272 2385 1337 2465 τὸν
1381 2393 1507 2510 ξὲγγυη

137 2515 203 2587 τοῦ
229 2507 460 2611 προκειμένου
487 2507 631 2590 σκοπὸν
652 2509 875 2614 περιτρέπειν
900 2515 948 2594 εἰς
975 2509 1042 2610 τὴν
1065 2509 1338 2612 ε’νανθροίπησιν
1456 2497 1462 2512 ⁸

137 2638 203 2710 τοῦ
232 2636 409 2734 Χριστοῦ·
450 2633 492 2712 οὐ
522 2629 593 2736 γάρ
623 2631 861 2740 συνήφθημεν
890 2634 986 2741 αὐτῷ
1018 2631 1111 2713 κατὰ
1138 2631 1181 2712 τὸ
1212 2639 1339 2734 σῶμα,

138 2753 226 2835 ἀλλ’
250 2754 330 2836 οὐδὲ
358 2755 482 2855 έμενον
509 2761 543 2837 οἱ
577 2754 780 2838 ἀπόστολοι
813 2760 861 2841 ὡς
890 2754 1060 2858 κλήματα
1086 2756 1197 2861 τυχὸν
1224 2759 1262 2837 ἐν
1289 2765 1342 2866 τῷ

83 2919 125 2962 ιο
138 2878 283 2978 σάματι
311 2887 376 2960 τοῦ
406 2885 582 2982 Χριστοῦ,
612 2883 690 2960 οὐτε
719 2879 793 2980 μὴν
820 2881 916 2988 αὐτῷ
946 2880 1038 2961 κατὰ
1065 2889 1193 2962 τοῦτον
1222 2883 1339 2983 συνῆ·

136 3035 274 3083 πτοντο
290 3002 354 3082 τὸν
372 3001 496 3106 λόγον,
515 3002 615 3084 ἀλλά
634 3002 789 3084 διαθέσει
816 3007 874 3083 καί
898 3005 1020 3084 πίστει
1046 3010 1234 3107 εἰλικρινεῖ,
1254 3005 1341 3110 φέρε

137 3159 175 3204 τι
205 3124 327 3231 βραχύ
363 3131 422 3207 καί
460 3125 551 3230 πρὸς
587 3135 702 3206 ταῦτα
738 3127 912 3228 λέγωμεν,
943 3131 1110 3231 πανταχῆ
1146 3125 1342 3212 δεικνύντες

138 3249 363 3356 ἀφραίνοντα
389 3253 447 3331 καί
471 3257 544 3330 τῶν
567 3255 670 3352 ἰερῶν
687 3247 911 3354 γραμμάτων
930 3251 994 3330 οὐκ
1022 3248 1122 3330 ἰόντα
1145 3250 1221 3331 κατ’
1242 3249 1339 3332 εὐθύ.

139 3369 197 3450 ότι
214 3372 279 3471 μέν
298 3372 370 3476 γάρ
388 3375 546 3455 διαθέσει
564 3379 610 3480 τῇ
630 3374 801 3479 νοουμένῃ
820 3372 912 3453 κατά
938 3372 1003 3474 τὴν
1021 3375 1163 3454 τελείαν
1181 3372 1371 3477 ἀγάπην,ο

82 3526 124 3588 ²5
139 3496 230 3602 ὀρθῇ
251 3531 291 3577 τε
315 3500 374 3577 καὶ
398 3495 634 3606 άδιαστρόφιρ
657 3499 787 3596 πίστει,
812 3497 995 3605 φιλαρέτιρ
1019 3531 1059 3578 τε
1083 3502 1140 3578 καί
1166 3503 1348 3602 εἰλικρινεῖ

140 3625 313 3726 λογισμῷ
344 3619 589 3720 συνενούμεθα
621 3627 867 3720 πνευματικῶς
897 3626 949 3729 τῷ
983 3626 1148 3728 Χριστῷ,
1181 3623 1345 3720 οὐδαμῶς

139 3741 377 3851 ε’ξαρνήσεται
401 3751 475 3824 τῶν
488 3745 580 3847 παρ’
600 3743 685 3843 ἡμῖν
709 3744 900 3848 δογμάτων
923 3745 943 3823 ῦ
969 3743 1094 3845 λόγος·
1126 3753 1345 3849 συνεροῦμεν

139 3865 213 3970 γὰρ
237 3865 292 3946 ότι
318 3866 361 3967 δῆ
386 3869 488 3966 μάλα
513 3866 620 3948 τοῦτό
646 3874 763 3972 φασιν
787 3869 915 3971 ὀρθῶς·
952 3868 995 3949 τὸ
1022 3867 1065 3948 δέ
1087 3902 1130 3969 γε
1158 3873 1340 3971 καταθαρ·

139 3993 257 4090 σῆσαι
286 3990 406 4092 λέγειν
438 3994 486 4075 ὡς
518 3992 630 4075 οὐδεὶς
662 3991 747 4091 ῆμῖν
775 3991 973 4097 συναφείας
1007 3995 1071 4092 τῆς
1102 3989 1194 4070 κατά
1223 3987 1344 4092 σάρκα

86 4113 231 4218 3οπρῦς
258 4111 368 4195 αὐτὸν
393 4116 414 4195 ό
442 4113 564 4217 λόγος,
584 4114 794 4217 ὁλοκλήρως
821 4118 962 4222 ἀπᾷδον
986 4122 1064 4198 ταῖς
1092 4113 1345 4200 θεοπνεύστοις

139 4243 299 4344 γραφαῖς
331 4237 562 4345 ἐπιδείξομεν.
611 4245 688 4323 πῶς
702 4236 793 4342 -γάρ
825 4235 871 4318 ἀν
904 4238 1123 4342 ἀμφίλογον,
1155 4235 1178 4338 ῆ
1210 4236 1265 4322 τίς
1297 4233 1344 4316 ἀν

140 4360 237 4446 ὅλως
262 4361 443 4442 ἐνδοιάσαι
467 4361 555 4442 ποτὲ
580 4369 653 4442 τῶν
671 4363 709 4443 εὐ
735 4367 881 4470 φρονεῖν
899 4361 1087 4461 εἰωθότων,
1106 4363 1153 4445 ῶς
1180 4359 1343 4460 ἄμπελος

142 4618 168 4660 2.
187 4598 291 4674 ὥσπερ]
309 4607 336 4668 -1-
353 4603 395 4658 καί
407 4599 459 4659 Ed.
472 4599 563 4658 invitia
578 4601 639 4673 Ερ.
727 4617 754 4671 9.
773 4599 859 4658 αὐτοῖς
871 4599 935 4670 (εἰς)
948 4619 974 4673 ρ.
1064 4615 1108 4672 3²·
1127 4599 1226 4659 ἐνδοίαε
1238 4599 1300 4672 (εἰς)
1315 4617 1342 4672 p.
