3200 5092
444 335 488 400 48
748 339 787 404 B.
811 339 1022 404 CYRILLI
1052 339 1340 406 ALEXANDR.

445 503 503 584 ἆτὶ
526 499 569 584 τὸ
592 507 745 585 τοιῦσδε
769 503 879 611 τυχὸν
896 512 1022 586 λαλεῖν
1040 505 1258 609 ὁρμώμενος·
1288 507 1382 586 οὕτω
1405 503 1472 586 τοῦ

445 633 593 722 βοῦντες
633 627 920 730 ίατοτοπήσωμεν
959 627 1026 728 τήν
1062 637 1127 709 τοῦ
1165 628 1457 733 παραδείγματος

445 749 687 844 ἀναβαίνοντα
713 751 777 832 τὸν
794 751 895 849 Υίὸν,
919 753 1060 856 ε’πείπερ
1086 755 1186 834 ε’στὸν
1213 752 1319 837 αὐτὸς
1347 756 1408 832 καὶ
1438 759 1472 830 Λ

445 874 563 979 σοφία
587 883 651 955 τοῦ
670 879 766 955 Θεοῦ
790 878 848 955 καὶ
868 873 1024 977 Πατρὸς,
1042 874 1089 955 τὸ
1114 879 1151 955 ἐν
1177 877 1274 983 αὐτῷ
1301 875 1472 976 διαλίγεσ

445 997 588 1101 ε’πείπερ
615 1000 716 1080 ε’στὶν
738 1001 802 1080 οῦκ
825 999 1075 1084 ἀνυπόστατος
1103 996 1229 1101 ὥσπερ
1257 1000 1277 1078 6
1306 999 1469 1101 οἱνθρώπι

444 1119 606 1208 ε’νοιίσιός
640 1157 679 1202 τε
717 1126 776 1202 καὶ
810 1123 880 1226 ζῶν
913 1127 962 1208 ὡς
997 1123 1089 1204 ίδίαν
1117 1122 1210 1228 ἔχων
1241 1126 1279 1202 ἐν
1308 1125 1429 1225 Πατρὶ
1466 1157 1472 1200 ι

447 1242 594 1348 Πατρὸς
615 1243 681 1346 τήν
700 1246 865 1354 ὕπαρξιν,
884 1249 949 1326 οὐκ
974 1244 1062 1327 εἶναι
1079 1249 1176 1352 μίνος
1198 1244 1324 1326 ἐνθάδε
1348 1249 1472 1350 φησὶν,

444 1374 518 1474 μετ’
538 1370 647 1450 σῦτοῦ
667 1379 726 1451 καὶ
745 1369 809 1451 τὸν
827 1365 1036 1478 πέμφαντα
1054 1367 1173 1451 αὐτὸν.
1212 1368 1299 1450 ὅταν
1317 1368 1356 1448 δὲ
1379 1370 1472 1473 λε’γῃ

414 1495 534 1597 eima,
552 1495 719 1594 σημαίνει
737 1523 771 1574 τι
788 1492 901 1574 πάλιν
919 1492 1114 1597 θεοπρεπές
1139 1527 1179 1574 τε
1203 1497 1261 1573 καὶ
1288 1490 1472 1592 μυστικόν·

443 1613 560 1714 δήπου
578 1625 767 1716 νομιοῦμεν
783 1620 893 1697 ἐκεῖνο
911 1615 1030 1720 λέγειν
1049 1615 1167 1714 αὑτὸν,
1182 1615 1238 1697 δτι
1256 1615 1382 1718 ὥσπερ
1401 1612 1472 1694 ἂνι

441 1737 532 1837 μετὰ
550 1739 740 1845 προφήτου
759 1738 862 1838 Θεὸς,
881 1740 1117 1845 συνασπίζον
1135 1739 1303 1841 δηλονότι
1324 1745 1370 1844 τῇ
1397 1745 1469 1818 υίκε

441 1895 510 1959 μει,
528 1865 587 1942 καὶ
611 1871 689 1948 ταῖς
713 1865 901 1964 εῦμενείαις
927 1866 1123 1966 ἐπικουρῶν
1139 1863 1218 1964 ἤτοι
1241 1869 1319 1947 ταῖς
1345 1861 1406 1942 διὰ
1429 1895 1472 1941 το

441 2019 554 2085 ματος
581 1985 815 2093 ε’λλιίμψεσιν
842 1993 891 2072 είς
918 1987 1142 2092 προφητείαν
1167 1989 1324 2090 ἐγείρων,
1352 1989 1446 2066 οὕτω

442 2110 552 2190 αὐτοῦ
570 2109 634 2190 τὸν
652 2109 893 2213 γεννήσαντα·
923 2109 1024 2191 ἀλλὰ
1049 2115 1108 2191 καὶ
1129 2113 1167 2192 ε’ν
1185 2110 1323 2195 τούτοις
1346 2111 1471 2209 τίθησι

442 2235 523 2338 ἐμοῦ
541 2236 624 2316 καθ’
645 2235 765 2338 ἕτερον
782 2233 929 2339 τρόπον·
960 2241 1009 2320 εἰς
1026 2234 1093 2336 τήν
1111 2234 1222 2334 αὐτὴν
1240 2232 1311 2336 γάρ
1329 2267 1391 2333 μοι
1409 2230 1472 2340 φύι

441 2366 458 2439 6
479 2355 637 2466 τίμφας
655 2357 824 2463 μίφησι,
844 2357 937 2443 Θεὸς
956 2358 1125 2459 δηλονότι
1142 2362 1201 2438 καὶ
1222 2357 1362 2461 Πατήρ.

499 2481 606 2562 Κατὰ
637 2479 719 2562 τόδε
751 2479 893 2583 νοήσεις
924 2479 967 2562 τὸ
1000 2487 1128 2587 σχῆμα
1160 2485 1219 2562 καὶ
1248 2479 1290 2562 τὸ
1320 2484 1358 2561 ἐν
1386 2485 1438 2588 τῷ
1469 2519 1471 2536 ·

272 2624 389 2750 ξυμ.
411 2607 601 2705 οκείμενον
620 2604 762 2715 Ἠσαίᾳ
789 2609 869 2709 περὶ
897 2611 1063 2710 Χριστοῦ
1087 2617 1110 2654 “
1125 2611 1245 2686 Γνῶτε
1272 2603 1355 2705 ἔθνη
1383 2607 1442 2684 καὶ
1468 2641 1471 2652 ⁴

271 2717 379 2832 αἰσία
442 2739 465 2777 “
482 2729 537 2810 ὅτι
563 2731 643 2830 μεθ’
673 2731 776 2830 ήμῶν
803 2731 823 2809 6
852 2727 975 2826 Θεὸς,”
999 2729 1153 2831 ἁρμόσει
1187 2728 1253 2828 μὲν
1280 2727 1352 2832 γὸρ
1386 2730 1406 2808 ὸ
1439 2730 1471 2807 ἐπ

442 2851 554 2956 λόγος
572 2857 631 2934 καὶ
649 2855 702 2934 ἐπ’
723 2855 820 2960 αὐτῷ
841 2851 907 2952 τὴν
927 2861 992 2933 τοῦ
1016 2853 1197 2956 σώζεσθαι
1222 2853 1468 2951 πεποιημένοις

442 2981 538 3085 φασὶ
566 2976 604 3057 δὲ
632 2977 728 3076 ὅμως
751 2979 809 3056 καὶ
835 2975 933 3057 οὗτοι
957 2974 1000 3056 τό
1026 2979 1124 3056 Μεθ’
1143 2977 1245 3077 ἡμῶν
1263 2978 1283 3056 6
1302 2973 1405 3071 Θεὸς,
1425 2977 1471 3078 οὐ]

442 3099 488 3182 ἂν
521 3101 555 3182 εί
587 3135 641 3186 τις
677 3099 876 3200 ίπτονοήσαι
912 3097 1034 3205 τυχὸν,
1072 3100 1127 3179 ὅτι
1164 3097 1340 3203 συνεργὸς
1374 3098 1440 3198 μὲν

441 3222 755 3328 συμπαραστάτης
782 3224 886 3304 ἔσται
905 3223 1010 3321 Θεὸς,
1028 3224 1115 3303 ἀλλ’
1136 3222 1190 3304 ὅτι
1207 3224 1290 3322 μεθ’
1310 3224 1420 3322 ήμῶν,
1438 3253 1470 3301 τι

440 3349 486 3455 ἐξ
499 3349 612 3448 ἡμῶν.
650 3349 838 3450 ἅνθρωπος
856 3346 922 3447 μὸν
940 3345 1012 3450 γὸρ
1030 3347 1177 3450 γε’γονεν
1194 3348 1214 3426 6
1233 3354 1297 3426 τοῦ
1316 3351 1411 3426 Θεοῦ
1430 3351 1470 3425 Λι

440 3473 479 3551 ἐν
508 3471 624 3580 τούτῳ
656 3471 788 3555 πάντες
821 3470 1114 3570 διασεσῶσμεθα,
1142 3473 1201 3550 καὶ
1232 3468 1463 3576 διεῤῥήξαμεν

440 3594 598 3675 θανάτου
631 3591 761 3692 δεσμὸ,
801 3598 860 3674 καὶ
895 3595 962 3694 τὴν
995 3597 1036 3674 ἐκ
1072 3599 1136 3694 τῆς
1171 3595 1346 3696 ἁμαρτίας
1382 3595 1470 3673 ἀπεδ

440 3718 593 3826 φθορὰν,
629 3719 773 3820 ἐπείπερ
810 3717 1057 3818 καταβέβηκεν
1093 3724 1142 3803 είς
1186 3718 1289 3817 ἡμᾶς,
1324 3719 1382 3796 καὶ
1416 3731 1470 3813 μεί

404 3843 587 3946 ὸγίγονεν
605 3844 625 3922 6
642 3844 680 3922 ἐν
697 3846 824 3948 μορφῇ
839 3849 905 3922 τοῦ
924 3845 1020 3922 Θεοῦ
1039 3838 1211 3946 ὑπάρχων
1230 3837 1323 3923 Θεὸς
1342 3838 1468 3942 Αὸγος.

474 4063 502 4118 3.
519 4045 597 4101 αὐτὸς
608 4045 623 4098 6
636 4043 701 4099 θεὸς
714 4043 756 4114 (ΕΙ
770 4042 859 4113 οιίτδς)
874 4041 907 4097 Β.
920 4043 996 4098 etita
1008 4042 1069 4116 Syr.
1081 4044 1159 4102 σῦτδς
1170 4045 1236 4101 θεὸς
1247 4042 1301 4098 Ed.
1463 4049 1469 4094 ί

440 4145 465 4204 7.
483 4129 575 4204 μόνος]
591 4139 621 4195 ÷
635 4114 774 4188 63’11016.
787 4129 839 4184 Ed.
852 4129 946 4220 invifig
957 4128 991 4183 B.
1004 4127 1065 4202 Syr.
1290 4145 1317 4199 9.
1334 4149 1363 4183 τε
1374 4145 1469 4196 mum]

440 4199 778 4344 hffaf'wssssfftaffltfflssss
791 4199 1151 4339 ffiffi‘ssfflffl'
1190 4198 1469 4339 ιιεοῖλίῗίίδ

437 4366 492 4421 seru
502 4367 616 4436 Ηί.μεδ
629 4366 644 4436 ἡ
664 4372 699 4421 ὣν
710 4368 726 4420 6
738 4367 813 4430 Θεὸς,
824 4369 906 4438 γνῶτε
918 4365 978 4433 ἔθνη
991 4405 1156 4422 ..........
1165 4368 1180 4420 δ
1192 4367 1273 4436 λόγος
1280 4363 1353 4419 Aub.
1421 4381 1461 4418 20.

438 4435 477 4490 ἐπ’
490 4438 569 4490 οῦτοῦ
584 4437 632 4491 Ht.
643 4390 695 4492 fid.
783 4452 827 4503 24.
846 4433 889 4506 ἐξ]
903 4433 940 4492 εἶς
957 4435 987 4503 ίξ
1005 4435 1078 4490 haud
1095 4437 1165 4492 male
1182 4445 1213 4491 ut
1229 4434 1284 4490 vid.
1296 4434 1369 4490 Aub.
1381 4432 1416 4491 είς
1427 4451 1469 4488 υοι

437 4503 623 4630 {affixum
635 4507 662 4574 (ο
678 4507 733 4576 nil.)
745 4523 770 4561 ο.
876 4519 920 4576 25.
939 4506 1105 4578 διςσῶσμεθο
1118 4506 1151 4562 Β.
1167 4507 1217 4562 Ht.
1228 4505 1427 4576 διοοτσίισμεθο
1438 4523 1468 4560 eu
