3274 5118
142 335 195 378 xv.
211 335 260 382 21.
322 317 379 382 IN
410 317 442 384 S.
468 316 727 384 JOANNEM.
772 315 870 382 LIB.
893 316 935 382 X.
981 315 1158 382 OAP.II.
1278 313 1343 376 597

144 489 166 530 ‘⁶
184 479 400 584 ἐγενήθημεν
435 490 499 563 τοῦ
537 480 689 582 κόσμου,
720 478 868 563 πάντων
902 482 1094 588 περίψημα
1130 478 1195 562 ἕως
1225 476 1380 580 ἀρτι.”(1

145 605 231 711 ὁρᾷς
263 603 361 690 ὅπως
394 603 439 708 ἧν
472 607 634 689 εὐκλείας
666 605 819 706 ἀμείνων
854 609 1045 705 κοσμικῆς,
1082 601 1141 684 διά
1177 601 1244 702 τὴν
1279 608 1344 680 τοῦ

145 732 314 833 Σωτῆρος
339 727 514 830 ε’ντολῆν;
554 729 597 811 τὸ
623 728 661 809 δὲ
688 735 852 832 γενναῖον
878 730 917 810 έν
943 733 1112 832 διωγμοῖς
1139 724 1343 834 ἐμφανίζων

143 845 248 953 ἐ’λεγε
281 864 302 902 “
315 853 381 937 Τίς
408 854 501 954 ἡμᾶς
527 853 678 960 χωρίσει
705 852 777 935 ἀπὸ
805 857 869 954 τῆς
897 851 1042 954 ἀγάπης
1069 859 1135 931 τοῦ
1151 856 1340 954 Χριστοῡ;
1390 858 1488 990 {gin-3⁵

109 984 168 1055 5“
187 975 362 1084 θλίψιςῆ
391 974 661 1084 στενοχωρίαῆ
690 977 848 1082 διωγμὸς
874 975 897 1079 ἢ
926 975 1033 1075 λιμὸς
1060 975 1083 1078 ἢ
1112 971 1343 1078 γυμνότηςῆ
1437 969 1441 976 “
1493 961 1500 978 ’

146 1109 168 1148 “
186 1101 345 1186 κίνδυνος
363 1099 386 1202 ἢ
405 1100 565 1208 μάχαιρα
579 1101 615 1198 ;”
642 1099 775 1208 γράφει
795 1100 832 1182 δὲ
851 1105 908 1182 καὶ
927 1100 1057 1204 ε’τέροις
1075 1099 1130 1180 ότι
1155 1111 1177 1147 “
1189 1097 1235 1180 τά
1254 1095 1344 1178 αάτά
1389 1099 1457 1218 {¹¹st
1468 1101 1504 1155 ¹³³·

145 1233 168 1271 “
185 1223 304 1329 λέγειν
321 1229 398 1323 ἐμοὶ
415 1225 481 1326 μὲν
502 1227 566 1306 οὐκ
584 1223 746 1329 ὀκνηρὸν,
766 1227 849 1324 ὑμῖν
867 1223 906 1306 δέ
923 1225 1124 1330 ἀσφαλές·”
1163 1221 1265 1303 ἀλλά
1284 1225 1342 1303 καὶ

146 1348 330 1435 Γαλάταις
348 1350 400 1430 ἔτι
427 1361 448 1397 “
460 1335 593 1431 Τείενία
611 1384 691 1449 μου,
710 1349 771 1434 οὓς
789 1349 903 1431 πάλιν
921 1351 1047 1446 ὠδίνω,
1064 1349 1170 1456 ἀχρις
1187 1348 1229 1428 οὗ
1249 1381 1340 1451 μορ-

144 1483 166 1522 “
185 1479 291 1580 φωθῇ
309 1471 471 1576 Χριστὸς
489 1475 527 1553 ἐν
544 1471 659 1572 ἀμῖν.”
697 1471 833 1559 ἀκούεις
855 1473 953 1557 ὅπως
971 1470 1173 1553 ἀοκνότατα
1190 1469 1257 1573 μὲν
1276 1471 1342 1552 τὸν

92 1633 131 1678 ιο
146 1595 254 1678 αὐτὸν
273 1601 466 1678 ἀνακυκλεῖ
489 1597 674 1700 λόγον,οά
696 1598 981 1702 παραδεχθέντος
1008 1597 1080 1700 ἀρα
1105 1605 1170 1677 τοῦ
1197 1597 1375 1699 πρεάτουο

146 1724 205 1802 καὶ
224 1725 262 1802 ἐν
279 1725 406 1828 ἀρχαῖς
422 1719 624 1825 γεγονότος,
644 1725 702 1802 καὶ
721 1723 766 1802 αὖ
784 1723 909 1803 ὠδῖναί
923 1757 1022 1807 τινας
1041 1723 1080 1802 εὖ
1097 1719 1200 1822 μάλα
1218 1724 1345 1828 φησὶν,

147 1846 250 1952 ἀχρις
272 1844 317 1926 ἀν
335 1848 373 1926 ἐν
391 1847 509 1930 αὐτοῖς
529 1847 551 1946 ἡ
569 1843 760 1952 μόρφωσις
784 1845 989 1952 ἀναλάμψῃ
1012 1851 1191 1950 Χριστοῦ·
1232 1845 1345 1947 λόγος

147 1969 185 2050 δὲ
211 1968 354 2054 πάντως
378 1972 398 2050 ἀ
419 1967 547 2050 τούτου
575 1967 798 2072 δημιουργὸς,
816 1971 1058 2051 ἀναπλάττων
1081 1976 1131 2055 είς
1155 1967 1345 2075 φιλοθείαν

147 2095 206 2174 καί
223 2099 271 2178 είς
290 2092 408 2174 είκόνα
425 2099 590 2198 Χριστοῦ
609 2091 669 2173 διὰ
685 2098 750 2194 τῆς
767 2095 926 2178 πίστεως
944 2092 1026 2179 τοὺς
1043 2094 1299 2198 ἀκροωμένους.

1390 1341 1446 1393 (ἕω.
1459 1341 1494 1396 iv.

1392 1421 1432 1474 ¹⁹·

95 2407 132 2469 15
173 2393 276 2460 Ἀλλὰ
303 2398 406 2462 ταῦτα
433 2395 540 2462 πάντα
567 2393 759 2461 ποιήσουσιν
786 2389 833 2459 εἷο
861 2393 943 2471 ὑμᾶς
971 2391 1024 2458 διὰ
1051 2389 1089 2459 τὸ
1116 2390 1222 2470 ἀνομά
1245 2413 1317 2470 μου,
1360 2416 1395 2459 21

430 2521 481 2586 ὅτι
507 2519 567 2586 οὐκ
593 2516 702 2588 οἴδασι
728 2518 785 2588 τὸν
812 2519 988 2599 πέμψαντά
1015 2540 1068 2598 με.

203 2693 288 2798 Οάχ
309 2691 432 2795 ἑτέραν
450 2692 600 2773 ἔσεσθαι
628 2699 703 2777 τοῖς
729 2695 923 2787 δυσσεβεΐν
940 2689 1122 2790 ἑλομένοις
1150 2686 1243 2770 κατά
1270 2693 1345 2768 τάν

147 2815 259 2918 ἀγίων
297 2815 516 2898 ἀποστόλων
553 2816 805 2923 διισχυρίζεται
841 2813 1042 2923 πρόφασιν,
1080 2812 1103 2915 ἢ
1141 2813 1184 2895 τὸ
1216 2818 1373 2900 οἰκεῖονα
1396 2839 1512 2899 9οη

147 2939 261 3039 ὄνομα
289 2939 412 3040 μόνον.
462 2940 629 3042 ἔγκλημα
657 2940 730 3044 γάρ
759 2947 865 3020 τοῦτο
892 2947 967 3024 τοῖς
998 2938 1208 3038 σεβομένοις
1238 2936 1344 3036 θεὸν,

96 3103 135 3146 το
147 3067 205 3144 καί
223 3071 288 3144 τοῦ
304 3069 542 3163 πολεμεῖσθαι
563 3063 751 3171 πρόφασις
768 3060 868 3165 παρά
885 3068 958 3142 τῶν
977 3062 1041 3143 οὐκ
1060 3058 1204 3140 εἰδότων
1223 3059 1342 3142 αὐτόν.

146 3185 332 3290 προδήλου
360 3185 517 3273 δέὅυτος
546 3186 695 3284 ἅπασιν,
715 3189 763 3270 ὡς
787 3186 852 3266 οὐκ
871 3186 916 3264 ἀν
943 3219 996 3271 τις
1014 3186 1142 3283 ἀμισθὶ
1170 3181 1280 3264 πάθοι
1309 3217 1344 3266 τι

148 3310 206 3392 διά
225 3312 333 3392 θεόν·
373 3311 541 3416 λαμπρὸς
567 3309 641 3415 γάρ
658 3311 716 3392 ε’πὶ
734 3308 874 3394 τούτοις
889 3310 1117 3412 προκείσεται
1145 3308 1341 3413 στέφανος·

148 3434 325 3538 ε’πιτράτει
360 3434 473 3516 πάλιν
509 3440 557 3520 είς
595 3433 798 3534 εὐτολμίαν,
826 3435 885 3513 καὶ
922 3425 1130 3536 καρτερικὸν
1162 3429 1345 3536 ἐργάζεται

148 3559 327 3666 φρόνημα,
346 3565 392 3666 τῇ
410 3563 473 3660 τῆς
495 3561 649 3658 ἀμοιβῆς
675 3557 795 3638 ἑλπίδι
820 3555 887 3657 τῆν
905 3558 944 3636 ἐκ
960 3561 1033 3636 τῶν
1051 3547 1203 3637 ἔσεσθαι
1220 3589 1342 3658 προσ·

98 3707 136 3770 ²5
149 3684 357 3781 δοκωμένων
393 3684 594 3790 μοχθηρίαν
627 3680 922 3786 ἀποκρουόμενος.
974 3680 1096 3785 κέρδος
1133 3681 1197 3760 οὖν
1234 3679 1345 3788 ἔδειξε
1442 3761 1452 3769 ,

147 3811 207 3887 καὶ
238 3808 345 3892 τέλος
375 3808 480 3914 εὐχῆς
513 3810 571 3888 καὶ
605 3806 693 3887 αὐτὸ
726 3803 768 3887 τὸ
800 3803 926 3904 δεινὸν,
964 3807 1023 3884 καὶ
1057 3803 1146 3908 ὅπερ
1177 3802 1223 3905 ἦν
1255 3803 1346 3890 ἴσως

148 3932 420 4036 καταναρκῆσαί
452 3966 550 4016 τινας
583 3933 641 4012 καὶ
670 3927 782 4028 μόνον
815 3929 914 4037 ἥξειν
945 3928 1207 4036 προόδοκηθέν,
1237 3935 1379 4014 τοῦτοί)

148 4055 311 4154 δείματος
337 4052 403 4155 μέν
428 4051 651 4136 ἀπαλλάττει
678 4051 822 4150 παντὸς,
850 4051 1074 4156 προσίεσθαί
1100 4083 1139 4130 τε
1170 4053 1228 4130 καὶ
1259 4049 1344 4130 λίαν

46 4195 51 4204 ’
148 4179 312 4279 ἀσμένως
339 4178 518 4260 ἀναπείθει
544 4175 627 4261 τοάς
648 4174 823 4276 μαθητάς·
864 4179 922 4254 καὶ
952 4181 1042 4275 γοῦν
1071 4173 1344 4274 είσκεκλῆμένοι

102 4335 139 4394 30
150 4301 237 4386 ποτὲ
254 4300 344 4407 πρὸς
362 4301 404 4383 τὸ
423 4308 495 4382 τῶν
512 4299 694 4382 Ἰουδαίων
711 4297 858 4379 ἀνόσιον
876 4293 1142 4401 βουλευτήριον,
1160 4299 1219 4376 καὶ
1236 4305 1341 4398 πλῆ-

209 4571 250 4624 ¹5·
269 4555 305 4613 τίς
318 4557 381 4626 ὑμᾶς
393 4555 426 4612 Ε.
440 4555 498 4626 ὑμῖν
510 4553 561 4612 Ed.
675 4569 718 4610 21.
736 4550 815 4610 ὄντος
828 4549 931 4624 Migne.
1050 4566 1093 4622 ²3.
1112 4547 1247 4622 ἀποτρέψει
1261 4549 1293 4606 Ε.
