3248 5112
306 293 372 358 504
610 299 649 366 B.
673 301 883 367 OYRILLI
913 301 1204 368 ALEXANDR.
1375 299 1441 366 xiv.
1457 315 1510 377 24.

276 458 478 562 ᾶρημάτων
496 463 520 564 ἡ
538 465 735 550 παίδευσις.
775 463 952 566 ἐπειδὴδὲ
977 470 1042 566 τῆς
1067 467 1238 566 ἀληθείας
1259 463 1328 564 ἤδη
1347 468 1508 561 διαλαμ-

308 581 460 684 πούσης,
479 586 646 690 περιττὸν
664 587 709 690 ἦν
726 588 778 670 ἐτι
802 577 1041 692 κρατύνεσθαι
1067 587 1133 689 τὴν
1154 587 1273 686 σκιάν,
1292 587 1407 667 οῦκέτι
1433 593 1512 670 τοῖς

309 713 464 802 νομικοῖς
481 709 606 795 τόποις
623 713 880 794 πολιτεύεσθαι
898 713 1096 814 ἐνομοθέτει
1109 709 1273 816 Χριστὸς
1289 709 1372 795 τοῦς
1389 743 1512 810 προσ-

309 827 427 916 ιόντας
449 833 545 942 αι’ττῷ
568 833 628 914 διά
643 839 716 936 -τῆς
738 836 907 921 πίστεως.
945 845 1052 917 τοῦτο
1070 836 1155 917 λίαν
1173 835 1297 916 ἐλόπει
1314 833 1397 918 τοῦς
1414 834 1511 913 Ἰου-

310 955 440 1055 δαίους,
460 953 573 1065 ᾧοντά
595 993 634 1039 τε
660 958 716 1040 ὅτι
731 957 796 1042 τὸν
814 962 965 1065 ἀρχαῖον
982 959 1203 1041 καταλύσων
1222 957 1330 1057 νόμον
1348 957 1510 1057 ἐπιδεδὴ-
1526 979 1544 1038 5

142 1062 266 1193 ῗζῗῗέίξζ
310 1111 422 1178 μηκεν
439 1081 460 1160 ό
477 1081 651 1185 Χριστός,
669 1083 784 1164 καίτοι
801 1083 995 1188 διαῤῥήδην
1010 1091 1171 1181 βοῶντος
1189 1069 1376 1167 ἀκούοντες
1395 1093 1417 1130 “
1428 1083 1514 1162 Οῦκ

311 1213 332 1250 “
350 1200 466 1302 ἦλθον
483 1214 689 1288 καταλῦσαι
712 1207 777 1288 τὸν
799 1206 920 1306 νόμον,
939 1205 1040 1288 ἀλλά
1065 1212 1274 1310 πληρῶσαι·
1312 1206 1409 1308 λέγω
1437 1203 1513 1308 γάρ

281 1336 332 1386 ⁰“
351 1328 443 1426 ὑμῖν,
468 1327 524 1409 ὅτι
548 1334 636 1410 ῖιῦτα
657 1329 695 1411 ἐν
718 1328 741 1432 ἢ
765 1330 830 1431 μία
857 1331 980 1434 κεραία
1007 1331 1050 1411 οῦ
1074 1329 1125 1432 μὴ
1149 1329 1316 1436 παρέλθῃ
1345 1327 1513 1410 ἀπὸτοῦ

309 1459 330 1498 “
351 1451 473 1552 νόμου,
491 1453 557 1539 ἐως
575 1451 620 1534 ἀν
637 1453 758 1535 πάντα
778 1453 954 1557 γένηται.”
983 1452 1166 1558 πλήρωμα
1183 1453 1255 1558 γὰρ
1274 1453 1346 1559 ἔχει
1363 1457 1427 1553 τῆς
1446 1461 1514 1533 τοῦ

309 1573 419 1673 νόμον
436 1578 582 1678 σκιῦςὴ
605 1576 697 1658 κατὰ
724 1577 897 1679 ἀλήθειαν
914 1577 1022 1682 ἀρετὴ
1038 1576 1096 1658 διά
1114 1584 1187 1658 τιῦν
1205 1582 1370 1681 Χριστοῦ
1389 1573 1514 1675 νόμων
1532 1608 1567 1648 ιο

309 1699 616 1802 εῖσκεκομισμένη,
656 1701 819 1804 καθάπερ
858 1703 987 1806 ἀρτίως
1032 1699 1215 1804 ἐλέγομεν.
1272 1697 1392 1798 ἐπειδὴ
1437 1699 1515 1802 γάρ

311 1820 444 1932 ἀκρίτῳ
476 1829 578 1932 θυμῷ
609 1822 888 1926 διωλισθηκότες
919 1831 969 1910 είς
1001 1823 1193 1920 ἀπείθειαν,
1222 1826 1279 1904 καὶ
1313 1829 1361 1906 είς
1393 1821 1515 1924 ζῆλον

310 1943 423 2032 ίόντες
449 1955 513 2028 τοῦ
541 1947 651 2049 νόμου
673 1950 715 2030 οῦ
739 1951 815 2031 κατ’
835 1950 1041 2053 ἐπίγνωσιν,
1058 1953 1274 2052 συνηγορεῖν
1296 1943 1443 2027 ἐδόκουν
1460 1945 1517 2054 τῷ

310 2069 409 2180 νόμῳ
435 2070 482 2151 τά
509 2069 567 2152 διά
589 2073 755 2177 Χριστοῦ
781 2071 1064 2177 παρωθοῦμενοι,
1083 2070 1142 2153 διά
1168 2080 1276 2152 τοῦτο
1303 2071 1512 2177 χρησίμως,

309 2193 435 2295 ἵναμὴ
454 2197 575 2298 δοκοίη
593 2200 668 2278 τισὶ
687 2195 828 2282 καινοάς
844 2231 943 2282 τινας
969 2194 992 2298 ἢ
1019 2198 1125 2280 ἰδίους
1148 2193 1249 2298 παρὰ
1273 2193 1339 2295 τὴν
1356 2195 1517 2273 ἐνοῦσαν
1534 2219 1569 2276 15

309 2315 491 2418 βούλησιν
518 2326 569 2428 τῷ
598 2326 682 2429 Θεηῖ
714 2323 771 2402 καὶ
802 2322 921 2424 Πατρῖ
950 2319 1111 2425 δωρίζειν
1139 2317 1280 2420 νόμους,
1310 2317 1517 2420 ἀναγκαίως

144 2465 259 2524 sau.
279 2441 501 2545 αέπήνεγκεν
522 2443 578 2524 ὅτι
603 2453 618 2526 ὁ
646 2445 749 2548 λόγος
776 2446 808 2526 ῦι
836 2443 973 2526 άιιιόιτι
1002 2451 1062 2526 οῦκ
1091 2445 1178 2525 ἐστιν
1206 2441 1286 2552 ἐμῖις
1319 2439 1423 2521 ιἰλλιὶ
1456 2443 1516 2522 τοῦ

310 2559 519 2672 πέμψαντός
546 2603 604 2673 μι.

261 2783 265 2791 ¹
368 2687 436 2788 Μὴ
455 2687 527 2793 γὰρ
546 2689 590 2791 δή
610 2725 663 2776 τις
680 2691 810 2772 οἰέσθω
829 2694 923 2799 φησὶ
942 2697 1015 2772 τοῖν
1033 2689 1259 2795 προσιόντων
1275 2689 1351 2790 ἐμοὶ
1370 2683 1428 2766 διά
1448 2689 1517 2786 τῆς

310 2812 478 2911 πίστεως,
506 2817 554 2898 ὡς
582 2813 728 2922 ἀπῳδόν
754 2849 833 2895 τινα
861 2813 976 2916 λόγον
1002 2813 1227 2914 ἐποιησάμην
1254 2819 1306 2920 τῷ
1336 2811 1420 2918 Θεῷ
1452 2814 1516 2890 καὶ
1533 2854 1572 2892 20

314 2935 444 3038 Πατρί·
483 2937 592 3018 αὐτοῦ
619 2937 733 3020 πάλιν
761 2941 819 3019 καῖ
847 2941 914 3045 οὐχ
947 2939 1067 3042 ἐτέρου
1097 2936 1140 3018 τὸ
1170 2934 1403 3040 εῦαγγελικόν
1430 2934 1517 3012 ἐστι

310 3057 487 3162 κήρυγμα,
516 3063 580 3142 οῦκ
612 3061 889 3167 ἐρυθριάσαντος
921 3061 1045 3166 ὥσπερ
1077 3063 1135 3143 ἐπὶ
1164 3067 1239 3146 τοῖς
1268 3058 1517 3164 ἀρχαιοτέροις

310 3189 468 3282 θεσμοῖς,
487 3185 573 3265 ἀλλ’
592 3185 672 3267 οῦδέ
691 3190 739 3271 ὡς
759 3195 822 3268 νῦν
840 3187 1038 3292 ηὑρημένης
1056 3188 1119 3286 τῆς
1141 3181 1323 3284 ἀμείνονος
1345 3183 1513 3279 ἐντολῆς,

309 3307 395 3385 ἀλλ’
425 3311 473 3392 ὡς
499 3309 537 3388 ἐν
564 3315 675 3417 καιρῷ
702 3317 753 3418 τῷ
780 3310 894 3390 δέοντι
921 3307 1271 3409 μεταπεπλασμένου
1300 3311 1364 3385 τοῦ
1396 3303 1516 3386 τύπου

309 3425 400 3531 πρὸς
424 3429 605 3532 ἀλήθειαν.
647 3431 757 3536 ὁγάρ
775 3435 888 3513 ἐκεῖνα
907 3431 1077 3532 λαλήσας
1096 3431 1139 3511 δι’
1160 3432 1246 3530 ἐμοῦ
1265 3435 1339 3512 τοῖς
1359 3430 1513 3534 άρχαιο-
1532 3463 1573 3521 ²5

275 3553 422 3656 ὒτέροις
440 3551 531 3652 τότε,
550 3557 608 3634 καὶ
626 3564 739 3636 ταῦτα
758 3561 832 3636 νυνὶ
852 3555 942 3658 πρὸς
967 3558 1070 3654 ῦμῦς·
1104 3551 1226 3656 Λόγος
1251 3553 1323 3656 γάρ
1348 3557 1418 3651 εἰμι
1442 3549 1518 3654 ζῶν

309 3680 373 3776 τῆς
398 3685 462 3756 τοῦ
486 3683 582 3758 θεοῦ
606 3681 665 3758 καὶ
684 3677 830 3782 Πατρός
858 3677 1013 3784 ἀρῥὴτου
1042 3677 1225 3778 θελήσεως
1253 3672 1516 3787 ε’ρμηνεντικός,

141 3819 183 3869 Fa·
194 3817 262 3870 ix·⁶·
309 3795 365 3878 διὸ
383 3802 443 3880 καὶ
461 3800 634 3901 κέκλημαι
653 3811 674 3848 “
688 3802 866 3904 Μεγάλης
883 3807 1022 3901 βουλῆς
1041 3802 1235 3904 ἀγγελος.”

359 3920 414 4003 Ἢ
434 3921 506 4028 γάρ
524 3923 616 4005 κατά
634 3933 762 4006 τοῦτον
779 3925 843 4007 τὸν
861 3925 996 4030 τρόπον
1014 3923 1228 4034 ἐκδεξόμεθα
1246 3922 1288 4005 τὸ
1311 3922 1513 4032 εἰρημένον,

195 4103 201 4108 -
309 4049 404 4152 Φημὶ
436 4047 474 4127 δέ
503 4046 545 4128 τό
573 4049 617 4130 ‘0
645 4051 747 4154 λόγος
779 4053 810 4132 δι
838 4051 976 4132 ιἰκοόετε
1007 4056 1066 4131 οῦκ
1095 4049 1181 4130 ἐστιν
1210 4047 1292 4156 ἐμός
1323 4045 1429 4126 άλλῖι
1458 4050 1517 4127 τοῦ
1531 4077 1575 4133 30

309 4161 516 4278 πέμψαντός
532 4207 578 4278 με
598 4173 742 4281 Πατρὶς,
761 4173 873 4276 ἤγουν
892 4178 950 4254 καὶ
968 4171 1094 4276 ἑτέρως
1119 4170 1309 4272 νοήσομεν.
1350 4177 1415 4249 τοῦ
1441 4169 1517 4274 γὰρ

310 4297 407 4372 θεοῦ
420 4296 477 4373 καὶ
494 4293 639 4398 Πατρός
653 4295 715 4376 τὸν
728 4299 854 4378 ἑαυτοῦ
868 4299 976 4400 λόγον
988 4300 1113 4403 φησὶν,
1121 4296 1180 4376 ἵνα
1194 4299 1227 4375 οί
1243 4293 1307 4394 μέν
1323 4299 1517 4396 τηροῦντες

345 4463 371 4517 8.
390 4463 464 4535 κερέα
477 4464 510 4519 Ε.
596 4465 636 4518 18.
655 4463 699 4536 με]
717 4473 744 4530 -Ι-
762 4464 950 4533 Πατρδςῦαῐῑ.
1035 4481 1078 4518 20.
1097 4463 1195 4518 ἀποδδν
1208 4463 1240 4517 Ε.
1325 4476 1366 4527 24.
1385 4459 1515 4530 πρέποντι

311 4533 381 4589 cun.
490 4534 533 4588 26.
553 4535 615 4590 ποτέ
630 4534 700 4590 Catt.
809 4551 851 4606 27.
872 4537 1024 4604 ἑρμηνευτὴς
1038 4535 1109 4588 Cau.
1218 4550 1261 4603 32.
1281 4531 1312 4588 ἵν’
1327 4533 1358 4585 E.
