3200 5092
425 325 469 388 80
600 375 601 380 1
729 327 768 392 Β.
793 327 1002 392 CYRILLI
1032 325 1320 392 ALEXANDR.
1423 327 1479 390 viii.

427 495 594 596 πανταχῆ
618 490 684 592 μέν
702 495 814 600 ἑαυτῷ
841 491 1038 599 φυλάττων
1056 491 1099 572 τὸ
1126 489 1347 599 ἀδιάφθορον
1365 493 1410 575 ὡς
1428 497 1477 570 Oe

428 613 554 721 φύσιν,
572 613 672 716 πλήν
691 615 733 696 ού
758 618 920 720 διορίσας
946 619 1072 696 ἑαυτοῦ
1096 614 1160 696 τὸν
1178 616 1267 696 ἴδιον
1285 613 1379 713 ναὸν,
1399 616 1477 693 ἀλλ’

430 736 602 842 ὑπάρχων
623 738 720 834 Υἱὸς,
744 741 802 820 καὶ
831 739 890 818 ὅτε
918 740 1066 842 γέγονεν
1094 739 1297 841 ἅνθρωπος·
1330 737 1478 833 ἀλήθειαν

430 864 598 962 λαλῆσαί
621 869 750 970 φησιν.
801 865 843 943 οῦ
872 861 944 966 γάρ
972 866 1010 944 ἐν
1037 864 1161 948 τύποις
1191 863 1242 943 έτι
1273 867 1331 943 καὶ
1363 861 1479 967 σχήμο

430 987 616 1084 εὐσέβειαν
634 987 847 1088 ἐπιτηδεύειν
869 987 964 1086 ἡμᾶς
988 989 1008 1066 ὁ
1033 995 1098 1069 τοῦ
1121 991 1289 1089 Σωτῆρος
1315 985 1470 1066 διδάσκει

431 1109 531 1190 ἀλλὰ
568 1109 634 1212 τὴν
664 1114 702 1190 έν
734 1109 908 1212 πνεύματι
945 1115 1002 1192 καὶ
1039 1110 1215 1212 ἀληθινήν
1247 1111 1413 1214 λατρείαν
1446 1115 1479 1190 ἀι

430 1235 588 1337 ἀγαπᾶν.
674 1273 676 1279 ·

399 1351 420 1417 d
482 1355 658 1438 Ὅτανδέ
681 1359 771 1464 λέγη
794 1357 911 1440 ὅτιἋ
931 1360 1072 1460 ἤκουσα
1089 1355 1188 1461 παρὰ
1206 1365 1271 1438 τοῦ
1289 1356 1444 1461 Πατρῦς,
1462 1393 1479 1436 ο

432 1481 578 1562 λιστέον
597 1483 771 1580 οὐδαμῶς.
809 1481 929 1583 ἐπειδὴ
954 1481 1026 1585 γάρ
1049 1479 1176 1563 ἑαυτὸν
1197 1481 1360 1586 ἀνθρωπιν
1382 1478 1470 1562 εἶναί

432 1607 745 1708 ἀνθρωποπρεπιῦς
769 1609 828 1686 καὶ
852 1614 959 1686 τοῦτο
984 1613 1100 1688 λαλεῖ.
1143 1608 1191 1690 ὡς
1219 1605 1291 1709 γὰρ
1318 1603 1479 1705 ἀποθνήο

432 1728 620 1830 ἅνθρωπος
640 1729 793 1832 λέγεται,
812 1728 979 1832 λεγέσθω
998 1733 1056 1810 καὶ
1075 1729 1214 1809 ἀκούειν
1233 1731 1281 1813 ὡς
1299 1728 1479 1832 ἅνθρωποι

433 1851 471 1932 δὲ
491 1851 545 1932 ὅτι
563 1851 630 1952 τήν
647 1852 807 1960 ἔμφυτον
825 1859 974 1956 γνοῦσιν,
992 1852 1038 1954 ἣν
1056 1853 1128 1958 έχει
1145 1857 1227 1956 περὶ
1245 1859 1318 1933 τῶν
1336 1850 1479 1953 θελημά·

433 1976 523 2056 ἰδίου
542 1975 770 2081 Γεννήτορος,
788 1981 836 2084 ὡς
854 1980 892 2057 έν
909 1984 961 2085 τῷ
978 1979 1156 2058 Ἀκοῦσαι
1174 1977 1327 2078 τίθησιν·
1354 1977 1445 2056 οὕτω
1464 2010 1479 2077 γ

433 2103 493 2180 καὶ
511 2102 601 2206 αῦτῇ
620 2102 739 2204 λέγειν
756 2100 936 2186 πολλάκις
959 2107 1004 2205 τῇ
1028 2101 1256 2208 θεοπνεύστῳ
1275 2106 1403 2206 γραφῇ
1421 2133 1479 2202 περ

435 2223 617 2328 ὅτανγὰρ
644 2224 725 2330 εἴπῃ
754 2229 826 2304 Καὶ
849 2223 982 2325 ἤκουσε
1010 2225 1152 2328 Κύριος,
1171 2225 1249 2328 οῦχὶ
1278 2223 1322 2324 δὴ
1349 2221 1479 2306 πάντως

406 2352 493 2428 exal
529 2347 786 2456 ἀφωρισμένην
817 2347 884 2450 τὴν
916 2346 1133 2448 ἀκουστικήν
1165 2349 1262 2454 αύτῷ
1297 2344 1479 2451 περιθήσο1

429 2477 583 2572 σθησιν,
602 2470 765 2575 καθάπερ
785 2472 848 2552 οῦν
866 2475 968 2552 ε’στιν
986 2475 1024 2551 έν
1039 2471 1137 2571 ἡμῖν.
1177 2470 1279 2571 ἁπλῆ
1291 2467 1373 2574 ’γάρ
1398 2473 1479 2550 ἐστι

435 2592 560 2703 φύσις,
578 2599 636 2676 καὶ
654 2596 860 2681 συνθέσεως
878 2593 1025 2696 ἀπάσης
1047 2592 1327 2697 ἀπηλλαγμένη·
1357 2598 1479 2695 παραδ

436 2716 474 2800 δέ
495 2726 642 2818 μᾶλλον
660 2723 708 2804 ὡς
733 2720 844 2816 ἀκοὴν
862 2718 928 2821 τὴν
946 2726 1095 2821 γνῶσιν,
1114 2722 1172 2798 καὶ
1197 2717 1264 2818 τήν
1281 2724 1421 2819 γνοῦσιν
1439 2721 1479 2800 ὡς

436 2841 612 2924 σύνθετον
637 2842 675 2924 δέ
702 2843 803 2924 οὐδέν
828 2845 866 2924 έν
889 2846 1007 2952 ἁπλῷ,
1027 2841 1189 2945 καθάπερ
1216 2840 1417 2944 εἰρήκαμεν.
1455 2875 1479 2944 τ4

436 2967 575 3052 τούτοις
611 2969 804 3068 ἐποίσομεν
836 2967 961 3071 λόγον,
994 2971 1058 3048 οῦκ
1093 2966 1166 3048 ἀπὸ
1202 2975 1266 3048 τοῦ
1296 2963 1479 3068 πρέποντα

438 3099 591 3172 σκοποῦ.
630 3091 701 3198 έφη
728 3127 800 3172 που
827 3095 908 3195 περὶ
936 3097 1102 3196 Χριστοῦ
1128 3085 1220 3194 πρδς
1249 3088 1416 3170 Μωυσέα
1449 3085 1479 3168 τί

271 3238 388 3295 515οΔ.
409 3250 548 3297 ιτατον
566 3217 586 3296 ὁ
601 3215 695 3300 Θεὸς
713 3218 771 3297 καὶ
787 3213 927 3320 Πατήρ,
939 3215 994 3296 ὅτι
1010 3226 1032 3264 “
1045 3212 1248 3321 Προφήτην
1267 3213 1471 3313 ἀναστήσω

270 3315 391 3430 ῗήῦήᾎη
438 3342 552 3436 δῆλον
580 3338 617 3418 δὲ
647 3339 702 3419 ὅτι
729 3347 804 3425 τοῖς
835 3339 879 3446 ἐξ
903 3335 1071 3443 Ἰσραήλ·
1114 3349 1135 3386 “
1154 3340 1192 3418 έκ
1221 3345 1294 3418 τῶν
1321 3340 1479 3443 ἀδελφοῦ.

438 3471 461 3509 “
479 3458 605 3566 ὥσπερ
622 3461 678 3560 σὲ,
698 3467 757 3543 καὶ
776 3463 880 3564 θήσω
899 3461 981 3547 τοῦς
1000 3461 1132 3565 λόγους
1149 3497 1219 3561 μου
1238 3467 1286 3546 είς
1303 3460 1346 3541 τὸ
1365 3459 1479 3559 στύμι

438 3595 459 3632 “
478 3587 537 3664 καὶ
556 3585 714 3687 λαλήσει
732 3589 851 3672 αὐτοῖς
869 3587 961 3668 κατὰ
978 3585 1099 3667 πάντα
1117 3585 1191 3666 ὅσα
1209 3581 1255 3665 ἀν
1270 3587 1479 3684 ἐντείλωμαὶ

437 3708 496 3790 διά
523 3708 657 3810 ταύτην
682 3713 745 3791 οῦν
770 3709 867 3812 οἶμαι
894 3709 961 3812 τὴν
984 3712 1100 3792 αἰτίαν
1123 3712 1143 3790 ῦ
1167 3708 1299 3813 Κύριος
1327 3710 1431 3810 ἡμῶν
1449 3711 1479 3788 Ἰ

437 3823 600 3939 Χριστὸς
639 3835 795 3916 ἀκοῦσαί
829 3843 924 3942 φησι
962 3833 1060 3942 παρά
1096 3837 1152 3916 τοῦ
1190 3832 1336 3939 [lambe
1377 3831 1433 3928 τήν
1471 3875 1479 3913 ι

435 3959 570 4060 ταύτην
596 3994 635 4041 τε
665 3964 832 4060 λαλῆσαι
859 3967 932 4046 τοῖς
959 3959 1152 4057 Ἰουδαίοις,
1182 3961 1272 4059 ὁμοῦ
1304 3961 1363 4038 καὶ
1395 3959 1479 4066 αῦτη1

435 4082 562 4183 μένους
598 4083 757 4190 ἐλέγχων
794 4081 921 4170 αῦτοῦς
958 4089 1009 4192 τῷ
1042 4088 1126 4191 Θεῷ
1162 4085 1221 4162 καὶ
1254 4086 1385 4186 Πατρὶ,
1420 4083 1479 4161 καὶ

475 4309 499 4346 1.
517 4295 636 4364 πανταχῆ
650 4293 708 4350 Ba.
721 4293 812 4350 Holnt.
824 4297 958 4366 πανταχοῦ
970 4293 1043 4348 Aub.
1104 4294 1170 4351 Θεὸς
1182 4311 1206 4348 a.
1221 4291 1279 4348 Cat.
1295 4293 1375 4348 Harl.

436 4360 568 4418 ἀναπείθει
580 4363 686 4420 inverso
698 4365 792 4420 ordine
804 4383 828 4420 a.
934 4366 961 4420 8.
979 4365 1020 4420 ὅτι
1034 4363 1066 4418 Β.
1081 4364 1130 4418 Ht.
1143 4365 1174 4418 τὸ
1187 4382 1202 4418 ο
1215 4363 1274 4418 Cat.
1287 4363 1360 4418 Aah.
1411 4361 1479 4418 stati

438 4430 497 4486 Cat.
514 4431 592 4487 Harl.
701 4451 712 4490 ι
736 4475 743 4490 .
761 4435 827 4490 οὕτω
839 4437 890 4561 γὰρ
902 4435 961 4492 ἔθος
973 4453 998 4490 a.
1011 4434 1078 4491 οὕτω
1090 4435 1141 4507 γὰρ
1153 4434 1264 4490 ἀκοῦσαι
1277 4435 1336 4491 ἔθος
1348 4432 1403 4489 Ed.

436 4502 541 4572 τήνοίτ.
554 4505 705 4572 transponit
750 4523 784 4561 ne
796 4515 827 4562 ut
840 4506 866 4562 vi
887 4505 1012 4578 .Migne.
1120 4519 1163 4560 ατ.
1181 4503 1254 4578 περὶ]
1267 4508 1395 4570 ψτοῦα.

437 4581 608 4642 assumptum
620 4589 653 4626 ex
667 4573 700 4628 Β.
