3118 5132
292 329 359 394 432
598 332 638 398 Β.
662 331 871 398 OYRILLI
900 331 1189 397 ALEXANDR.
1367 331 1430 396 xiv.
1447 348 1511 392 11.

295 493 416 597 πατήρ
435 497 536 576 ε’στιν
555 496 575 576 ὁ
596 495 737 599 Πατὴρ,
752 501 809 578 καὶ
828 500 895 604 οὐχ
912 497 1012 584 Υἱός·
1053 501 1112 579 καὶ
1130 497 1245 580 πάλιν
1263 496 1393 597 ὁμοίως
1411 495 1512 581 Υἱὸς

128 633 244 694 784Δ,
267 618 316 697 οὐ
343 617 388 724 ἐξ
413 620 522 701 αὐτοῦ
554 625 613 704 καὶ
647 623 689 701 οὐ
722 621 852 725 πατὴρ,
880 624 941 702 καὶ
969 631 1110 722 πνεῦμα
1137 621 1179 703 τὸ
1209 628 1357 722 Πνεῦμα
1387 622 1507 706 ἰδίως·

295 741 382 822 ἀλλ’
403 748 451 830 εἰς
479 747 565 844 μίαν
594 742 761 846 θεότητος
789 745 904 854 φύσιν
931 747 1129 848 συνιούσης
1155 781 1194 827 τε
1222 751 1280 827 καὶ
1308 737 1509 848 συνειλεγ-

294 865 403 967 μένης
431 873 495 968 τῆς
524 869 629 972 ἁγίας
657 868 824 972 Τριόδος,
849 869 898 954 εἷς
927 867 1021 956 Θεὸς
1048 873 1086 951 ἐν
1113 871 1208 972 ἡμῖν,
1232 873 1291 951 καὶ
1319 871 1386 975 οὐχ
1413 868 1511 949 ὀλό-

296 1000 434 1093 κληρον
456 991 599 1103 ἑκάστῳ
626 999 699 1074 τῶν
720 993 995 1095 σημαινομένων
1020 995 1100 1090 δοίη
1127 1029 1181 1080 τις
1209 993 1254 1074 ἂν
1278 993 1345 1095 τὴν
1368 997 1407 1074 ἐκ
1434 1001 1546 1074 τοῦ5

296 1114 418 1217 ἑτέρον
436 1115 549 1222 τυχόν
567 1117 822 1225 ἀποφοίτησιν,
840 1118 916 1198 οὐδ’
937 1118 1166 1224 ἀναχωρήσει
1186 1125 1374 1202 παντελῶς
1391 1123 1439 1202 εἷς
1458 1116 1509 1197 τὸ

295 1235 384 1320 εἶναι
408 1242 688 1346 μεμερισμένως·
720 1242 805 1320 ἀλλ’
825 1238 912 1321 εῖναι
934 1241 1000 1342 μὲν
1017 1242 1172 1323 ἕκαστον
1190 1243 1291 1323 τοῦθ’
1313 1242 1401 1345 ὅπερ
1418 1244 1509 1322 ε’στὶ

295 1368 354 1445 καὶ
382 1365 658 1466 κατωνόμασται
685 1366 769 1469 παρ’
790 1366 877 1466 ἡμῖν
902 1365 1165 1451 ῖδιοσοστοίτως
1191 1366 1419 1467 πιστεύομεν.
1461 1369 1509 1446 ἐκ

296 1487 334 1568 δὲ
365 1499 430 1570 τοῦ
465 1489 611 1594 Πατρός
644 1489 731 1570 ὄντα
763 1487 828 1570 τὸν
852 1490 953 1590 Υίὸν,
981 1489 1178 1588 τουτέστιν,
1207 1493 1245 1570 ἐκ
1276 1495 1340 1590 τῆς
1372 1488 1508 1575 οὐσίας

296 1647 418 1712 αὐτου,
443 1649 458 1694 ε
512 1623 620 1695 αυτοῦ
648 1647 685 1693 τε
713 1619 903 1718 προελθεῖν
931 1614 1103 1720 όῤῥήτως,
1128 1605 1166 1696 όν
1190 1617 1287 1724 αὐτῷ
1314 1648 1354 1695 τε
1380 1612 1507 1713 με’νειν
1526 1643 1551 1686 1‹

262 1739 494 1838 λε’ννοοῦμεν.
554 1739 618 1818 τὸν
655 1736 693 1817 δὲ
731 1735 840 1818 αὐτὸν
877 1739 1013 1843 τρόπον
1049 1742 1110 1820 καὶ
1148 1742 1231 1844 περὶ
1269 1748 1334 1820 τοῦ
1369 1739 1507 1840 Ἀγίου

296 1862 520 1959 Πνεύματος.
568 1863 647 1942 ἔστι
674 1860 740 1962 μὲν
767 1861 839 1967 γὰρ
867 1865 906 1943 ἐκ
929 1869 1026 1944 Θεοῦ
1053 1872 1117 1944 τοῦ
1143 1863 1237 1944 κατὰ
1264 1861 1380 1971 φύσιν
1406 1864 1504 1962 ἀλη-

295 1992 378 2085 θῶς,
396 1987 482 2066 ἀλλ’
503 1984 701 2085 οὐδαμόθεν
717 1987 977 2089 μεμερισμένον
994 1992 1059 2087 τῆς
1080 1989 1205 2072 οὐσίας
1228 1987 1348 2086 αὐτοῦ,
1366 1984 1504 2088 προϊὸν

294 2110 333 2192 δὲ
359 2117 505 2210 μᾶλλον
528 2110 572 2216 ἐξ
597 2112 717 2210 αὐτοῦ,
735 2115 794 2191 καὶ
823 2115 861 2192 ε’ν
883 2113 979 2220 αὐτῷ
1006 2113 1113 2212 με’νον
1134 2113 1199 2192 ἀεί·
1230 2108 1504 2217 χορηγούμενον

295 2232 334 2315 δὲ
352 2243 427 2320 τοῖς
446 2237 562 2337 ἁγίοις
581 2234 639 2316 διὰ
657 2239 838 2338 Χριστοῦ·
868 2232 987 2316 πάντα
1005 2234 1077 2339 γὰρ
1095 2237 1137 2316 δι’
1151 2241 1242 2316 Υίοῦ
1261 2239 1298 2316 ἐν
1310 2233 1500 2334 Πνεύματι
1521 2269 1551 2326 η

294 2359 420 2466 Ἀγίιρ.
457 2359 592 2462 ταύτην
610 2360 702 2460 ἡμᾶς
728 2357 885 2459 τὴντῶν
904 2357 1094 2462 δογμάτων
1112 2357 1290 2464 ὀρθότητα
1312 2361 1374 2468 1καὶ
1398 2355 1499 2458 ἀλή-

295 2488 394 2563 θειαν
411 2483 571 2590 ἐδίδαξεν
592 2483 615 2583 ἡ
639 2489 712 2564 τῶν
734 2484 847 2586 ἁγίων
865 2483 1030 2587 πατέρων
1047 2482 1209 2569 σύνεσις·
1240 2485 1333 2563 ούτω
1360 2514 1496 2562 πεπαι-

295 2606 449 2705 δεύμεθα
481 2614 609 2686 λαλεῖν
640 2641 678 2686 τε
711 2609 771 2686 καὶ
805 2613 951 2714 φρονεῖν
985 2611 1044 2688 καὶ
1076 2606 1119 2688 δι’
1149 2609 1267 2690 αὐτῶν
1293 2613 1366 2686 τῶν
1393 2611 1500 2707 ἱερῶν

265 2728 528 2834 ογραμμύτων·
560 2729 615 2811 ότι
634 2729 672 2810 δὲ
691 2731 775 2810 λίαν
793 2732 908 2834 ὀρθῶς
933 2733 990 2812 ε’πὶ
1017 2730 1150 2830 ταύτην
1167 2731 1245 2831 ἰ’μεν
1262 2729 1328 2832 τὸν
1346 2729 1495 2809 ἀλοιδό-

293 2889 404 2958 ρητον
428 2854 565 2954 πίστιν,
590 2852 862 2957 παραθαρσύνει
890 2854 1008 2958 λε’γων
1033 2856 1054 2934 ὁ
1086 2853 1218 2960 Κύριος
1243 2859 1418 2937 Πιστεύετε
1447 2853 1498 2934 ’ότι
1515 2891 1550 2930 οι

293 2978 362 3086 ε’γύ
381 2981 411 3063 ἒν
428 2988 475 3091 τῷ
495 2987 601 3088 Πατρὶ
624 2986 683 3060 καὶ
704 2988 719 3060 ό
740 2976 855 3088 Πατῖιρ
875 2974 910 3060 δὲ
930 2981 959 3060 ἓν
978 2979 1061 3087 ἐμοί.

520 3219 556 3288 Εἰ
583 3221 619 3289 δὲ
646 3221 703 3304 μιλ,
729 3221 782 3287 διὰ
810 3221 850 3288 τὰ
877 3222 956 3312 ἔρτα
984 3223 1066 3288 αὐτὰ
1095 3222 1276 3290 πιστεύετε.

350 3393 558 3500 Διαρῤἧδην
579 3391 652 3498 γὰρ
677 3395 715 3474 ἐν
736 3392 876 3480 τούτοις
901 3397 1027 3500 φησὶν,
1047 3399 1095 3481 ὡς
1120 3396 1197 3476 οὐδ’
1215 3391 1263 3474 οἲν
1281 3391 1493 3497 ἐργάσαιτο,

293 3521 369 3599 οὐδ’
389 3517 434 3599 ἂν
451 3519 625 3626 ἐξανύσαι
643 3517 790 3600 πῶποτε
808 3517 855 3599 τὰ
872 3519 965 3626 μόνη
990 3527 1035 3624 τῇ
1061 3521 1138 3627 θείᾳ
1163 3517 1346 3622 πρέποντα
1364 3517 1493 3624 φύσει,

292 3641 343 3744 μὴ
368 3645 448 3750 οὐχὶ
474 3641 566 3724 κατὰ
592 3642 707 3749 φύσιν
729 3640 900 3747 ὐπιίρχων
922 3645 981 3724 καὶ
1005 3643 1050 3750 ἐξ
1072 3645 1193 3743 αὐτῆς.
1233 3643 1293 3723 καὶ
1319 3641 1386 3743 ὅρα
1409 3648 1494 3740 μεθ’
1513 3659 1549 3716 ²5

294 3767 385 3869 ὅσης
413 3765 619 3873 ἀσφαλείας
643 3799 682 3845 τε
708 3767 800 3865 ὁμοῦ
829 3769 887 3846 καὶ
916 3769 1086 3868 ἀληθείας
1113 3765 1160 3847 τὰ
1186 3763 1334 3847 τοιαῦτά
1361 3771 1493 3872 φησιν.

260 3894 336 3976 ᾱού
360 3890 432 3996 γὰρ
457 3891 501 3998 ἐξ
522 3887 573 3970 ῶν
597 3886 642 3969 ἂν
665 3888 778 3991 λε’γοι,
796 3899 975 3971 τοσοῦτον
992 3891 1091 3999 α’ξιοῖ
1113 3889 1362 3987 πιστεύεσθαι,
1379 3888 1496 3969 καίτοι

293 4019 493 4125 ψεύδεσθαι
525 4013 575 4116 μὴ
608 4009 720 4111 είδῶς,
748 4011 839 4093 ὅσον
866 4014 911 4122 ἐξ
941 4011 992 4095 ῶν
1022 4018 1161 4121 ἐνεργῇ.
1210 4015 1269 4094 καὶ
1299 4011 1358 4093 διὰ
1386 4013 1496 4093 ποίαν

292 4143 418 4238 αἰτίαν,
436 4141 515 4243 ε’ρῶ.
556 4135 682 4240 λόγοις
708 4135 774 4238 μὲν
800 4135 872 4242 γὰρ
901 4139 959 4218 καὶ
986 4137 1125 4243 ῥήμασι
1152 4145 1227 4222 τοῖς
1254 4137 1495 4241 θεοπρεπίσιν

292 4267 564 4370 ἀποκεχρῆσθαι
589 4258 710 4368 τυχὸν,
729 4261 791 4340 καί
812 4293 847 4340 τι
873 4267 946 4342 τῶν
963 4259 1227 4370 ῥιψοκινδύνων
1245 4265 1368 4360 εἰπεῖν,
1390 4263 1494 4367 ἀνδρὶ
1509 4283 1546 4341 30

326 4521 352 4568 4.
373 4502 450 4557 Forte
463 4501 607 4558 delendum
620 4501 655 4556 ε’ν.
795 4513 861 4568 7-21
877 4500 940 4554 citat
953 4519 980 4572 p.
1125 4517 1168 4556 αι.
1187 4501 1215 4555 δὲ
1229 4509 1398 4571 assumptum
1412 4517 1445 4555 ex
1461 4501 1492 4556 Ε.

290 4570 499 4644 ε’μοιἩ-θστιν
510 4593 537 4644 p.
646 4587 689 4626 22.
708 4569 902 4642 πιστεύετε]-Ι-
918 4593 962 4640 μοι
977 4571 1028 4627 Ed.
1138 4589 1181 4642 29.
1199 4575 1271 4644 λόγῳ
1286 4571 1316 4626 E.
