3248 5112
161 346 292 422 ximo.
356 355 413 420 IN
443 356 476 422 S.
502 355 757 424 JOANNEM.
802 356 983 423 LIB.IX.
1028 356 1134 422 CAP.
1158 355 1186 422 1.
1293 351 1357 418 485

160 549 249 596 ποτε
266 519 478 623 παρετράπη
496 525 560 621 τῆς
579 521 669 606 ἰδίας
692 521 839 628 φύσεως
862 523 921 602 καί
943 520 1091 625 γέγονεν
1108 526 1157 605 εἰς
1180 515 1357 626 φυχήν,ἢ

160 640 355 742 μεμένηκεν
389 646 428 724 ἐν
462 643 651 745 ταυτότητι
688 652 734 751 τῇ
768 645 907 726 ἐαυτοῦ.
960 651 990 726 εἰ
1026 643 1092 744 μέν
1126 641 1200 747 γὰρ
1235 645 1388 746 ἐροῦσιθ

160 763 448 875 μετατετράφθαι
493 803 556 850 ποι
601 772 660 850 καί
707 767 771 850 τὸν
811 772 876 868 τῆς
922 768 1012 854 ἰδίας
1053 767 1199 874 φύσεως
1242 799 1355 867 παρε-

161 886 276 968 λάσαι
294 889 445 989 θεσμὸν,
464 895 737 999 δυσφημοῦντες
762 893 980 974 ἁλώσονται·
1008 890 1164 996 τρεπτὴν
1181 887 1253 993 γὰρ
1271 885 1360 968 εἶναι
1424 891 1427 898 ’

128 1010 304 1096 5πάντως
339 1015 461 1118 ἐροῦσι
497 1015 563 1117 τὴν
594 1017 770 1120 ἄτρεπτον
805 1019 864 1096 καί
901 1016 1075 1100 ὡσαύτως
1112 1015 1271 1120 ἔχουσαν
1305 1014 1360 1110 οῖεί

161 1135 288 1240 φύσιν·
320 1143 350 1218 εἰ
373 1138 410 1219 δέ
428 1140 640 1244 παρετράπη
658 1141 833 1242 οὐδαμῶς,
849 1139 1078 1240 διαμεμένηκε
1097 1138 1134 1220 δέ
1152 1135 1253 1220 τοῦθ’
1271 1136 1359 1240 ὅπερ

160 1255 206 1358 ἦν
222 1261 276 1340 άεί
300 1261 481 1365 προελθὸν
498 1267 538 1344 ἐκ
560 1270 656 1346 θεοῦ
683 1261 725 1346 τὸ
753 1263 954 1372 ἐμφύσημα
980 1264 1105 1361 αύτοῦ,
1124 1268 1202 1348 πῶς
1227 1261 1358 1368 ἐξέστη

159 1382 251 1485 πρὸς
270 1385 457 1490 ἁμαρτίαν,
477 1391 537 1468 καί
554 1387 735 1490 τοσαύτης
752 1388 879 1470 παθὼν
897 1392 1071 1496 διαφορᾶς
1090 1385 1213 1490 γέγονε
1239 1388 1355 1466 δεκτι-

160 1503 251 1606 κόν,
293 1509 335 1588 ού
367 1507 439 1614 γὰρ
469 1511 585 1612 δήπου
617 1518 724 1618 φαῖεν
751 1510 806 1610 οἰν,
837 1514 886 1596 ὡς
915 1512 1054 1592 ἐνεστιν
1083 1510 1179 1596 ὅλως
1208 1515 1252 1616 τῇ
1281 1509 1358 1618 θείᾳ

109 1628 274 1736 τοφύσει
310 1631 352 1714 τὸ
388 1633 566 1716 δύνασθαι
599 1644 839 1737 πλημμελεῖν.
897 1635 983 1716 ἀλλ’
1020 1635 1079 1716 ἵνα
1115 1633 1166 1734 μή
1205 1641 1358 1736 μακραῖς

160 1755 389 1863 ἀποδείξεσιν
429 1761 487 1840 ἐπὶ
528 1759 643 1868 τούτιρ
684 1760 859 1866 χρώμενοι
897 1758 962 1842 τὸν
1004 1765 1079 1844 τοῖς
1118 1757 1391 1863 προκειμένοιςιί

161 1879 456 1982 χρεωστούμενον
472 1881 740 1986 παρελάσωμεν
758 1881 882 1988 λόγον,
901 1885 995 1992 φημί
1019 1888 1092 1964 δεῖν
1112 1883 1222 1962 ἐκεῖνο
1243 1879 1358 1962 πάλιν

161 2001 413 2099 ἀναλαβόντας
439 2011 558 2105 εἰπεῖν,
582 2010 629 2092 ὡς
658 2009 722 2088 οῦκ
750 2004 796 2088 οἰν
818 2004 920 2108 οἰμαί
940 2041 994 2092 τις
1019 2007 1059 2088 εὖ
1083 2011 1229 2112 φρονῶν
1252 2003 1295 2086 τὸ
1319 2005 1360 2084 ἐκ

160 2130 226 2224 τῆς
244 2127 338 2212 θείας
356 2129 483 2214 ούσίας
499 2127 681 2234 προελθιίν
697 2128 908 2238 ἐμφύσημα,
921 2127 1048 2238 ψυχὴν
1066 2129 1174 2210 οἴοιτο
1191 2127 1359 2232 γενέσθω

111 2255 213 2357 ιδτηῖ
240 2248 329 2360 ζφιρ,
355 2253 563 2358 ψυχωθέντι
590 2251 639 2350 δὲ,
666 2260 812 2354 μᾶλλον
839 2251 878 2336 δέ
907 2260 966 2336 καί
993 2251 1084 2356 πρὸς
1111 2250 1269 2352 ἰδιύτητα
1295 2255 1359 2351 τῆς

159 2377 299 2460 τελείας
326 2375 472 2484 φύσεως
499 2379 542 2456 δι’
568 2379 704 2484 ἀμφοῖν
731 2378 928 2487 ἀφιγμένῳ,
953 2382 1077 2485 ψυχῆς
1104 2375 1148 2477 δή
1174 2373 1271 2480 λέγω
1299 2378 1359 2455 καί

161 2497 342 2598 σώματος,
364 2498 525 2604 καθάπερ
553 2499 633 2582 τινὰ
657 2506 847 2610 σφραγῖδα
866 2506 935 2602 ,τῆς
960 2503 1087 2582 ἑαυτοῦ
1111 2498 1256 2606 φύσεως
1280 2497 1353 2578 ε’νέ·

160 2622 276 2729 πηξεν
303 2625 324 2703 ὁ
347 2622 576 2730 Δημιουργίις
604 2623 647 2706 τὸ
676 2631 825 2726 Πνεῦμα
852 2624 895 2708 τὸ
918 2623 1061 2730 Ἀγιον,
1088 2621 1264 2720 τοιπείττι,
1291 2619 1389 2722 τήνο

159 2743 274 2844 πνοὴν
305 2751 370 2847 τῆς
401 2745 502 2850 ζωῆς,
534 2750 577 2830 δι’
609 2749 653 2851 ής
687 2750 779 2854 πρὸς
815 2749 857 2831 τὸ
893 2749 1094 2856 άρχέτιπτον
1125 2745 1358 2830 διεπλάττετο

108 2888 148 2932 ²0
160 2867 311 2969 κάλλος,
343 2874 549 2954 άπετελεῖτο
586 2873 625 2954 δέ
661 2875 738 2956 κατ’
776 2873 894 2959 εἰκόνα
927 2882 992 2956 τοῦ
1029 2874 1231 2970 κτίσαντος,
1266 2868 1359 2974 πρὸς

159 3001 287 3076 πᾶσαν
316 2995 412 3076 ἰδέαν
439 2999 567 3100 ἀρετῆς
599 2997 743 3097 δυνάμει
772 3006 838 3078 τοῦ
867 2996 1123 3079 ἐνοικισθέντος
1154 2996 1251 3102 αύτῷ
1282 2998 1359 3074 δια-

161 3118 397 3220 κρατούμενος
426 3120 648 3220 Πνεύματος.
685 3119 804 3222 ἐπειδὴ
832 3120 870 3201 δέ
898 3121 1195 3223 αύτοττροαίρετος
1220 3115 1279 3213 ὧν,
1299 3119 1357 3200 καὶ

159 3239 225 3325 τὰς
248 3249 322 3324 τῶν
344 3241 441 3322 ἰδίων
464 3239 678 3342 θελημάτων
702 3242 981 3343 πεπιστευμένος
1006 3244 1117 3344 ἡνίας·
1149 3246 1258 3342 μοῖρα
1285 3237 1358 3342 γὰρ

160 3369 224 3465 τῆς
249 3363 382 3449 εἰκόνος
407 3369 465 3446 καὶ
490 3361 595 3464 αὑτὴ,
624 3365 889 3474 κατεξουσιάζει
910 3365 982 3472 γὰρ
999 3373 1073 3448 τῶν
1091 3368 1224 3446 οἰκείων
1243 3369 1354 3464 θελη-

108 3509 147 3572 ²5
160 3487 285 3586 μάτων
312 3486 416 3574 θεάς·
459 3488 605 3593 ἐτράπη,
638 3492 697 3572 καί
730 3489 905 3574 πέπτωκε·
944 3493 988 3573 τὸ
1019 3489 1058 3572 δέ
1090 3490 1196 3588 ὅπως,
1225 3489 1248 3589 ἡ
1279 3489 1357 3570 θεία

159 3613 286 3720 γραφή
319 3613 526 3711 διδασκέτω,
557 3613 683 3723 σαφὴς
719 3613 791 3719 γὰρ
828 3617 849 3695 ὁ
880 3619 961 3720 περί
992 3615 1120 3698 τούτου
1152 3615 1236 3718 παρ’
1265 3613 1357 3720 αύτῇ

159 3736 284 3840 λόγος·
315 3736 711 3844 ἀνακεφαλαιώσασθαι
735 3737 847 3820 πάλιν
868 3738 935 3840 τήν
957 3739 1149 3844 οἰνθριύπου
1173 3737 1288 3845 φύσιν
1307 3745 1386 3822 εἰςο
1407 3762 1522 3822 sm.

159 3860 201 3942 τὸ
229 3863 378 3967 ἀρχαῖον
404 3860 649 3956 ἐβουλεύσατό
676 3895 715 3942 τε
748 3865 807 3942 καί
836 3864 1093 3968 ἐπικεχείρηκεν
1120 3864 1141 3943 ὁ
1171 3861 1265 3949 Θεὸς
1297 3865 1356 3944 καὶ

161 3983 290 4090 Πατὴρ
323 3988 361 4066 ἐν
387 3989 550 4093 Χριστῷ,
579 3988 639 4066 καί
670 3985 828 4087 θελήσας
861 3985 1026 4094 ἐξήνυσε.
1076 3992 1155 4070 πῶς
1190 3988 1253 4068 οὖν
1284 3987 1356 4090 ἄρα

107 4133 146 4194 30
159 4109 312 4215 γέγονεν,
339 4107 539 4192 ἀκόλουθον
566 4115 729 4192 κατιδεῖν·
765 4112 830 4193 οὐκ
857 4110 902 4213 ἦν
927 4111 1053 4214 ἑτέρως
1081 4113 1264 4215 διαδρᾶναι
1291 4111 1356 4194 τὸν

195 4369 486 4442 mmm
498 4370 1353 4518 *13⁶9&effw⁴]2÷wmmpassom(0supm)n.

158 4392 294 4499 8.τίαθὸν
306 4443 441 4499 Ε.ῖιπιιθν
690 4441 882 4572 Ιῐιήήφιιινετιιι
1049 4443 1355 4515 13.ειίφρονῦν.Εεῦ·
1430 4497 1436 4518 ‚

158 4513 328 4584 φρονῦνΕθ.
567 4461 651 4640 ιήνοίλ
927 4527 976 4604 15.
994 4513 1022 4570 δι’
1035 4516 1081 4572 ult.
1093 4523 1262 4588 assumptum
1274 4533 1306 4572 ex
1319 4515 1355 4574 E.

161 4583 203 4640 16.
222 4583 418 4658 θφιγμίνιινΕ.
472 4529 632 4656 affligo·
712 4602 755 4644 τι.
773 4583 842 4661 αὕτη
829 4583 1052 4658 προιιί.ρετοςΕ
