3142 5118
352 342 418 406 212
657 339 697 406 Β.
720 337 933 404 CYRILLI
962 335 1253 404 ALEXANDR.
1471 351 1504 394 x.

354 501 564 612 κατάληψιν
599 506 657 585 καὶ
694 505 757 584 οάκ
800 501 907 588 ὄντας
946 503 1079 610 ἀξίους,
1116 507 1164 586 ὡς
1203 500 1300 607 τάχα
1340 535 1394 586 τις
1432 499 1515 578 αὐτο

354 628 531 735 ἀφελείας
556 626 748 735 ἐλλάμψοι
774 627 920 731 τρόπος.
959 625 1085 707 ἑαυτὸν
1109 627 1153 708 δέ
1175 635 1292 733 φησιν
1313 627 1467 726 ἐναργῶς
1490 659 1515 700 τι

354 752 534 857 προβάτων
552 749 639 832 εἶναι
665 752 730 852 τὴν
748 751 857 861 θάραν,
874 758 1028 855 πρᾶγμα
1047 750 1229 832 διδάσκων
1247 745 1514 850 ὁμολογούμενα

325 875 467 975 θμόνης
486 874 557 978 γάρ
576 874 634 955 διά
657 877 814 960 πίστεως
838 881 902 974 τῆς
926 881 974 960 εἰς
999 873 1118 974 αὐτὸν,
1138 879 1186 960 είς
1205 871 1401 974 οἰκειότητα
1419 872 1484 970 τὴν
1503 906 1515 948 ι

354 996 445 1102 πρὸς
464 997 560 1080 Θεὸν
578 999 841 1098 εἰσελαύνομευ,
861 1003 920 1080 καὶ
937 999 1073 1104 μάρτυς
1091 999 1199 1084 αὐτὸς
1216 1001 1274 1079 ἐπὶ
1296 995 1410 1104 τούτῳ
1433 995 1515 1096 λέγι

354 1133 377 1170 “
396 1124 525 1207 Οὐδεὶς
543 1123 681 1230 έρχεται
699 1122 790 1227 πρὸς
807 1123 870 1204 τὸν
890 1123 1046 1228 Πατέρα,
1061 1131 1091 1204 εὶ
1108 1122 1159 1224 μὴ
1177 1124 1221 1202 δι’
1239 1123 1362 1222 ἐμοῦ.”
1390 1118 1515 1221 ἢτοίνι

352 1245 515 1329 τοιοῦτόν
543 1283 578 1330 τι
605 1249 792 1348 σημαίνειν
818 1247 988 1342 βούλεται
1015 1247 1050 1351 ἢ,
1079 1248 1167 1351 ὅπερ
1195 1251 1274 1328 ἐστὶ
1302 1253 1377 1331 τοῖς
1403 1278 1514 1348 προκε

353 1373 470 1470 μένοις
490 1371 698 1476 θεωρήμασι
715 1373 1020 1476 πρεπωδεστερον,
1039 1369 1286 1454 ἀπολευκαίνει
1304 1370 1416 1452 πάλιν
1434 1373 1483 1452 ὡς
1506 1371 1515 1446 ί

352 1499 463 1578 αὑτοῦ
494 1497 586 1602 πρὸς
618 1497 810 1600 ἡγεμονίαν
843 1500 901 1578 καὶ
938 1495 981 1577 τὸ
1017 1503 1256 1600 καθηγεῖσθαι
1290 1503 1362 1576 τῶν
1394 1501 1515 1596 λογικά

353 1623 527 1721 ποιμνίων
562 1621 751 1727 ἐρχόμεθα,
785 1620 877 1702 κατά
912 1620 954 1702 τὸ
991 1622 1174 1726 εἰρημένον
1209 1619 1268 1702 διά
1300 1627 1364 1701 τοῦ
1398 1618 1515 1699 Παάλι

187 1757 309 1825 nom
355 1757 377 1794 ‘⁶
394 1747 453 1826 Οὐ
470 1744 542 1850 γάρ
560 1748 674 1853 εἀυτῷ
690 1779 746 1830 τις
763 1743 943 1844 λαμβάνει
960 1745 1027 1846 τὴν
1045 1745 1162 1846 τιμὴν,
1180 1744 1266 1826 ἀλλ’
1287 1747 1307 1824 ὃ
1332 1743 1514 1842 καλούμευ

354 1879 376 1917 “
394 1869 463 1950 ἀπὸ
480 1879 546 1951 τοῦ
563 1871 691 1951 Θεοῦ.”
721 1873 779 1950 καὶ
797 1878 886 1982 γοῦν
904 1871 1016 1955 οὐδεὶς
1033 1868 1159 1951 ἑαυτὸν
1176 1869 1329 1977 ἀνέδειξε
1347 1875 1420 1948 τῶν
1439 1869 1515 1969 ἀγίι

186 2017 305 2072 θεολ.
322 2001 561 2102 ιπροφητῶν,
581 1996 666 2074 ἀλλ’
686 1993 766 2074 ου’δέ
786 1996 806 2073 ἀ
828 1994 998 2098 λαμπρὸς
1022 1999 1081 2075 καὶ
1106 1994 1218 2098 μέγας
1239 2001 1313 2074 τῶν
1331 1992 1515 2074 ἀποστόλι

351 2115 460 2222 χορός
482 2116 608 2200 ἑαυτὸν
624 2123 672 2203 εἰς
695 2125 803 2198 τοῦτο
828 2116 1011 2218 κεκληκὼς
1037 2117 1231 2198 ἁλώσεται.
1270 2119 1456 2222 ἀνεδείχθη
1481 2153 1515 2219 γι

352 2241 410 2322 διά
445 2241 630 2342 θελήσεως
671 2251 736 2322 τοῦ
774 2247 941 2345 Χριστοῦ
981 2243 1206 2326 καλέσαντος
1245 2247 1295 2326 εἷς
1337 2243 1515 2322 ἀποστολι

352 2363 480 2450 αὐτοὺς
501 2367 579 2447 κατ’
599 2365 723 2465 ὄνομα,
740 2370 800 2446 καὶ
826 2368 908 2447 καθ’
930 2367 1002 2464 ἕνα,
1021 2363 1115 2446 καθά
1139 2373 1256 2473 φησιν
1273 2367 1374 2471 ε’ντῇ
1398 2399 1515 2468 προκε

352 2489 440 2596 μένη
467 2492 652 2599 παροιμίᾳ.
705 2490 811 2590 ἴσμεν
840 2489 913 2596 γάρ
946 2489 1044 2576 ὅπως
1075 2493 1114 2570 ἐν
1143 2489 1343 2598 εὐαγγελίῳ
1374 2491 1427 2597 τῷ
1458 2523 1514 2568 κα·

355 2620 546 2696 Ματθαῖον
564 2617 737 2718 συνετέθη
754 2616 821 2716 μέν
838 2617 970 2724 ἐφεξῆς
987 2615 1034 2697 τά
1051 2623 1125 2698 τῶν
1144 2615 1363 2698 ἀποστόλων
1381 2615 1514 2715 ὀνόματ

183 2739 306 2868 ξζδξξθθ·
354 2734 414 2818 εἶτ’
432 2739 535 2825 εὐθὺς
552 2739 778 2842 έπενήνεκται
796 2744 860 2840 τῆς
884 2741 1115 2846 ἀναρρήσεως
1134 2743 1153 2820 ὃ
1172 2740 1316 2844 τρόπος·
1348 2752 1370 2790 “
1384 2743 1514 2822 τούτου

184 2871 280 2922 Μαιο.
393 2861 405 2889 ‘
588 2876 610 2913 ‘⁶
677 2863 688 2891 “
779 2865 790 2892 '
885 2866 1002 2894 ”'‘
1148 2868 1157 2892 ‘
1283 2864 1294 2890 ⁸
1360 2865 1442 2912 cc*

184 2938 218 2988 vi.
229 2951 267 3001 ¹3·
354 2896 426 2968 γαρ
463 2871 558 2972 φησι
628 2899 711 2948 τους
741 2869 879 2946 δωδεκα
936 2867 1113 2974 ανεδειξεν
1141 2901 1161 2946 ο
1193 2871 1332 2968 Σοαηρ,
1401 2900 1465 2949 ους
1498 2900 1514 2944 κ

319 2999 376 3068 b“
394 2988 624 3074 ἀποστόλους
645 2987 869 3088 ὡνάμασεν.”
900 2994 1144 3098 ἀρχοντιῶντα
1167 2997 1357 3094 τοιγαροῦν
1374 2987 1439 3070 τὸν
1459 2993 1514 3070 ἀπ

352 3121 517 3214 πληκτον
536 3119 747 3217 Φαρισαῖον,
766 3118 825 3194 καὶ
844 3117 886 3195 οὐ
903 3117 1053 3219 μετρίως
1077 3114 1330 3214 ε’κκεκαυμένον
1349 3115 1444 3216 όρῶν
1463 3148 1514 3218 πρ

352 3236 395 3317 τὸ
419 3242 484 3337 τῆς
509 3239 697 3341 ἡγεμονίας
719 3237 833 3338 ὄνομά
856 3273 896 3317 τε
918 3241 977 3317 καὶ
999 3245 1162 3341 πρᾶγμα,
1181 3235 1341 3319 διδάσκει
1364 3240 1512 3342 χρησίμ

352 3360 479 3441 ἑαυτὸν
506 3361 592 3443 ὅντα
625 3365 684 3443 καὶ
720 3371 785 3442 τοῦ
816 3363 1057 3464 καθηγεῖσθαί
1084 3397 1159 3442 τισι
1188 3360 1349 3469 χορηγὸν
1376 3364 1436 3441 καὶ
1465 3396 1513 3464 πρ

352 3491 458 3563 τοῦτο
477 3483 607 3591 ῥᾳδίως
634 3485 846 3589 εἷσκομίζειν
872 3485 1057 3590 ἰσχύοντα.
1095 3483 1174 3590 θθρα
1197 3484 1270 3590 γάρ
1297 3483 1349 3566 ὧν
1368 3489 1435 3586 τῆς
1462 3491 1513 3588 ἱερ

352 3641 391 3687 τε
413 3609 471 3687 καὶ
494 3609 590 3692 θείας
611 3610 735 3707 αάλῆς,
756 3608 952 3716 εἱσδέξιται
971 3609 1037 3709 μὲν
1054 3607 1119 3689 τὸν
1135 3609 1342 3712 ἐπιτήδειον,
1360 3611 1513 3716 ἀποτειχ

353 3731 392 3812 δὲ
410 3739 461 3839 τῷ
478 3731 529 3832 μὴ
547 3735 695 3843 τοιούτῳ
713 3731 780 3836 τὴν
798 3739 847 3820 εἰς
862 3733 905 3815 τὸ
923 3733 1012 3815 ε’ίσω
1030 3732 1202 3839 πάροδον.

391 3995 414 4036 1.
432 3977 521 4049 ἀξίους
538 3971 606 4050 τάχα
623 3981 678 4036 τοῖς
695 3977 782 4034 αἰετοῖς
799 3978 929 4050 ἀφελείας
946 3977 1063 4051 ε’λάμψιι
1080 3983 1177 4051 τρόπος
1195 3979 1230 4036 Β.
1244 3979 1395 4036 emendavit
1413 3997 1429 4034 e
1450 3980 1512 4036 Cat

352 4049 407 4105 vid.
420 4049 494 4105 Aub.
507 4060 533 4105 ει
545 4050 582 4104 ita
593 4067 617 4105 ιι.
630 4049 681 4103 nisi
694 4049 767 4120 quod
780 4049 815 4106 ὣς
826 4049 935 4105 omittit.
1072 4069 1099 4118 4.
1117 4053 1236 4120 μόνωτα.
1378 4063 1405 4121 7.
1423 4073 1451 4105 τι
1465 4070 1512 4106 om

353 4119 450 4175 Statim
463 4120 638 4191 έπιοημαίνειν
649 4137 674 4174 ιι.
802 4138 843 4188 14.
860 4117 1005 4192 ἁλώσεται]
1019 4120 1166 4190 εὑρίσκεται
1177 4139 1202 4176 ις.
1329 4137 1370 4192 19.
1388 4123 1512 4190 ητευθοῖς

351 4186 398 4246 εἶτ’
410 4191 486 4248 εὐθὺς
498 4190 649 4247 emendavit
663 4189 754 4244 Holst.
874 4206 917 4244 αι.
935 4189 1116 4262 ι’κκεκουμίνον
1129 4191 1162 4246 Β.
1177 4191 1226 4247 Ht.
1239 4191 1345 4248 favente
1357 4200 1384 4246 et
1396 4209 1422 4246 a.
1436 4193 1512 4264 ἐγω

351 4260 429 4330 μένον
440 4263 514 4316 Aub.
642 4277 656 4316 ο
678 4301 685 4315 .
703 4261 810 4331 ὀνόματι
823 4259 856 4315 Β.
871 4259 920 4314 Ηῑ.
933 4259 1013 4330 ὄνομά
1024 4283 1053 4315 τι
1064 4261 1216 4318 emendavit
1227 4281 1243 4318 ο
1256 4261 1316 4317 Cat.
1328 4271 1360 4316 ut
1372 4261 1512 4318 adnotati

353 4331 426 4386 Aub.
479 4335 586 4404 πρᾶγμα
598 4333 640 4388 καί
652 4278 733 4402 θνομα
744 4351 769 4388 a.
873 4346 916 4398 24.
934 4331 976 4385 καί
988 4332 1063 4402 prius
1074 4350 1130 4390 om.
1141 4350 1166 4388 a.
1269 4347 1312 4404 25.
1330 4335 1377 4403 τῆς
1389 4334 1466 4404 ἱερᾶς
1479 4359 1512 4390 τε

351 4401 435 4474 θείας]
448 4404 494 4474 τῆς
505 4403 652 4476 έπεράστον
663 4403 705 4460 καλ
717 4404 787 4476 ίιρᾶς
798 4420 822 4458 a.
836 4400 895 4458 Cat.
909 4400 986 4458 Harl.
