3274 5118
138 343 191 388 xv.
208 325 257 389 16.
302 326 382 391 ·IN
414 327 726 396 S.JOANNEM.
771 330 866 395 ΙιΙΒ.
891 331 931 396 X.
977 329 1151 395 GARII.
1269 327 1333 392 583

138 491 339 596 παραθῆγει
363 492 475 575 πάλιν
494 501 543 580 είς
563 498 739 596 εὔτολμον
757 495 936 604 φρόνημα,
955 501 1012 577 καὶ
1033 497 1091 578 διά
1108 495 1231 595 πάσης
1254 494 1329 576 ίόυ·

138 648 203 700 τας
221 620 384 718 σπουδῆς
403 623 460 700 καὶ
486 619 550 700 τὸν
568 621 749 727 ἐξαίρετον
766 626 814 704 εἰς
833 622 1086 726 φιλαλληλίαν
1104 619 1361 718 ἐπιτηδεύον·ο

138 771 203 823 τας
227 739 372 844 τρόπον,
392 747 546 850 ἀφελεῖν
564 743 697 824 κελεύει
716 741 798 828 τοῦς
822 745 997 828 ἀπίστους
1020 744 1084 842 ἔτι,
1107 745 1165 823 καὶ
1189 751 1263 827 τοῖς
1284 749 1332 828 είς

139 863 323 958 εὐσέβειαν
353 864 476 968 λόγοις
505 901 543 947 τε
574 871 630 948 καὶ
664 867 854 971 πράγμασι
887 867 1097 970 σαγηνεύειν
1130 868 1333 968 ἐπείγεσθαι

106 985 223 1071 ὅτοὺς
249 990 551 1089 πεπλανημένους,
571 997 619 1076 εἱς
647 989 689 1071 τῦ
717 990 834 1072 θέλειν
857 989 916 1071 διᾶ
943 993 1099 1076 πίστεως
1126 997 1334 1072 κολλᾶσθαι

142 1113 236 1217 θεῷ.

196 1235 350 1316 Ἑαυτὸν
386 1247 575 1342 τοιγαροῦν
612 1236 731 1319 εἰκόνα
771 1243 829 1318 καὶ
865 1239 978 1320 τύπου
1015 1249 1078 1320 τοῦ
1119 1238 1333 1342 πράγματος

139 1363 321 1459 παραθεὶς,
340 1363 398 1440 καὶ
421 1359 648 1466 παρενεγκεῖν
666 1366 714 1446 εἷς
738 1361 851 1461 μέσον
869 1362 912 1443 τὸ
935 1369 983 1446 εἱς
1002 1361 1128 1446 αύτούς
1146 1363 1215 1463 ἤδη
1232 1395 1328 1442 τετε-

140 1481 318 1578 λεσμένον
329 1487 436 1592 αὑτῷ,
453 1487 642 1584 μιμεῖσθαί
657 1519 696 1565 τε
714 1485 826 1566 πείθει
845 1483 908 1566 τὸν
926 1486 1160 1580 διδάσκαλον,
1182 1489 1240 1565 καὶ
1260 1493 1333 1570 τοῖς

85 1635 126 1677 10
139 1602 233 1690 ἴσοις
251 1607 464 1708 διαλάμπειν
483 1608 609 1693 αῦτοῦς
632 1609 898 1712 κατορθώμασι,
918 1609 1037 1710 λέγων
1056 1615 1138 1707 Οῦχ
1166 1614 1260 1716 ὑμεῖς
1286 1645 1333 1714 με

140 1727 339 1837 ε’ξελέξατθι
357 1736 442 1811 ἀλλ’
463 1728 531 1834 ε’γάι
549 1738 642 1837 ὑμᾶς
664 1729 875 1840 ἐξελεξάμην,
894 1737 951 1812 καὶ
970 1731 1016 1812 τᾶ
1033 1732 1170 1816 τούτοις
1188 1733 1367 1840 ε’φεξῆς.ἆ

140 1851 247 1932 ἐννόει
275 1853 346 1957 γάρ
375 1853 528 1955 λέγοντα
555 1853 664 1959 τυχόν
695 1853 953 1958 Περιζυίσασθε
980 1854 1046 1955 τὴν
1074 1861 1122 1940 είς
1147 1855 1334 1955 ἀλλήλους

139 1975 296 2076 ἀγάπην,
316 1975 346 2057 ὦ
365 1979 532 2078 μαθηταί·
571 1987 684 2058 ταῦτα
701 1976 774 2080 γάρ
800 1976 899 2077 δήτοι
923 1985 1068 2083 φρονεῖν
1095 2013 1134 2058 τε
1159 1983 1217 2058 καῖ
1245 1984 1334 2082 δρᾶν

140 2103 189 2182 είς
205 2099 343 2203 ἑτέρους
362 2100 525 2206 ὀφείλετε
546 2101 603 2180 καὶ
622 2105 717 2206 ὑμεῖς
735 2101 845 2196 αὐτοὶ,
864 2105 921 2180 καὶ
943 2100 1001 2180 διὰ
1019 2099 1195 2180 συντόνου
1213 2135 1329 2182 σπου-

84 2248 125 2310 ι5
140 2221 203 2320 δῆς
221 2223 434 2326 ἐργάζεσθαι
453 2231 583 2328 φιλεῖν,
602 2219 693 2326 ἀπερ
711 2229 759 2305 εἰς
783 2225 873 2320 ὑμᾶς
894 2221 965 2326 ε’γοῖ
983 2222 1152 2304 τετέλεκα
1171 2223 1329 2330 φθάσας.

139 2341 208 2446 ε’γὺ
246 2344 318 2448 γᾶρ
353 2345 556 2454 ἐξελεξάμην
592 2352 697 2452 ὑμᾶς·
748 2352 808 2428 οὑκ
842 2344 901 2445 ε’μέ
932 2353 1079 2446 μᾶλλον
1108 2351 1213 2452 ὑμεῖς.
1264 2347 1335 2449 ε’γεὺ

137 2467 428 2571 προσηγαγόμην
446 2471 504 2549 καὶ
531 2455 713 2572 γνάριμον
731 2468 796 2567 μέν
822 2471 886 2550 οῦκ
915 2469 1025 2550 είδόσι
1055 2467 1262 2569 κατέστησα
1289 2471 1331 2551 δι’

140 2593 305 2701 ὑπερφυᾶ
331 2591 575 2695 γαληνότητα,
597 2599 646 2678 είς
667 2594 809 2696 ἑδραίαν
827 2592 865 2674 δὲ
883 2595 994 2676 οῦτως
1012 2593 1208 2692 ἀνεκόμισα
1236 2594 1330 2692 γνοί-

139 2747 220 2814 μην,
240 2714 335 2796 ὥστε
358 2718 448 2814 ὑμᾶς
471 2716 624 2818 ἀνάγειν,
646 2717 841 2815 τουτέστιν,
859 2719 913 2796 ἀεὶ
940 2715 1031 2819 πρὸς
1058 2715 1102 2796 τὸ
1129 2717 1247 2821 μεῖζον
1275 2720 1361 2797 ‘'x-e

84 2873 127 2915 20
139 2840 317 2920 τείνεσθαι
334 2844 393 2920 καὶ
412 2847 653 2946 καρποφορεῖν
672 2839 849 2920 δύνασθαι
867 2847 918 2948 τῷ
937 2845 1031 2948 Θεῷ.
1071 2839 1129 2920 διά
1148 2874 1187 2920 τε
1205 2843 1332 2921 τούτου

138 2961 229 3064 πρὸς
262 2963 444 3064 τοσαύτην
472 2964 555 3043 ’ίοιτε
586 2965 803 3068 παρῤησίαν,
833 2961 929 3044 ὥστε
958 2965 1016 3042 καὶ
1043 2965 1060 3042 ’ί
1089 2999 1120 3042 τι
1150 2964 1190 3043 ἀι
1219 2963 1331 3056 αίτῆτε

138 3085 268 3167 λοιπὸν
285 3089 343 3168 ε’πὶ
361 3097 407 3196 τῷ
425 3091 562 3192 ὀνόματί
577 3123 652 3190 μου,
671 3094 776 3167 τοῦτο
795 3089 853 3167 καὶ
870 3093 1008 3182 λαβεῖν.
1046 3087 1173 3166 ούκοῦν
1190 3087 1331 3188 ἐπείπερ

138 3216 211 3290 τοῖν
235 3212 330 3308 ε’μῶυ
353 3211 428 3290 κατ’
449 3209 546 3314 ἴχνος
573 3209 712 3303 βαίνετε
741 3208 863 3312 λόγων
885 3243 922 3289 τε
951 3211 1009 3290 καὶ
1034 3207 1253 3309 διοιιοόσεων,
1273 3215 1331 3289 καὶ

137 3332 204 3432 τὴν
228 3341 302 3419 τοῖς
329 3333 491 3434 γιησίοις
514 3332 725 3436 πρέπουσαν
748 3338 924 3434 μαθηταῖς
945 3329 1216 3436 περιζώσασθαι
1239 3335 1332 3434 γνώ-

85 3485 126 3550 ε5
137 3491 222 3557 μην,
239 3457 303 3536 ουίε
327 3457 538 3537 ἀνακόπτειν
556 3455 756 3536 ἀκόλουθον
772 3456 1025 3560 περιμένοντας
1044 3457 1170 3540 ἁπλοῖς
1194 3456 1259 3536 τὸν
1284 3461 1333 3540 είς

137 3579 263 3660 πίστιν
291 3578 502 3676 αὐτόμολον,
532 3581 588 3659 καὶ
617 3577 838 3680 αὐτόκλητον
865 3583 914 3664 είς
941 3580 1138 3675 εὐσέβειαν·
1188 3576 1362 3663 ἑαυτοῦςε
1384 3603 1501 3686 em.

138 3701 176 3782 δέ
205 3710 350 3802 μᾶλλον
376 3709 450 3786 τοῖς
478 3705 671 3804 ἀγνοοῦσιν
693 3701 745 3782 ἔτι
772 3705 830 3782 καὶ
858 3703 1105 3801 πλανωμένοις
1131 3701 1333 3805 προσάγειν

137 3823 393 3932 χειραγωγοῖς,
419 3829 477 3906 καὶ
504 3825 755 3930 προσκομίζειυ
784 3829 842 3905 καὶ
869 3832 943 3910 τοῖς
972 3827 1071 3906 οὔπω
1099 3831 1224 3924 μαθεῖν
1246 3825 1329 3903 ἑλο-

136 3949 254 4050 μένοις
278 3949 320 4030 τῦ
346 3949 524 4053 σωτήριον
543 3948 718 4053 κήρυγμα,
736 3955 957 4052 παρακαλεῖν
976 3982 1014 4028 τε
1031 3946 1224 4050 προθύμως
1242 3946 1334 4050 πρὸς

85 4111 126 4170 30
137 4071 203 4172 τὴν
221 4077 284 4174 τῆς
308 4077 465 4174 ἀληθοῦς
486 4072 708 4174 θεογυοσίας
734 4069 820 4152 ἱέναι
842 4071 1063 4176 κατάληψιν,
1086 4067 1153 4150 κάν
1172 4072 1330 4174 ἀποτρα-

135 4195 288 4302 χύνηταί
311 4231 388 4282 πως
410 4201 457 4280 είς
483 4195 662 4276 ἀπείθειαν
685 4201 757 4276 τοῖν
775 4194 1013 4275 ἀκουόντωνὺ
1034 4201 1124 4277 νοῦς.
1164 4189 1232 4272 είεν
1261 4190 1333 4296 γάρ

178 4491 201 4528 1.
217 4473 360 4546 πορεθήγει
373 4473 438 4530 RF.
453 4473 503 4530 Ed.
516 4492 573 4546 mg.
585 4473 730 4545 παραθήσει
743 4472 795 4528 Ed.
1108 4487 1151 4528 π.
1169 4493 1220 4542 μου
1231 4488 1287 4528 om.
1300 4469 1334 4527 E.

140 4560 184 4611 24.
201 4543 240 4600 ίσ.
252 4545 446 4618 περιεζάετοιτθε
459 4544 510 4600 Ed.
523 4563 578 4616 mg.
590 4544 785 4616 περιζάσοσθοι
797 4542 877 4599 lubet
889 4542 917 4598 F.
