3118 5132
312 355 379 419 1104
616 353 655 422 B.
679 353 891 423 OYRILLI
921 350 1209 422 ALEXANDR.
1355 350 1419 416 xiv.
1433 367 1462 428 α,
1478 365 1524 434 3.

146 512 188 630 ξ’·
202 515 264 567 ¹¹³ss-
279 523 300 588 b
313 515 414 618 ἀήθει
441 517 627 624 πράγματι
654 527 845 627 μονονουχὶ
867 523 1142 625 τεθορυβημένοι
1165 518 1265 628 φασί
1279 528 1301 566 “
1315 517 1383 598 Τίς
1406 511 1525 597 οὗτος

313 653 334 712 ‘-‘
353 644 374 722 ὸ
390 643 681 748 παραγενόμενος
698 646 743 754 έξ
758 646 883 745 Ἐδώμ
896 648 928 744 ;”
955 645 1152 744 τουτέστιν,
1171 648 1209 725 ἐκ
1227 645 1308 746 γῆς·
1340 638 1424 719 ἀλλ’
1444 637 1525 716 οῦκ

312 767 502 848 ἀδίδακτον
519 773 583 869 τῆς
602 779 666 850 τοῦ
684 776 782 851 Θεοῦ
801 773 860 850 καὶ
880 769 1026 874 Πατρὸς
1044 765 1270 876 ἀξιαγιὶστου
1288 763 1422 868 σοφίας
1442 757 1526 858 τὴν

311 889 385 970 ἀνω
412 890 557 992 πληθῦν
582 895 699 1000 ἀφῆκε
727 893 769 973 τὸ
799 899 958 994 Πνεῦμα,
982 889 1196 973 διεκελεύετο
1224 889 1261 970 δέ
1289 895 1433 987 μᾶλλον
1461 886 1525 967 ὡς

310 1019 465 1107 βασιλεῖ
489 1021 546 1096 καὶ
574 1023 647 1097 τῶν
675 1018 773 1098 ὅλων
800 1018 975 1124 Δεσπότη
1003 1015 1067 1100 τάς
1095 1016 1278 1119 οὐρανίους
1305 1007 1551 1111 ἀνοιγνάναιι

310 1137 430 1224 πύλας
459 1142 673 1246 ἀναφωνοῦν
702 1153 723 1190 “
739 1139 877 1245 Ἀρατε
905 1142 1026 1226 πύλας
1053 1147 1086 1222 σί
1114 1141 1284 1244 ἄρχοντες
1313 1137 1421 1234 ῦμεῦν,
1449 1133 1523 1211 καὶ

310 1274 332 1312 “
350 1263 527 1367 ε’πάρθητε
549 1263 663 1346 πόλοι
685 1266 829 1364 αἱώνιοι,
848 1268 906 1372 καὶ
932 1265 1174 1345 εἰσελεύσεται
1200 1264 1220 1342 ὁ
1244 1255 1420 1358 βασιλεῦς
1443 1260 1523 1354 τῆς

311 1399 332 1436 “
351 1387 493 1496 δόξης.”
530 1391 721 1470 ένεκαίνισε
747 1392 866 1469 τοίνυν
889 1391 972 1490 ἡμῖν
995 1391 1016 1468 ὸ
1041 1390 1174 1492 Κύριος
1201 1388 1302 1487 ἡμῶν
1319 1382 1464 1483 Ἰησοῦς
1493 1381 1522 1458 ὃ

143 1511 209 1642 ξοδ·
223 1527 247 1560 ¹·
310 1512 474 1616 Χριστὸς
487 1523 510 1561 “
522 1511 606 1593 ὁδὸν
624 1512 844 1620 πρόσφατον
862 1516 920 1593 καὶ
939 1513 1090 1617 ζῶσαν,”
1104 1516 1153 1595 ώς
1172 1514 1192 1590 ὁ
1213 1506 1362 1592 Παῦλός
1380 1513 1520 1612 φησιν,

143 1651 265 1714 Παίων
280 1637 374 1716 οοῦκ
404 1648 424 1684 “
439 1643 487 1721 είς
519 1637 749 1742 χειροποίητα
781 1636 867 1738 ἀγια
900 1633 1086 1734 εἰσελθών,
1115 1637 1201 1714 ἀλλ’
1231 1639 1279 1718 είς
1308 1629 1416 1730 αὑτὸν
1442 1629 1551 1708 τὸνι

310 1769 332 1807 “
350 1757 512 1862 οῦρανὸν,
536 1769 600 1842 νῦν
623 1762 891 1867 ἐμφανισθῆναι
920 1763 971 1868 τῷ
997 1761 1185 1866 προσώπῳ
1210 1765 1273 1838 τοῦ
1297 1762 1393 1837 Θεοῦ
1418 1752 1519 1857 ὑπὲρ

310 1893 332 1930 “
351 1883 486 1983 ἡμῶν.”
516 1885 558 1964 οῦ
577 1885 649 1987 γάρ
666 1883 793 1964 ἑαυτὸν
811 1885 1022 1990 ε’μφανίσων
1040 1890 1092 1992 τῷ
1115 1882 1303 1990 προσώπῳ
1327 1887 1391 1959 τοῦ
1410 1883 1518 1958 Θεοῦ

309 2010 368 2086 καὶ
398 2007 543 2111 Πατρὸς
571 2008 795 2109 ἀναβέβηκεν
822 2011 842 2089 ὁ
871 2007 1045 2114 Χριστός·
1084 2006 1130 2108 ἦν
1157 2006 1228 2110 γάρ
1256 2007 1314 2086 καὶ
1341 2003 1420 2083 ἔστι
1448 2004 1517 2082 καὶ

310 2129 414 2210 ἕσται
445 2131 503 2211 διά
536 2131 672 2216 παντὸς
703 2133 741 2212 έν
768 2135 899 2237 Πατρὶ,
928 2135 986 2213 καὶ
1019 2133 1057 2212 έν
1085 2135 1290 2238 ὀφθαλμοῖς
1321 2135 1385 2209 τοῦ
1417 2127 1517 2205 ίδίου

310 2255 530 2358 γεννήτορος,
564 2254 669 2340 αὐτὸς
705 2256 777 2359 γάρ
814 2259 924 2355 ἐστιν,
956 2254 985 2365 ᾧ
1018 2257 1232 2360 προσχαίρει
1264 2252 1322 2334 διὸ
1355 2248 1551 2334 παντός·ι

240 2370 245 2382 ’
309 2377 420 2478 ἀνέβη
439 2379 477 2459 δέ
497 2387 560 2460 νῦν
578 2383 626 2464 ὡς
645 2379 834 2482 ἅνθρωπος
857 2381 1046 2482 ἀσυνήθως
1071 2415 1110 2460 τε
1135 2381 1193 2459 καὶ
1218 2379 1328 2486 ξένως
1349 2380 1509 2479 ἐμφανι-

308 2506 441 2600 σθῆναι
470 2503 490 2582 ὸ
518 2501 634 2583 πάλαι
659 2503 795 2606 γυμνὸς
820 2504 1094 2608 ἀνθρωπότητος
1113 2501 1247 2605 Λόγος.
1288 2502 1330 2581 δι’
1351 2500 1443 2600 ἡμᾶς
1469 2497 1515 2578 δὲ

308 2631 415 2704 τοῦτο
447 2628 506 2706 καὶ
540 2624 629 2728 ὑπέρ
660 2627 771 2726 ἡμῶν,
799 2627 857 2707 ἵνα
889 2631 947 2708 καὶ
977 2630 1024 2712 ὡς
1054 2627 1242 2731 ἅνθρωπος
1271 2626 1429 2726 εὑρεθεὶς,
1458 2623 1514 2706 ὡς

141 2749 183 2865 ff·
196 2749 245 2800 ⁶¹¹·
275 2748 397 2834 (ῙΥίὸς
414 2751 452 2830 έν
470 2748 617 2849 δυνάμει
639 2754 698 2830 καὶ
722 2750 815 2850 μετὰ
833 2750 969 2855 σαρκὸς
987 2753 1147 2835 ἀκούσας
1164 2748 1323 2830 καθόλου
1341 2759 1363 2795 “
1379 2745 1513 2827 Κόθου
1549 2829 1550 2836 ¹

309 2881 330 2920 ‘⁶
348 2875 388 2953 έκ
415 2873 543 2981 δεξιῶν
568 2875 668 2973 μου,”
688 2878 753 2974 τῆς
781 2874 961 2960 υἱοθεσίας
988 2873 1054 2976 τὴν
1075 2872 1186 2981 δόξαν
1209 2872 1286 2982 ὅλῳ
1313 2872 1357 2951 δι’
1377 2873 1547 2950 ἑαυτοῦι

306 2999 536 3105 παραπέμφη
559 3003 611 3106 τῷ
635 2999 740 3099 γένει·
772 2997 820 3084 εἷς
838 2997 909 3102 γάρ
927 3000 1028 3078 ε’στιν
1047 2999 1091 3107 ἐξ
1106 3001 1216 3101 ἡμῶν,
1236 2995 1324 3076 καθὸ
1345 2995 1512 3100 πέφηνεν

307 3125 506 3227 ἅνθρωπος,
534 3123 574 3202 έκ
607 3121 735 3230 δεξιῶν
763 3131 827 3202 τοῦ
860 3127 956 3204 Θεοῦ
987 3125 1046 3202 καὶ
1075 3122 1231 3224 Πατρὸς,
1263 3125 1294 3200 εί
1326 3121 1385 3200 καὶ
1416 3117 1512 3222 ῦπέρ

306 3246 434 3328 πᾶσάν
456 3249 556 3327 ἐστιν
576 3246 644 3348 τὴν
666 3246 797 3346 κτίσιν,
815 3249 875 3327 καὶ
902 3246 1094 3352 ὁμοοόσιος
1119 3251 1171 3352 τῷ
1199 3246 1274 3352 ίδίῳ
1301 3241 1509 3346 γεννήτορι,

308 3367 397 3450 καθὸ
426 3371 586 3476 πέφηνεν
607 3371 652 3477 έξ
676 3371 785 3451 αὐτοῦ
813 3370 906 3454 Θεὸς
933 3374 971 3450 έκ
1000 3375 1096 3451 Θεοῦ
1124 3372 1183 3450 καὶ
1210 3375 1289 3475 φιῦς
1317 3371 1356 3448 έκ
1383 3366 1512 3474 φωτὸς

308 3491 401 3572 κατὰ
418 3492 604 3594 ἀλήθειαν.
640 3494 860 3600 ένεφανίσθη
878 3493 1007 3593 τοίνυν,
1026 3498 1074 3579 ὡς
1092 3494 1280 3598 ἅνθρωπος
1299 3490 1385 3595 ίπέρ
1404 3491 1544 3590 ἡμῶνι

279 3621 360 3722 οτῷ
385 3617 516 3718 Πατρὶ,
533 3615 591 3695 ἵνα
617 3616 711 3715 ἡμᾶς
734 3615 817 3701 τοῦς
841 3620 880 3698 έκ
907 3618 1108 3722 προσώπου
1134 3616 1328 3721 γεγονότας
1355 3611 1415 3694 διὸ
1438 3613 1511 3714 τὴν

309 3739 461 3844 ἀρχαίαν
491 3738 716 3842 παράβασιν,
746 3739 871 3847 στήσῃ
908 3741 1021 3822 πάλιν
1057 3746 1106 3826 ὡς
1142 3743 1181 3820 ἐν
1216 3741 1404 3847 προσώπῳ
1439 3747 1510 3820 τοῦ

311 3859 471 3966 Πατρός·
501 3860 695 3960 κεκάθικεν,
713 3867 761 3948 ὡς
780 3862 879 3963 Υἱὸς,
897 3865 956 3945 ἵνα
980 3869 1038 3946 καὶ
1062 3866 1161 3966 ἡμεῖς
1179 3869 1227 3950 ώς
1245 3867 1312 3945 υἱοὶ
1332 3862 1374 3944 δι’
1394 3864 1510 3946 αὐτοῦ

308 3987 588 4092 χρηματίσωμεν
606 3989 664 4068 καὶ
681 3985 787 4067 τέκνα
806 3993 915 4070 Θεοῦ.
953 3987 1066 4070 διάτοι
1087 3991 1271 4070 τοῦτοκαὶ
1296 3991 1316 4068 ὁ
1337 3993 1506 4088 Παῦλος,

168 4161 183 4172 ·-
215 4131 224 4206 ζ
308 4113 329 4190 ὸ
347 4109 410 4191 τὸν
428 4109 595 4214 Χριστὸν
612 4111 704 4215 ἔχειν
722 4113 760 4190 έν
778 4114 892 4219 ἐαυτῷ
913 4121 1099 4193 λαλοῦντα
1117 4112 1384 4212 διατεινόμενος,
1403 4113 1509 4193 κοινά
1523 4145 1546 4202 3·

308 4241 353 4340 τῇ
390 4234 501 4340 φύσει
537 4240 582 4340 τῇ
618 4237 820 4344 ἀνθρωπείῳ
857 4235 903 4316 τά
938 4243 986 4322 είς
1023 4235 1131 4318 αὑτὸν
1169 4243 1285 4322 ίδικιῦς
1328 4235 1509 4339 γεγονότα

144 1133 263 1183 Ραιιὶῦ.

145 1211 167 1261 7.

342 4513 369 4568 6.
387 4515 412 4568 οἱ
422 4515 546 4585 ἄρχοντες
558 4533 611 4571 om.
625 4516 657 4570 E.
741 4517 773 4572 8.
791 4517 864 4573 όκὶι.
876 4527 1045 4589 assumptum
1057 4537 1089 4574 ex
1104 4519 1135 4574 E.
1227 4535 1270 4575 ιι.
1289 4520 1319 4588 ἐξ
1331 4537 1385 4574 om.
1400 4519 1507 4592 Migne.

308 4599 402 4652 21-24.
422 4586 447 4639 Α
458 4585 573 4658 πέφηνεν
585 4587 619 4641 ad
631 4587 746 4658 πέφηνεν
758 4589 872 4644 transilit
885 4589 917 4644 Ε.
1025 4589 1067 4644 26.
1086 4589 1117 4644 ἶν’
1131 4589 1163 4644 Ε.
