3238 5114
119 347 765 439 xvii.18‚19.1NS.JOANNEM.
809 352 906 420 LIB.
929 352 991 418 XI.
1036 353 1143 419 cAP.
1161 351 1202 418 X.
1258 352 1320 417 725

119 521 188 594 τοῦ
208 513 333 618 γε’νους
349 516 372 616 ἡ
391 515 504 621 φόσις
528 514 672 626 θανάτῳ
689 515 948 622 κατεδικάζετο,
969 517 1012 598 δι’
1033 516 1111 603 ἑνὸς
1138 513 1352 597 ἀκούουσαν

120 645 187 718 τοῦ
204 638 349 744 πρῶτον
370 649 392 688 “
406 643 460 740 Γῆ
479 637 585 722 εἶκαὶ
603 646 652 726 εἰς
668 645 739 744 γῆν
757 640 977 748 ἀπελεόση·”
1015 639 1080 722 τὸν
1098 640 1207 722 αὐτὸν
1224 636 1321 740 οἶμαι

121 761 269 865 τρόπον,
287 763 346 845 διὸ
364 769 428 866 τῆς
446 767 604 865 ὑπακοῆς
626 769 685 846 καὶ
704 764 932 866 δικαιοσύνης
952 773 1018 846 τοῦ
1036 769 1212 869 Χριστοῦ,
1232 760 1321 843 καθὸ

122 884 271 988 γε’γονεν
296 887 365 968 ὑπὸ
390 885 512 988 νόμον,
531 889 644 970 καίτοι
669 887 861 990 νομοθέτης
886 887 1058 995 ὑπάρχων
1083 891 1132 973 ὡς
1150 887 1255 985 Θεὸς,
1273 891 1323 971 είς

79 1036 108 1096 5
124 1008 216 1110 ὅλην
230 1009 274 1091 ῶν
295 1010 409 1112 διήκοι
426 1010 620 1120 τὴνφύσιν
637 1011 660 1112 ἡ
679 1013 837 1116 εὐλογία,
849 1015 907 1092 καὶ
924 1011 947 1112 ἡ
962 1011 1020 1092 διὸ
1033 1019 1098 1092 τοῦ
1112 1011 1332 1111 Πνεῦματος·

124 1132 348 1236 ζωοποίησις.
399 1139 606 1242 ἀναμορφοΐ
632 1135 705 1240 γάρ
742 1135 785 1216 τὸ
816 1141 966 1234 Πνεῦμα
994 1135 1084 1239 πρὸς
1112 1136 1325 1239 ἀφθαρσίαν

124 1255 167 1337 τὸ
200 1259 245 1365 ἐξ
274 1260 449 1363 ἁμαρτίας
479 1259 782 1368 κατεφθαρμένον,
816 1261 875 1340 καὶ
906 1265 956 1344 εἷς
987 1256 1178 1359 καινότητα
1209 1293 1322 1359 μετα·

124 1377 276 1462 πλάττει
303 1381 392 1485 ζωῆς
419 1381 461 1466 τὸ
483 1386 522 1464 ἐκ
542 1385 717 1492 ῥᾳθυμίας
743 1383 1040 1483 πεπαλαιωμένον
1064 1385 1123 1463 καὶ
1150 1386 1325 1488 χωρῆσαν

125 1510 175 1590 εἰς
192 1508 413 1613 ἀφανισμόν.

61 1666 113 1706 ιο
180 1631 288 1711 Ἀλλ’
314 1631 404 1717 ἴσως
431 1635 518 1737 ε’ρεΐο
544 1638 631 1717 Πῶς
648 1633 712 1714 οῦν
730 1633 750 1712 ὁ
769 1629 871 1734 ἅγιος
892 1629 983 1712 κατὰ
1010 1630 1125 1738 φύσιν
1150 1629 1356 1735 ἡγιόζετο,ο
1374 1650 1490 1708 om

125 1755 311 1835 καὶτοῦτο
337 1762 536 1855 μεθεκτῶς;
569 1755 662 1837 κατὰ
686 1758 767 1836 τίνα
795 1755 833 1837 δὲ
858 1755 994 1860 τρόπον
1011 1756 1032 1836 ὁ
1051 1756 1109 1836 καὶ
1132 1761 1226 1836 πᾶσι
1251 1762 1326 1840 τοῖς

125 1877 220 1958 ἑλεῖν
247 1876 370 1983 ἀξίοις,
399 1888 472 1965 τοῖς
499 1915 538 1960 τε
567 1877 641 1960 ἅνω
669 1882 763 1984 φημὶ
792 1883 851 1960 καὶ
880 1886 954 1964 τοῖς
980 1881 1038 1961 ἐπὶ
1071 1877 1204 1983 γῆςτὸ
1235 1879 1327 1961 ’ίδιον

126 2007 278 2099 Πνεῦμα
304 2002 430 2102 διδοῦς,
449 2005 563 2110 ἑαυτῷ
588 2010 695 2084 τοῦτο
720 2001 923 2108 χαρίζεταις
954 2001 1155 2111 δυσέφικτα
1179 2002 1245 2103 μὲν
1263 2005 1327 2084 οὖν

125 2127 186 2206 καὶ
214 2126 454 2227 δυσδιανόητα
481 2131 608 2232 κομιδῇ
636 2129 695 2207 καὶ
723 2129 787 2208 οῦκ
814 2127 1069 2232 ἀταλαίπωρον
1097 2125 1227 2232 ἔχοντα
1260 2125 1327 2227 τὴν

72 2275 112 2332 ¹5
126 2247 302 2355 ἐξήγησιν
327 2249 374 2331 τὸ
402 2250 548 2333 τοιαῦτά
576 2253 687 2350 ἐστιν,
716 2250 803 2331 ὅταν
829 2251 1001 2356 εὐνοήσῃς
1028 2247 1166 2352 γυμνὸν
1189 2250 1240 2330 ἔτι
1267 2252 1326 2330 καὶ

125 2370 252 2477 ῶσπερ
283 2370 353 2454 όνὸ
383 2371 488 2477 μέρος
519 2375 662 2454 ἑστῶτα
693 2377 758 2474 τῆς
790 2371 1022 2476 άγιαζομέιαης
1053 2371 1327 2476 ἀνθραπιότητος

126 2493 191 2577 τὸν
217 2498 257 2576 ἐκ
284 2501 380 2578 Θεοῦ
407 2497 594 2607 πεφηνότα
617 2495 750 2600 Λόγον·
787 2496 878 2578 ἐπὸν
904 2495 1022 2597 με’ντοι
1044 2493 1233 2602 θαυμάσῃς
1260 2493 1327 2596 τὴν

127 2619 360 2724 ἀπερινόητον
377 2621 506 2702 ἕνωσιν
525 2625 583 2702 καὶ
601 2621 668 2722 τὴν
685 2627 734 2704 είς
759 2619 881 2725 σάρκα
899 2621 1064 2718 σύνοδον,
1082 2623 1142 2700 καὶ
1160 2621 1326 2728 ῦποπεὸη

127 2747 180 2851 τῶ
207 2749 258 2852 νῷ
285 2743 368 2826 καθ’
390 2745 483 2844 ἡμᾶς
510 2743 697 2849 γενόμενος
725 2745 913 2848 ἅνθρωπος
936 2744 1087 2852 ὸφῦσει
1106 2740 1209 2845 Θεὸς,
1228 2745 1361 2854 feva-b

73 2901 115 2942 οο
128 2864 255 2972 σθὴση
282 2865 348 2964 μὲν
376 2867 499 2966 οὐκέτι,
520 2867 640 2950 πάντα
658 2869 695 2948 δὲ
714 2867 871 2971 θόρυβον
892 2873 957 2968 τῆς
981 2872 1050 2967 σῆς
1069 2871 1224 2954 διανοίας
1246 2869 1324 2976 ε’ξε·

128 2987 215 3090 λῶν,
230 2991 370 3076 ὑποθείς
388 3025 426 3072 τε
443 2999 518 3077 τοῖς
536 2991 753 3094 θεωρήμασι,
768 2991 864 3072 Θεὸν
876 2995 915 3072 ἐν
930 2993 1048 3098 ταῦτῶ
1060 2996 1118 3071 καὶ
1137 2991 1328 3095 ἄνθρωπον

127 3110 215 3194 ὅντα
243 3113 307 3196 τὸν
335 3113 436 3213 Υίὸν,
466 3117 530 3196 οῦκ
560 3115 756 3216 ἀπόβλητα
785 3121 894 3221 λογιῇ
926 3113 973 3195 τὸ
1003 3117 1050 3218 τῇ
1079 3114 1328 3218 άνθροπτότητι

127 3236 320 3336 πρέποντα,
345 3238 413 3319 κᾶν
440 3243 488 3323 είς
516 3239 558 3320 τὸ
585 3238 663 3324 ἑνὸς
693 3246 757 3320 τοῦ
790 3237 883 3318 κατὰ
915 3237 1031 3344 φύσιν
1057 3242 1148 3317 Υίοῦ
1177 3237 1329 3344 φέρηται

127 3359 337 3464 πρόσωπον,
356 3365 451 3468 φημὶ
478 3360 522 3463 δὴ
541 3367 719 3467 Χριστοῦ.
758 3359 781 3463 ἢ
801 3361 873 3464 γὰρ
892 3363 956 3442 οῦκ
983 3359 1180 3467 ἀλλότριον
1198 3361 1326 3462 οἰησό-

76 3511 114 3574 25
128 3493 222 3586 μεθα
248 3493 436 3572 παντελῶς
462 3495 527 3568 τοῦ
550 3484 596 3568 τὸ
612 3483 731 3568 πάντα
747 3485 1007 3590 ζωογονοῦντος
1028 3483 1153 3589 Λόγου
1170 3484 1213 3566 τὸ
1231 3489 1325 3568 ἀπο·

128 3615 274 3707 θαυεΐν;

184 3734 292 3814 Ἀλλ’
313 3737 411 3839 ἐρεῖς,
430 3735 486 3816 ότι
503 3734 659 3815 πέπονθε
686 3740 793 3813 τοῦτο
821 3731 913 3814 κατὸ
936 3731 1003 3835 τὴν
1020 3730 1153 3838 σάρκα,
1172 3731 1329 3815 θανάτου

128 3857 201 3960 γὰρ
219 3857 377 3939 δεκτικὸν
403 3856 447 3940 τὸ
474 3865 595 3958 σῶμα,
612 3855 778 3938 τεθνάναι
805 3855 845 3938 δὲ
872 3853 931 3938 διὸ
957 3865 1065 3938 τοῦτο
1092 3855 1248 3960 λέγεται·
1285 3855 1359 3940 τὸο

129 3980 202 4085 γάρ
219 3982 309 4062 ἴδιον
326 3983 435 4062 αὐτοῦ
453 3980 600 4080 τέθνηκε
618 3987 739 4080 σῶμα.

79 4141 117 4200 30
187 4105 395 4208 Παγκάλως
422 4105 494 4212 ἔχει
520 4137 583 4184 σοι
604 4102 648 4184 τὸ
674 4102 852 4206 θεώρημα,
870 4101 987 4206 λέγεις
1012 4100 1084 4206 γὰρ
1103 4103 1230 4207 ὀρθῶς·
1270 4107 1330 4184 καὶ

129 4226 202 4332 γάρ
217 4262 272 4310 τοι
289 4227 381 4310 κατά
399 4228 572 4331 ἀλήθειαν
599 4227 643 4308 δι’
669 4226 761 4327 ἡμᾶς
788 4231 1017 4326 οἰκονομικῶς
1043 4222 1086 4308 τὸ
1116 4225 1206 4307 ἴδιον
1228 4227 1328 4334 ἐφεὶς

1365 631 1430 682 Gen.
1444 629 1479 682 iii.

1368 709 1408 762 19.

170 4523 194 4560 τ.
211 4503 342 4560 ῶκοόουσα
354 4503 387 4560 E.
399 4503 534 4562 δκοόσοσο
547 4503 599 4562 Ed.
762 4519 804 4574 13.
821 4504 889 4576 αὐτῷ
903 4501 936 4558 E.
1105 4520 1146 4570 14.
1164 4501 1211 4556 οῦκ
1223 4499 1330 4556 θτολοί·

131 4595 219 4647 πειρον
231 4575 263 4632 Ε.
275 4577 306 4632 οδ
317 4575 480 4650 ταλαίπωρον
492 4574 544 4632 Ed.
688 4591 730 4647 19.
748 4573 898 4645 ξενισθὴσει
911 4573 943 4630 Β.
1085 4589 1129 4646 3ο.
1147 4573 1199 4647 γδρ
1211 4589 1265 4629 om.
1279 4571 1312 4629 E.
