3184 5104
406 335 469 398 108
706 336 745 402 Β.
769 337 979 402 CYRILLI
1010 339 1301 404 ALEXANDR.
1469 339 1499 400 vi

404 501 650 598 δαιμονιῶντυ,
675 504 780 604 φασὶ,
803 500 868 582 τὸν
892 505 931 582 ἐκ
957 507 1054 582 Θεοῦ
1081 503 1270 606 πεφηνότα
1297 509 1459 601 τολμῶσι
1486 513 1499 581 7

405 621 511 720 Θεὸν,
548 625 648 704 αὐτοὶ
685 631 832 724 μᾶλλον
868 627 906 704 ἐν
942 627 1079 710 ἑαυτοῖς
1121 625 1164 706 τὸ
1205 625 1336 730 πικρὸν
1373 627 1499 730 ἔχοντες

239 752 362 880 {comit
407 747 583 852 θεομάχον
610 748 804 847 δαιμόνιον·
836 749 949 833 οὐδεὶς
978 748 1049 852 γὰρ
1080 749 1178 851 λε’γει
1200 747 1385 849 Ἀνιίθεμα
1406 752 1499 848 Ἰησι

256 853 262 867 ⁸
440 870 451 896 ἱ
492 872 501 898 2
722 870 732 897 λ
869 871 879 896 ἱ
939 871 949 898 ἱ
1050 881 1066 898 n
1169 873 1178 900 Ι
1363 873 1373 900 Ι

373 895 394 960 d
405 906 456 972 μη
482 905 519 951 εν
539 871 773 975 Βεελζεβουλ,
792 906 885 951 κατα
910 907 976 973 την
1001 907 1067 953 του
1093 879 1247 953 Πανλου
1271 881 1420 979 φωνην.·
1447 881 1496 980 ψε

405 994 470 1092 μέν
499 995 562 1076 οὖν
593 997 650 1075 καὶ
680 997 850 1099 ὑβρισταὶ
879 1001 936 1076 καὶ
970 999 1130 1099 λοίδοροι
1162 1003 1221 1078 καὶ
1254 996 1313 1078 διὰ
1344 998 1478 1077 τούτων

406 1117 623 1216 ἁλώσονται,
643 1123 702 1199 καὶ
728 1125 918 1225 θεομαχεῖν
937 1121 1141 1220 εἰθισμένοι,
1161 1120 1228 1222 τὴν
1246 1121 1457 1224 πρέπουσαν
1475 1124 1499 1200 ό

405 1277 516 1323 σουσι
536 1243 637 1342 δίκην
655 1249 707 1350 τῷ
724 1242 844 1325 πάντα
863 1243 1028 1350 ἰσχύοντι
1047 1251 1163 1350 κριτῇ.

463 1367 643 1468 Ζητητέον
677 1367 714 1448 δέ
747 1365 863 1448 πάλιν
895 1371 963 1448 κάν
992 1370 1108 1478 τούτῳ
1138 1367 1205 1470 τὴν
1236 1371 1366 1466 αἰτίαν,
1398 1369 1440 1449 δι’
1472 1368 1499 1467 ἢ

404 1493 620 1600 Σαμαρείτην
638 1487 728 1572 εἶναί
749 1498 845 1598 φασι
873 1495 932 1574 καὶ
952 1489 1182 1600 δαιμονιῶντα
1200 1493 1264 1574 τὸν
1285 1492 1430 1596 Κύριον.
1470 1491 1499 1572 τί

402 1615 600 1718 προθείιτας
628 1621 739 1696 εἰπεῖν
758 1622 813 1696 Ού
843 1617 963 1704 καλῶς
991 1623 1086 1724 ἡμεῖς
1114 1616 1267 1721 λε’γομιν,
1291 1618 1499 1722 ὑπεμφαίνει

404 1742 453 1824 ὡς
477 1741 529 1819 ἐπ’
550 1739 675 1822 αἰτίαις
701 1743 778 1819 τισὶ
808 1743 866 1821 καὶ
894 1743 943 1825 ῶς
969 1744 1186 1850 Σαμαρείτην
1210 1741 1499 1845 διασύρουσι,καῖ

404 1865 463 1942 καὶ
499 1860 542 1942 τὸ
577 1863 711 1964 ἕτερον,
745 1863 835 1966 ὅπερ
868 1869 932 1964 τῆς
964 1866 1105 1945 ἐκείνων
1137 1865 1218 1945 ἐστι
1250 1869 1434 1964 τολμῆσαι
1469 1873 1498 1972 φ

377 1987 532 2068 οούκοιῖν
552 1986 777 2090 Σαμαρείτην
803 1985 895 2068 εἶναί
920 1996 1038 2095 φασιν
1065 1993 1114 2074 ῶς
1141 1993 1408 2095 ἀδιαφοροῦντα
1435 2023 1499 2092 περ

406 2109 552 2210 νομικὰς
584 2109 744 2209 ἐντολὰς,
778 2116 836 2192 καὶ
869 2110 937 2212 τὴν
964 2121 1030 2193 τοῦ
1060 2111 1254 2209 σαββάτου
1286 2112 1397 2192 λύσιν
1426 2115 1464 2192 ἐν
1494 2151 1499 2189 ι

406 2235 645 2338 λογιζόμενον.
683 2237 725 2316 οὐ
750 2234 822 2339 γὰρ
847 2235 998 2340 ἀκριβὴς
1022 2235 1122 2340 παρὰ
1148 2245 1222 2322 τοῖς
1245 2238 1482 2340 Σαμαρείταις

404 2360 641 2458 Ἰουδαὶσμὸς,
659 2357 825 2459 μέμικται
850 2361 897 2439 δι’
913 2395 991 2446 πως
1009 2362 1107 2442 ἔθεσι
1125 2369 1200 2446 τοῖς
1218 2362 1366 2446 ὀθνείοις
1385 2364 1444 2440 καὶ
1462 2361 1499 2439 ‘E

405 2491 514 2568 νικοῖς
540 2484 562 2583 ἡ
591 2469 732 2564 ἐκείνιον
756 2485 916 2587 λατρεία.
950 2483 973 2586 ἢ
1001 2487 1083 2565 καθ’
1104 2485 1223 2587 ἕτερον
1245 2485 1359 2587 λόγον
1381 2491 1499 2587 Σαμαγ

405 2605 576 2708 λε’γουσιν
599 2603 708 2686 αὑτὸν
735 2603 833 2704 εἶναι,
863 2609 1005 2713 ἐπείπερ
1034 2611 1269 2712 Σαμαρείταις
1296 2607 1342 2708 ἧν
1366 2609 1444 2692 ἔθος
1473 2609 1498 2686 ἐι

404 2729 470 2831 μέν
492 2729 557 2830 τὴν
583 2729 810 2834 καθαρότητα
837 2739 1028 2836 μαρτυρεῖν
1050 2767 1089 2812 τε
1116 2736 1176 2812 καὶ
1203 2731 1475 2838 ἐπιψεύδεσθαι,

240 2879 356 2938 560A.
377 2855 535 2958 ικρίνειν
553 2852 591 2935 δέ
615 2852 698 2939 τοὺς
722 2854 861 2959 ε’τέρους
886 2859 934 2940 ὡς
959 2856 1264 2956 μεμολυσμένους.
1304 2854 1362 2935 διὰ
1381 2856 1494 2956 ταύτη

239 2991 362 3058 Supraiv.
406 2975 504 3080 οἶμαι
532 2977 600 3079 τὴν
625 2976 816 3085 πρόφασιν
843 2989 865 3026 “
880 2981 938 3059 Ού
969 2987 1201 3085 συγχρῶιπαι
1229 2981 1395 3060 Ἰουδαῖοι
1424 2985 1497 3078 Σαρ

239 3075 263 3124 9’
408 3115 429 3152 “
446 3105 558 3202 ταις,”
593 3100 684 3185 κατὰ
720 3103 762 3184 τὸ
798 3103 1061 3207 γεγραμμένον,
1099 3113 1357 3206 παραιτοῦνται
1393 3102 1431 3184 δέ
1470 3139 1497 3184 κι

406 3229 537 3334 ἐτέροις
564 3231 662 3309 τισὶν
689 3229 958 3330 ἐπιμίσγεσθαι,
980 3225 1336 3328 καταμυσαττόμενοι
1363 3225 1497 3330 τρόπον

406 3352 469 3434 τὸν
501 3357 660 3434 ἐντεῦθεν
691 3349 894 3452 μολυσμὸν,
929 3353 1071 3454 ἐπείπερ
1108 3353 1226 3435 αι’ποῖς
1262 3351 1304 3432 τὸ
1319 3367 1324 3378 “
1339 3353 1454 3435 οὕτως
1486 3362 1497 3430 ι’

405 3479 521 3581 ὀρθῶς
540 3477 634 3582 ἐχειν
653 3480 758 3556 δοκεῖ.
803 3475 1044 3579 καταδικόζων
1062 3475 1100 3554 δέ
1117 3480 1180 3574 τῆς
1199 3477 1380 3556 Ἰουδαίων
1399 3510 1496 3554 κακοι

407 3603 427 3683 ὁ
455 3601 598 3706 Κύριος,
626 3599 720 3684 υἱούς
746 3596 813 3698 μέν
841 3597 968 3683 αύτούς
997 3598 1167 3678 ἀπεκάλει
1194 3607 1258 3679 τοῦ
1284 3596 1472 3697 διαβόλου,

407 3725 522 3830 γεμὴν
541 3726 583 3806 τὸ
601 3731 787 3808 παντελῶς
805 3724 1012 3804 ἀνυπαίτιον
1030 3729 1077 3806 είς
1094 3725 1279 3826 ἁμαρτίαν,
1299 3727 1356 3804 καὶ
1379 3731 1496 3826 καθαρ

239 3861 344 3990 ῗὲγῖό
408 3851 475 3950 τὴν
493 3857 542 3936 εἱς
566 3849 677 3953 ἅκρον
695 3851 926 3952 ἐπιμαρτυρεῖ
949 3847 1068 3949 λε’γων
1088 3859 1108 3895 “
1123 3849 1189 3934 Τίς
1213 3849 1258 3954 ἐξ
1280 3850 1378 3947 ὑμῶν
1396 3847 1496 3950 ἐλέγγ

409 3983 430 4026 “
448 3978 529 4080 περὶ
552 3974 727 4077 ἁμαρτίας
742 3975 773 4070 ;”
802 3980 907 4052 τοῦτο
926 3971 964 4051 δέ
983 3970 1028 4073 ἦν
1044 3974 1203 4074 ἐναργῶς
1228 3973 1341 4080 ἐαυτῷ
1361 3969 1427 4070 μέν
1445 4006 1495 4051 κα

374 4117 508 4202 ἱιτητα,
525 4097 583 4182 διὰ
601 4106 665 4180 τοῦ
683 4093 734 4198 μὴ
753 4095 930 4178 δύνασθαι
948 4103 1152 4196 περιπεσεῖν
1170 4096 1336 4204 ἁμαρτία,
1350 4095 1416 4196 τὴν
1436 4099 1495 4175 ἀνι

446 4319 468 4358 ι.
488 4303 656 4372 δοιμονιῶντα
671 4303 703 4358 Β.
715 4303 873 4372 δαιμονῶντα
885 4299 937 4356 Εδ.
996 4301 1067 4372 φασί
1079 4309 1249 4372 assumptum
1261 4319 1293 4355 ex
1309 4299 1340 4354 B.
1357 4299 1448 4354 Holst.
1463 4319 1495 4372 qu

406 4371 541 4428 ιιιλίΙιυτιῑ.
781 4390 807 4444 3.
824 4370 927 4442 Ἰησοῦς
941 4371 972 4426 B.
986 4382 1112 4442 utsupra
1125 4389 1163 4426 το
1175 4382 1201 4426 et
1213 4372 1285 4426 alibi.
1298 4371 1401 4439 Ἰησοῦν
1414 4390 1439 4426 a.
1451 4372 1494 4439 ’1η

406 4459 432 4507 η.
452 4443 619 4512 διιιμονιῶντα
635 4444 665 4499 B.
679 4444 837 4512 δαιμονῶντα
850 4444 902 4498 Ed.
978 4461 1017 4498 ιο.
1036 4444 1177 4512 πραθέντας
1191 4442 1250 4497 Cat.
1265 4443 1494 4497 Ηα1.ιεειοΑιιι

405 4511 493 4566 murm
511 4513 559 4568 ΙίιΙ.
601 4515 674 4570 Nihil
687 4515 777 4568 notavi
791 4515 824 4568 de
837 4533 861 4569 a.
954 4531 994 4567 12.
1014 4513 1237 4568 καὶαεε.οιΒ.ιι.
1334 4527 1376 4578 τ5.
1396 4513 1494 4565 δοκεῖς

409 4581 505 4654 Ηνγκς.
521 4583 604 4640 δυκιιν
620 4585 650 4640 B.
664 4585 726 4654 δοκῇ
742 4585 789 4640 llt.
805 4585 855 4640 Ed.
903 4588 947 4654 τῆς
963 4585 993 4640 Β.
1010 4583 1058 4639 Ht.
1072 4585 1117 4641 τὰς
1129 4584 1202 4640 Aub.
1287 4597 1330 4654 η.
1348 4581 1392 4654 τό]
1407 4584 1453 4637 τὸν
1467 4585 1494 4637 Μ
