3248 5112
164 331 294 401 ximo,
352 335 409 402 IN
439 337 473 404 S.
497 339 749 408 JOANNEM.
796 342 892 410 LIB.
916 343 976 410 IX.
1022 344 1125 410 CAP.
1148 343 1176 408 1.
1296 342 1362 407 4⁷9

165 508 312 610 ψεῦδος,
330 505 535 614 έξέλκοντες
552 509 618 610 μέν
636 515 700 610 τῆς
718 519 783 591 τοῦ
803 509 949 616 Πατρῦς
967 512 1093 596 οὐσίας
1110 508 1174 592 τὸν
1192 509 1237 617 έξ
1252 509 1361 589 αῦτοῦ

165 634 223 710 καὶ
252 629 296 711 δι’
318 634 428 714 αι’σοῦ
455 634 555 732 Υίὸν,
581 632 740 740 σαθροῦς
768 633 807 716 δέ
834 637 918 715 λίαν
944 635 1183 734 έπινοοιίμευοι
1210 635 1358 736 λόγους,

164 756 223 834 καὶ
251 755 419 863 στροφὰς
446 755 591 840 ἀτόπων
617 761 838 845 ἐπινοοῦντες
869 767 1161 862 συλλογισμοῖνς
1203 759 1258 840 ὅτι
1289 757 1362 862 γὰρ

164 875 356 978 ἠγάπησεν
373 882 466 981 ἡμεῖς
488 881 555 982 μέν
573 885 593 964 ὃ
617 883 840 988 Μονογενῖγς,
858 883 1100 986 ἠγαπήσαμεν
1117 883 1156 964 δέ
1181 888 1239 964 καὶ
1262 882 1362 983 ἡμεῖς

132 1000 282 1100 ὅαῦτὸν,
301 1005 413 1085 παντί
435 1038 488 1114 τιρ
511 1009 739 1111 προκείσεται
766 1011 823 1089 καὶ
852 1010 936 1090 λίαν
958 1011 1106 1110 ἑτοίμως
1133 1011 1228 1105 ἰδεῖν,
1250 1005 1362 1159 αῦτὴν

163 1127 331 1229 ε’παθρεῖν
349 1129 577 1211 ἐθέλοντι
533 1167 598 1232 της
625 1133 796 1233 ἀληθείας
824 1132 1035 1285 τὴνφύσιν
1075 1135 1114 1212 έν
1134 1137 1260 1239 μορφῇ
1287 1129 1360 1234 γὰρ

164 1250 334 1356 ὑπάρχων
360 1264 426 1336 τοῦ
454 1261 552 1337 Θεοῦ
579 1260 636 1337 καὶ
665 1259 868 1361 Πατρὸς,“
879 1261 946 1410 οῦγ
973 1255 1167 1361 ἁρπαγμὸν
1193 1257 1509 1390 ἡγήσατυδΡΜ·

164 1373 246 1454 “τὸ
274 1373 362 1457 εἶναι
389 1379 454 1459 ἴσα
483 1385 575 1488 Θεῷ,
603 1383 735 1462 ἀλλΗ
717 1383 844 1463 εαυτὸν
873 1384 1023 1463 έκένωσε
1053 1381 1201 1530 μορφὴν
1228 1380 1360 1463 δοῦλον

163 1507 186 1546 “
204 1501 364 1594 λαβοίνῗ
404 1501 481 1584 εἶτα
507 1505 571 1604 τίς,
599 1506 680 1586 είπέ
701 1541 772 1606 μοι,
801 1513 874 1587 τῶν
900 1507 1069 1588 τοωύτωυ
1096 1507 1119 1608 ἡ
1149 1505 1357 1612 πρόφασιςς

112 1660 152 1702 10
164 1617 218 1728 ἆρ’
238 1627 281 1705 αὖ
298 1631 362 1726 τῆς
381 1633 430 1714 είς
448 1630 542 1729 ἡμεῖς
560 1629 703 1733 ἀγάπης
726 1631 747 1710 ὁ
771 1629 908 1733 λόγος;
939 1633 997 1712 καὶ
1021 1637 1099 1714 πῶς
1124 1634 1224 1712 έστιν
1242 1631 1357 1738 ἀμφι·

162 1756 315 1849 βαλεῖν;
350 1749 392 1833 τὸ
421 1753 459 1834 δὲ
486 1758 545 1834 καὶ
572 1755 665 1855 ἡμᾶς
691 1756 827 1836 ἐθέλειν
855 1753 943 1859 ῦπέρ
970 1759 1136 1857 Χριστοῦ
1164 1755 1222 1847 καὶ
1249 1751 1370 1860 αὐτὴνΙ

161 1874 309 1974 ἑτοίμως
335 1878 429 1983 ἔχειν
456 1879 722 1982 καταπροέσθαι
750 1885 824 1964 τοῖς
851 1880 1020 1960 διώκουσι
1048 1878 1115 1980 τὴν
1142 1875 1277 1986 ψυχὴν,
1302 1878 1360 1959 ἵνα

161 1997 213 2100 μὴ
238 1999 302 2080 τὸν
327 2002 462 2084 έαυτιῦν
484 2005 725 2105 ἀρνησαίμεθα
752 2004 896 2108 Κύριον,
916 2000 970 2108 ἆρ’
995 2005 1059 2085 οὐκ
1086 2001 1131 2084 εῖν
1156 2004 1360 2102 εῖσκομίσαι

162 2129 268 2232 σαφῆ
292 2125 359 2226 τὴν
377 2126 562 2234 ἀπόδειξιν
579 2131 643 2228 τῆς
666 2134 714 2212 είς
740 2127 849 2208 αῦτὸν
867 2125 1034 2230 ἀγάπης,
1065 2125 1150 2207 ἀλλ’
1169 2124 1192 2227 ἡ
1215 2125 1360 2211 πάντως

112 2269 149 2331 ¹5
162 2251 294 2350 ἀληθές
331 2255 405 2356 έρεῖ
436 2287 489 2336 τις
527 2255 585 2332 καὶ
621 2260 738 2349 τοῦτο,
768 2251 791 2353 ἢ
827 2259 901 2334 τῶν
935 2253 1048 2356 ἁγίων
1079 2257 1389 2357 καταφαγφιεῖταιο

161 2373 367 2478 μαρτύρων,
397 2381 446 2462 ὡς
477 2378 530 2458 ἐπ’
560 2379 673 2458 οὐδενὶ
705 2384 779 2456 τῶν
806 2379 996 2483 χρησίμων
1025 2373 1270 2476 διηθληκότων
1300 2375 1359 2455 διὰ

162 2499 337 2600 Χριστὸν,
374 2503 433 2580 καὶ
474 2503 603 2600 ἀμισθί
642 2509 818 2583 τοσοῦτον
858 2499 1143 2600 ἀνατλησιίντων
1181 2498 1355 2580 κίνδυνον.

161 2623 456 2726 ἀποδεδειγμένου
477 2634 678 2727 τοιγαροῦν,
697 2629 754 2706 καὶ
779 2627 883 2724 μάλα
909 2631 1051 2732 σαφῶς,
1070 2628 1118 2709 ὡς
1135 2626 1276 2705 τελείαν
1293 2621 1360 2722 μέν

161 2749 182 2827 ὁ
207 2749 337 2851 Πατὴρ
364 2756 413 2837 είς
440 2747 503 2831 τὸν
521 2749 611 2830 Υίὸν
638 2749 708 2855 ἔχει
735 2748 802 2851 τὴν
827 2749 983 2854 ἀγάπην,
1004 2747 1206 2853 ίσοτρόπως
1233 2746 1272 2828 δέ
1300 2751 1358 2827 καὶ

108 2901 147 2942 20
160 2872 268 2958 αὐτὸς
300 2875 426 2983 ἀγαπᾷ
456 2873 520 2956 τὸν
544 2872 700 2976 Πατέρα,
728 2875 786 2954 καὶ
815 2877 912 2975 ἡμεῖς
942 2873 1008 2974 μέν
1036 2872 1154 2969 αὐτὸν,
1182 2870 1288 2956 αὐτὸς
1320 2869 1359 2950 δέ

160 2997 263 3097 ἡμᾶς,
287 3006 391 3078 ποῖον
419 2995 464 3077 ἂν
488 2997 562 3102 έχοι
588 2994 703 3098 λόγον
730 2997 772 3076 τὸ
800 3004 848 3080 είς
875 2997 1014 3099 ἑτέρους
1041 2995 1181 3075 οἴεσθαι
1207 2995 1359 3099 χρόνους

159 3120 384 3201 ἀνάπτεσθαι
414 3120 524 3226 τυχὸν
553 3119 621 3220 τὴν
648 3122 706 3201 έπὶ
737 3123 827 3229 τῷδε
860 3119 1068 3224 διάγνωσιν,
1098 3117 1185 3200 ὅταν
1213 3117 1304 3222 λέγη
1336 3119 1357 3196 ὁ

161 3245 295 3348 Κύριος
313 3251 368 3327 Ἐν
386 3247 545 3359 εἰιείιητη
569 3242 672 3356 ἡμέρα
697 3243 859 3348 γνιίτισθε
884 3252 932 3325 ῖίτι
956 3239 1024 3348 ῖγῖι
1049 3243 1079 3324 ἐν
1099 3251 1145 3352 τῷ
1165 3249 1271 3350 Πατρὶ
1296 3247 1357 3322 καί

159 3374 253 3476 ῦμιῖς
272 3372 301 3451 έν
319 3371 391 3476 ἐμοὶ
414 3365 515 3472 ιιιὶγῦ
534 3370 563 3450 ῖι
580 3373 654 3474 ὑμῖν
669 3402 679 3464 ;

106 3515 145 3578 ²5
214 3492 339 3575 Ἀλλὰ
371 3491 443 3598 γὰρ
472 3492 599 3598 έῤῥεῖω
629 3491 695 3593 μέν
724 3491 770 3574 τὰ
801 3493 941 3574 ἐκείνων
969 3489 1161 3595 ληρὴματα
1193 3489 1252 3570 καὶ
1284 3495 1392 3569 τῶνᾶ

156 3617 340 3718 μισοθέων
363 3623 555 3721 λογισμῶν
578 3619 601 3718 ἡ
628 3615 852 3721 παρεῦρεσις·
886 3616 985 3716 ἡμεῖς
1013 3614 1052 3696 δέ
1079 3621 1124 3722 τῇ
1152 3623 1216 3696 τοῦ
1240 3614 1357 3695 Πνεῦ-

157 3777 270 3844 ματος
302 3742 475 3850 δᾳδουχίᾳ
504 3740 767 3844 θαρσήσαντες,
798 3747 907 3822 εἰπεῖν
938 3742 1002 3822 οῦκ
1034 3739 1235 3841 ὀκνήσομεν
1265 3735 1358 3843 ἅπερ

157 3867 321 3976 ἔδοξεν
297 3903 390 3974 εχειυ
408 3867 559 3971 ὀρθῶς
542 3899 630 3970 υπερ
652 3866 923 3973 σαφηνείας
873 3901 947 3948 των
964 3865 1195 3970 ζητουμένων.
1231 3898 1352 3968 προει-

156 3994 274 4096 ρηκῖυς
298 4000 488 4144 τοιγαροῦν
506 4001 528 4040 “
540 3990 666 4072 ‘'’Ou
648 4025 720 4092 εγω
738 4026 795 4071 και
815 3993 910 4090 ῦμεῖς
929 3989 1115 4095 ζήσεσθε,”
1134 3991 1355 4092 παραχρῆμα
1400 4005 1484 4122 ἔρρει·

105 4151 143 4208 30
157 4116 296 4202 τούτοις
313 4115 510 4220 έπενεγκων
526 4117 725 4219 εὑρίσκεται
744 4122 798 4197 Ἐν
816 4117 916 4234 ἐκείνη
939 4117 980 4226 τῇ
1002 4113 1107 4223 ἡμέρα
1121 4109 1322 4260 γνιίσςτθε”
1306 4147 1354 4191 ιτι
1479 4087 1505 4137 ⁹'

159 4239 228 4346 ι’γῦ
247 4251 277 4323 έν
295 4277 342 4351 τῳ
323 4246 473 4350 Πατρί
488 4277 554 4348 μιν
575 4275 634 4322 και
654 4245 746 4347 ὑμεῖς
767 4241 797 4322 έν
816 4241 888 4346 ι’μιι
909 4273 1012 4342 καγω
1029 4239 1059 4318 ίν
1077 4240 1161 4344 ὑμῖν.
1192 4231 1326 4316 είτα’
1286 4269 1354 4316 τινι

195 4507 558 4638 γρινςοκυωρςαωοιΕ
652 4501 1121 4578 8.ρφηνλοολου1ιοοοκι1ιοο1ἱ
1218 4517 1260 4574 ¹³·
1252 4500 1354 4574 ,ἄρνη-

159 4584 225 4654 σόμι
272 4581 295 4636 Ε
353 4527 1078 4650 statimxpmavss.⁹⁰15..nssnd..mg÷ssd.
