3238 5114
321 325 385 388 ⁷00
623 325 663 388 Β.
686 323 895 390 CYRILLI
925 323 1218 391 ALEXANDR.
1314 321 1398 386 xvii.
1416 339 1470 398 12,
1490 339 1539 404 ¹3·

321 489 499 596 συνουσίᾳ
515 496 580 568 τοῦ
598 489 787 573 ἐνωθέντος
809 491 899 594 αὐτῇ
914 487 1046 592 Λόγου,
1064 487 1155 590 πρὸς
1172 487 1241 587 τὴν
1260 488 1379 566 αὑτοῦ
1399 483 1540 586 τρόπω

155 640 272 700 vm.
291 610 400 696 ατινά
423 611 582 719 φυσικὴν
606 615 848 712 μεθισταμένη
872 611 1033 713 δύναμιν,
1052 614 1234 716 σωτηρίας
1260 609 1451 717 πρόξενος
1482 611 1539 686 καὶ

321 739 505 839 ἁγνισμοῦ
531 743 606 820 τοῖς
634 737 741 836 αὐτῆς
768 736 959 842 μετέχουσι
986 737 1157 839 γίγνεται.
1202 733 1244 814 τὸ
1278 733 1446 833 σύμπαν
1478 733 1540 810 οῦν

322 859 394 962 ἅμα
411 863 473 958 τῆς
495 861 668 960 ἐνεργείας
689 863 752 959 τῆς
771 866 989 963 θεοπρεποῦς
1007 861 1086 964 οάχὶ
1103 857 1147 958 δὴ
1165 857 1314 942 πάντως
1333 859 1436 961 αὐτῇ
1454 854 1538 935 καθ’

321 981 449 1082 ἐαυτὴν
467 981 696 1084 ἀναθήσομεν
714 990 759 1089 τῇ
777 985 897 1085 σαρκὶ,
915 983 1210 1087 πρεπωδεστερον
1229 984 1272 1060 δέ
1286 1015 1324 1062 τι
1345 987 1560 1086 φρονοῦν-5

322 1139 380 1190 τες
407 1111 454 1212 τῇ
480 1107 558 1214 θείᾳ
579 1115 644 1186 τοῦ
663 1105 787 1206 Λόγου
811 1107 956 1206 δυνάμει
983 1105 1288 1214 προσγράψομεν.
1324 1103 1371 1184 τὸ
1404 1105 1485 1206 γὰρ
1512 1107 1538 1184 ἐι

322 1237 371 1338 τῷ
401 1233 535 1334 ὀνόματι
567 1239 632 1310 τοῦ
661 1227 805 1334 Πατρός
834 1237 1006 1340 τηρεῖσθαι
1036 1228 1115 1314 τοῦς
1145 1227 1325 1330 μαθητάς,
1362 1224 1428 1330 ἀρ’
1459 1229 1536 1330 οὐχί

322 1349 428 1432 τοῦτό
456 1355 534 1432 ἐστι
563 1355 621 1434 καὶ
643 1354 762 1458 ἕτερον
789 1351 913 1451 οάδέν;
956 1359 1052 1435 Θεοῦ
1079 1351 1151 1456 γάρ
1179 1353 1269 1460 δόξῃ
1296 1352 1535 1454 τετήρηνται.

323 1474 484 1582 ἀφιστὰς
511 1485 702 1582 τοιγαροῦν
729 1482 792 1578 τῆς
819 1484 893 1558 τῶν
919 1483 1090 1578 μαθητῶν
1117 1478 1273 1562 διανοίας
1299 1474 1368 1556 τὸν
1399 1478 1444 1556 ἐκ
1474 1484 1536 1555 τοῦ

290 1601 439 1678 δδοκεΐν
457 1599 773 1699 ἀπολιμπάνεσθαι
800 1598 928 1706 φόβον,
948 1599 1035 1681 αὐτὸ
1062 1598 1120 1680 διά
1145 1607 1218 1681 τιῦν
1234 1601 1357 1680 αάτιῦν
1373 1601 1533 1678 ἀνακυκ-
1548 1635 1572 1674 ιο

324 1719 444 1822 λήσεις
471 1723 650 1809 πολλάκις
677 1731 803 1806 πᾶσαν
821 1726 940 1808 αὐτοῖς
967 1724 1116 1804 ἐίτεσθαι
1137 1721 1203 1823 τὴν
1221 1723 1452 1830 ἀσφάλειαν,
1472 1725 1535 1801 οὐκ

325 1847 364 1926 ἐκ
383 1854 447 1926 τοῦ
466 1849 742 1930 συνδιαιτᾶσθαι
759 1843 1042 1955 σωματικῶςτῷ
1061 1847 1270 1956 διδασκάλῳ
1290 1851 1426 1952 φησίν,
1445 1848 1532 1926 ἀλλ’

250 1953 254 1962 ’
324 1969 466 2073 ἐπείπερ
496 1969 641 2068 μᾶλλόν
670 1973 751 2052 ἐστι
780 1970 872 2051 κατά
904 1971 1019 2078 φύσιν
1050 1969 1154 2055 Θεός.
1204 1969 1467 2069 ἀκατάληκτον
1497 1971 1533 2049 δέ

326 2097 440 2193 δῆλον
478 2096 534 2173 ὅτι
571 2092 637 2194 τὴν
674 2097 730 2200 ἐφ’
765 2093 903 2176 ἅπασιν
937 2096 1030 2200 ἔχων
1059 2095 1228 2203 ἐξουσίαν
1264 2097 1322 2175 καὶ
1361 2093 1529 2190 δύναμιν·

326 2217 369 2297 οῦ
397 2215 469 2320 γάρ
499 2219 544 2296 ἀν
575 2221 792 2318 ἀλλοιωθείη
824 2221 882 2298 καὶ
914 2218 1141 2317 μετάστασίν
1173 2253 1254 2299 τινα
1285 2217 1399 2313 λάβοι
1438 2215 1531 2320 πρὸς
1545 2247 1572 2306 ¹5

326 2340 415 2442 ὅπερ
433 2342 497 2421 οὐκ
515 2338 620 2440 ἦντὸ
642 2343 815 2426 ὡσαύτως
834 2342 918 2448 ἕχον
936 2346 1000 2439 ἀεὶ,
1019 2341 1186 2448 διασῶση
1205 2339 1242 2422 δέ
1265 2338 1380 2422 πάλιν
1399 2338 1529 2424 αὐτοὺς

326 2461 428 2544 οὐδέν
447 2464 554 2565 ἧττον
575 2467 719 2564 ἀκονιτὶ,
738 2469 796 2546 καὶ
820 2465 955 2550 παντὸς
979 2475 1043 2547 τοῦ
1067 2467 1363 2569 προσπίπτοντος
1388 2465 1525 2572 ἐξελεῖ-

327 2620 386 2666 ται
410 2597 529 2668 κακοῦ.
568 2587 730 2670 κατανόει
753 2589 790 2670 δέ
814 2588 928 2671 πάλιν
954 2587 1020 2690 τὴν
1039 2589 1324 2694 ἐγκεκρυμμέυην
1345 2595 1399 2696 τῷ
1424 2588 1525 2695 λόγῳ

298 2709 509 2814 οπρόνοιαν,
542 2715 590 2794 είς
624 2712 751 2811 ὄνησιν
782 2713 953 2817 ἡμετέραν
986 2717 1044 2795 καὶ
1078 2713 1280 2814 οἰκοδομήν.
1331 2711 1524 2820 ἐξαιτήσας

327 2833 398 2938 γὰρ
423 2829 547 2936 ὥσπερ
564 2833 663 2937 παρὰ
687 2843 752 2915 τοῦ
771 2841 866 2917 θεοῦ
884 2840 943 2918 καὶ
964 2837 1109 2940 Πατρός
1136 2838 1302 2940 γευέσθαι
1326 2835 1393 2935 τὴν
1417 2836 1522 2940 τήρη
1534 2867 1567 2906 20

326 2993 401 3050 σιν,
427 2955 494 3058 τὴν
518 2963 569 3048 είς,
594 2957 828 3062 τοῧς’άγίους
855 2961 893 3041 δέ
921 2959 1088 3062 δηλάνοτι
1107 2964 1200 3068 φημὶ
1227 2959 1401 3060 μαθητὰς,
1419 2961 1522 3044 αι’πὸς

326 3081 396 3184 ἤδη
412 3081 631 3188 πεπραχέναι
655 3081 698 3163 τδ
721 3083 860 3164 τοιοῦτό
879 3093 1006 3188 φησιν,
1026 3089 1199 3184 ίσοσθενῆ
1217 3118 1256 3164 τε
1276 3087 1333 3163 καὶ
1353 3083 1522 3186 ίσουργὸν

327 3213 379 3314 τῷ
396 3207 471 3313 ἰδίῳ
485 3206 669 3311 γεννήτορι
688 3205 822 3292 δεικνὺς
841 3206 976 3306 ἑαυτὸν,
991 3215 1137 3306 μᾶλλον
1154 3207 1191 3288 δέ
1208 3207 1334 3289 ἐαυτὸν
1352 3206 1442 3287 ὄντα
1458 3206 1521 3306 τὴν

328 3329 572 3410 ἐννπόστατον
596 3339 660 3410 τοῦ
685 3329 928 3432 γεννήσαντος
953 3331 1112 3431 δύναμιν.
1147 3329 1177 3441 ᾦ
1203 3331 1275 3434 γάρ
1297 3329 1342 3410 ἀν
1360 3331 1520 3438 φαίνοιτο

328 3450 470 3554 προσὸν
496 3450 539 3532 τὸ
568 3452 680 3532 ταῦτά
708 3453 884 3534 δύνασθαι
912 3460 964 3563 τῷ
990 3491 1032 3559 γε
1056 3455 1133 3536 ὄντι
1161 3459 1218 3536 καὶ
1248 3454 1519 3563 ὁμολογουμένην
1532 3480 1560 3539 ²⁵

329 3573 548 3682 κατὰφύσιν
562 3581 744 3684 θεῷ,πιῦς
763 3579 826 3657 οῦκ
839 3577 883 3658 ἀν
895 3577 1014 3680 πάντη
1028 3613 1067 3660 τε
1085 3584 1144 3661 καὶ
1161 3577 1305 3663 πάντως
1323 3577 1519 3684 ἐνυπάρχον

331 3705 455 3795 νοοῖτο,
475 3701 532 3778 καὶ
556 3697 598 3779 τὸ
623 3700 704 3780 ’ίσον
727 3703 765 3780 ἐν
783 3701 930 3810 ἐξουσίᾳ
953 3706 1010 3784 καὶ
1029 3705 1051 3802 ἡ
1069 3702 1160 3784 κατά
1186 3705 1301 3810 φύσιν
1325 3702 1517 3803 ταιπότης;

297 3824 388 3910 dxv)
413 3824 433 3902 ὁ
453 3820 615 3926 τηρήσας
643 3825 692 3906 ὡς
710 3822 803 3910 Θεὸς
832 3828 862 3906 ἑν
891 3830 1025 3932 ὀνόματι
1044 3833 1151 3926 θεοῦ,
1176 3825 1390 3931 πρέπουσάν
1416 3861 1454 3906 τε
1476 3861 1519 3932 τῃ

330 3946 460 4046 κλήσει
488 3947 553 4048 τὴν
572 3951 608 4027 ἐκ
637 3954 709 4028 τῶν
728 3951 1016 4052 κατωρθωμένων
1033 3957 1237 4054 θεοπρεπῶς
1256 3950 1518 4048 ἀναδησάμενος

331 4069 451 4178 δόξαν,
471 4071 562 4151 κατὰ
586 4072 664 4152 τίνα
688 4071 823 4176 τρόπον
838 4071 1005 4179 ἐκφυλος,
1025 4075 1136 4176 ἤγουν
1159 4072 1362 4181 ἐτεροφυὴς,
1379 4081 1517 4171 μᾶλλον
1528 4115 1556 4173 30

331 4194 368 4275 δέ
391 4197 455 4276 σῦκ
482 4194 691 4301 αι’ντόχρημα
709 4195 936 4301 δειχθήσεται
960 4197 1060 4280 τοῦθ’
1080 4197 1168 4301 ὅπερ
1190 4201 1269 4278 ἐστὶ
1294 4197 1385 4278 κατά
1411 4200 1516 4304 φύσιν

319 4507 325 4520 ·
366 4491 392 4544 3.
411 4475 488 4544 αὐτῆς
500 4475 580 4600 Εχοκ
593 4493 660 4531 corr.
674 4495 756 4531 manu
774 4478 879 4548 prima).
894 4477 923 4533 F.
941 4479 990 4534 Ed.
1004 4497 1059 4552 mg.
1071 4481 1158 4538 αὐτοῖς
1171 4480 1194 4535 E
1208 4481 1295 4552 (pn'us
1307 4479 1456 4552 scriptum).
1469 4481 1512 4538 Εδ.

334 4544 375 4602 16.
394 4545 511 4615 διασώσῃ
551 4546 696 4602 .διασάσει
709 4547 761 4602 Εδ.
818 4565 820 4568 ·
876 4586 880 4599 .
