3118 5132
48 339 187 410 timu.
253 343 316 409 IN
348 345 382 410 S.
406 347 661 414 JOANNEM.
707 347 802 414 LIB.
827 347 888 414 IX.
932 347 1034 414 CAP.
1057 347 1086 413 1.
1206 349 1271 415 433

48 508 271 618 μαινομένῳ
290 513 351 590 καὶ
368 515 619 616 παραπαίοντι,
638 512 801 618 χαλεπὸν
820 512 932 592 οὐδέν·
963 511 1057 620 ἔργῳ
1081 509 1196 615 γεμὴν
1214 514 1273 590 καὶ

49 629 207 730 δυνάμει
238 639 290 737 τῇ
319 641 511 739 θεοπρεπεῖ
533 639 586 722 τίς
613 635 659 716 ἀν
685 636 864 742 χρήσαιτό
891 670 979 716 ποτε
991 667 1002 732 ;
1037 642 1208 741 χαριεῖται
1237 631 1274 714 δὲ

48 756 117 836 τίνι
148 765 236 839 τῶν
265 768 429 862 γενητῶν
453 761 519 864 τὴν
546 765 637 844 ίδίαν
661 764 773 870 δόξαν
799 765 823 842 ὁ
849 761 979 866 Πατήρ
991 793 1002 859 ;
1042 760 1065 862 ἢ
1094 759 1166 862 γὰρ
1194 759 1274 863 οὐχὶ

52 886 151 962 θεοῦ
193 881 321 990 δόξαν
358 881 449 966 εἷναί
483 893 602 993 φαμεν
635 885 677 967 τὸ
713 886 833 968 πάντα
870 884 1048 966 δύνασθαι
1084 887 1183 987 δρᾶν,
1215 885 1274 964 καὶ

28 1005 341 1111 ὅταντουργικὴν
369 1009 461 1114 ἔχειν
488 1011 609 1116 ἰσχύν·
653 1013 768 1091 ούδενῖ
796 1007 911 1112 γεμὴν
938 1009 1045 1118 ἑτέρῳ
1072 1014 1304 1110 προσεῖναι,ο

54 1137 105 1238 τῷ
122 1167 171 1235 γε
193 1132 302 1216 ὅλως
321 1133 604 1242 ε’ναριθμουμένιρ
622 1142 697 1218 τοῖς
716 1133 936 1232 κτίσμασιν,
964 1133 1091 1213 οὐκοῦν
1104 1131 1148 1238 ἐξ
1164 1135 1275 1233 ἀναγ-

57 1259 169 1336 καίων
189 1291 235 1335 τε
263 1257 358 1352 ὁμοῦ
385 1261 443 1337 καὶ
467 1257 733 1363 ἀναντιῤῥήτωυ
751 1256 968 1364 ἀποδείξεων
984 1255 1031 1336 τὰ
1049 1253 1131 1335 καθ’
1151 1253 1277 1334 ἑαυτὸν

58 1379 329 1484 δοκιμάζεσθαι
371 1379 591 1481 βουλόμενος
632 1382 654 1461 ὁ
694 1379 868 1484 Χριστὸς,
905 1380 950 1488 ἐξ
987 1383 1105 1461 αὐτῶν
1141 1377 1277 1460 κελεύει

57 1506 313 1585 πιστεύεσθαι
339 1511 411 1584 τῶν
429 1505 554 1608 ἔργων,
573 1509 621 1590 ὡς
647 1505 700 1606 εἴη
724 1504 790 1604 μὲν
808 1503 914 1590 αι’πδς
939 1509 976 1585 ε’ν
997 1506 1124 1608 Πατρῖ,
1142 1501 1214 1607 ἔχει
1239 1501 1277 1583 δὲ

22 1631 100 1708 10αῦ
127 1628 260 1710 πάλιν
288 1630 327 1707 έν
352 1630 465 1737 ἑαυτῷ
491 1628 554 1710 τὸν
573 1630 731 1732 Πατέρα,
754 1629 930 1727 τουτέστι,
952 1627 1019 1727 τὴν
1043 1635 1107 1708 τοῦ
1131 1625 1278 1728 Πατρδς
1380 1667 1387 1674 ·

58 1753 178 1858 φύσιν
210 1754 254 1831 έν
286 1749 438 1860 ὑπάρξει
465 1757 511 1859 τῇ
539 1753 610 1861 ίδίᾳ
638 1759 751 1859 φορεῖ,
779 1757 828 1836 ὡς
855 1751 1006 1854 γνήσιον
1033 1750 1202 1855 γέννημα,
1231 1752 1278 1833 ὡς

59 1877 203 1981 καρπὸς
225 1879 391 1974 ἀληθῶς,
410 1879 458 1960 ὡς
476 1875 564 1962 Υἱὸς
581 1879 620 1958 ἐκ
640 1875 785 1980 Πατρὸς
802 1875 972 1984 πεφηνὸς
991 1883 1165 1982 φυσικῶς.

112 2001 238 2082 Ἀλλ’
262 2001 288 2100 ἦ
317 1999 384 2098 μέν
402 2001 608 2102 Ἐκκλησία
634 2010 699 2082 τοῦ
726 2007 903 2104 Χριστοῦ,
922 2002 1036 2081 καίτοι
1061 2001 1144 2079 λίαν
1169 2003 1277 2079 ε’παυ·

62 2135 199 2232 χοῦσα’
218 2130 270 2230 τῇ
295 2130 369 2203 τῶν
392 2125 583 2228 δογμάτων
604 2123 782 2228 ὀρθότητι,
801 2124 969 2224 τοιαύτην
987 2124 1059 2230 ἔχει
1083 2122 1149 2221 τὴν
1168 2121 1310 2228 δόξαντι
1329 2140 1396 2197 ’185
1406 2137 1446 2194 Δ.

27 2255 144 2354 ι5περὶ
172 2257 248 2328 τοῦ
275 2255 518 2351 Μονυγενοῦς·
549 2255 623 2334 τοῖς
647 2246 761 2352 γεμὴν
780 2247 969 2352 θεομάχοις
994 2251 1177 2348 αἱρετικοῖς
1200 2246 1277 2323 ἑτε-

63 2384 145 2478 ροῖα
170 2373 349 2476 παρέστη
372 2380 518 2479 φρονεῖν
536 2375 736 2454 ἀναπείθειν
759 2370 842 2457 τοῦς
868 2379 943 2456 τοῖς
967 2372 1142 2473 ὀλεθρίοις
1164 2369 1281 2448 αὐτῶν

65 2497 303 2602 προσιόντας
328 2533 366 2577 τε
392 2500 449 2577 καὶ
473 2497 722 2602 προσέχοντας
749 2497 886 2600 λόγοις.
926 2498 1183 2580 ἐπιλυττῶντες
1210 2493 1282 2596 γὰρ

65 2632 145 2708 ταῖς
166 2620 270 2702 κατὰ
287 2626 453 2725 Χριστοῦ
473 2621 677 2722 λοιδορίαις,
696 2627 965 2728 φιλονεικοῦσιν
984 2626 1016 2700 οἱ
1039 2619 1202 2717 δείλαιοι,
1223 2622 1281 2697 καὶ

70 2753 322 2828 κατανοοῦσιν
340 2745 538 2845 ἀλλήλους,
557 2746 621 2824 ούκ
645 2750 692 2828 είς
716 2743 957 2851 παροξυσμὸν
980 2744 1174 2840 εὐσεβείας,
1195 2744 1280 2823 ἀλλ’
1327 2743 1395 2873 {fh
1406 2759 1431 2794 ¹·
1500 2828 1507 2846 ι

32 2901 59 2940 ²:
72 2875 112 2950 ἶν’
133 2871 387 2972 ἀσεβέστερος
411 2869 532 2972 ἑτέρου
558 2871 672 2976 ὁρῷτο
694 2871 767 2948 δεῖν
790 2869 918 2969 ἕτερος,
937 2871 995 2948 καὶ
1022 2867 1222 2974 φθέγξαιτό
1247 2901 1282 2945 τι

72 3003 147 3074 τῶν
179 2991 454 3096 ἀπηχεστέρων.
502 2991 619 3090 ἐπειδὴ
651 2989 722 3094 γὰρ
752 2989 817 3071 τὸν
846 2993 885 3070 ε’κ
914 2989 1086 3089 Σοδόμων
1114 2993 1283 3070 πίνουσιν
1327 2999 1452 3078 cfilgout„

74 3117 184 3214 οῖνον,
204 3119 266 3196 καῖ
292 3116 422 3218 πικράν
440 3119 478 3196 ἐκ
501 3112 689 3219 Γομόρῥας.
717 3121 879 3218 τρυγῶσι
904 3111 1113 3221 σταφυλήν,
1144 3113 1187 3192 οὐ
1211 3079 1452 3213 γὰριὶωιιηι.

72 3245 109 3322 ἐκ
138 3242 245 3322 θείου
267 3238 430 3343 δέχονται
448 3238 660 3339 Πνεύματος
685 3237 731 3318 τὰ
756 3241 810 3320 ἐπ’
835 3239 931 3346 αὐτῷ
956 3237 1184 3341 θεωρήματα,
1204 3237 1284 3317 οὐδὲ

70 3369 115 3476 ἐξ
139 3363 418 3470 ἀποκαλύψεως
447 3369 510 3462 τῆς
537 3371 603 3444 τοῦ
632 3361 789 3464 Πατρῖις,
814 3364 898 3443 ἀλλ’
929 3364 967 3442 ἐκ
1000 3366 1064 3462 τῆς
1095 3369 1159 3442 τοῦ
1192 3359 1282 3462 δρά·
1329 3371 1444 3500 012¹?ss

31 3513 60 3570 ²5
72 3525 208 3576 κοντος
238 3491 415 3594 κεφαλῆς·
450 3485 551 3569 οὐδέν
578 3485 644 3587 μέν
673 3495 851 3595 φρονοῦσι
883 3493 956 3567 τῶν
983 3487 1138 3592 ἐχόντων
1168 3487 1284 3587 ύγιῶς,
1402 3474 1407 3486 ’
1447 3472 1453 3486 ⁸

72 3623 195 3698 ἐκεῖνα
231 3609 271 3692 δὲ
304 3611 487 3712 λέγουσιν,
516 3609 540 3690 ἀ
572 3610 637 3696 τὰς
668 3619 742 3692 τῶν
771 3613 1006 3714 ἀκροωμένων
1035 3610 1286 3714 ταλαιπώρους

72 3735 279 3846 ἀποφαίνει
297 3733 431 3840 ψυχὰς,
448 3732 540 3838 πρδς
566 3733 656 3842 ᾅδην
674 3733 783 3818 αύτᾶς
803 3735 1084 3839 κατακομίζοντα
1103 3737 1160 3814 καῖ
1179 3742 1226 3819 είς
1244 3735 1287 3814 τὸ

73 3865 176 3944 κιίτω
204 3857 405 3962 βάραθρον.
443 3867 556 3939 ταῦτα
581 3860 640 3938 καὶ
665 3857 823 3953 βιβλίοις
849 3862 998 3939 ἐνθεῖναι
1022 3857 1285 3958 τολμήσαντες,

74 3986 268 4067 ἀθάνατον
286 3978 413 4083 ὥσπερ
429 3981 495 4082 τὴν
512 3985 666 4062 ἐνοῦσαν
683 3983 802 4066 αὐτοῖς
820 3982 1085 4082 ἀνεστήλωσαυ
1102 3980 1285 4081 πονηρίαν.

36 4139 64 4194 30
75 4113 144 4190 ἔδει
178 4105 250 4204 μέν
277 4106 341 4185 οὖν
368 4105 461 4204 ἡμᾶς
493 4109 645 4209 διαρκῶς
678 4104 862 4209 είρηκότας
895 4111 944 4190 είς
975 4103 1018 4184 τὸ
1046 4103 1316 4208 προκείμενον,ο

75 4235 173 4338 ἅπερ
199 4227 249 4330 ἦν
270 4227 363 4312 είκδς
391 4232 546 4337 ὠφελεῖν
570 4227 746 4310 δύνασθαι
773 4228 856 4314 τοὺς
878 4226 1157 4334 ἐντευξομένους,
1176 4227 1302 4330 ὀρθο-Ι

116 4455 140 4494 1.
161 4433 342 4504 παραπαίοντι
354 4433 396 4487 καί
407 4431 565 4504 μαινομένων
578 4431 609 4487 Ε.
688 4431 715 4487 6.
733 4455 764 4503 γε
778 4431 810 4486 Ε.
823 4453 851 4485 τε
865 4429 916 4486 Ed.
995 4427 1075 4500 6-p.
1085 4429 1173 4500 434‚8
1185 4427 1248 4483 citat
1260 4447 1287 4499 p.

84 4525 124 4580 ιη.
143 4527 176 4562 τε
187 4523 244 4562 om.
258 4523 286 4578 p.
457 4521 501 4561 τι.
518 4505 563 4560 τὸν
575 4519 628 4559 om.
641 4520 668 4574 p.
837 4517 880 4572 23·
898 4497 1041 4568 πνεύματος
1053 4499 1172 4572 δέχονται
1184 4499 1289 4554 inverso

81 4579 178 4634 ordine
190 4595 219 4648 p.

126 4679 199 4726 τοι.
217 4679 256 4724 11.
665 4675 722 4742 31<
