3118 5132
51 363 89 426 οἰ.
100 365 124 430 8.
302 373 362 440 IN
393 377 426 440 S.
451 376 473 438 J
477 321 707 444 bANNEM.
752 377 849 442 LIB.
874 377 935 444 IX.
1151 378 1216 440 419

51 528 110 606 ςσά
124 529 185 632 τήν
201 537 362 638 εύστιβή
381 573 420 620 τε
439 543 499 621 καὶ
517 541 772 644 ἁπλουστέραν
790 549 864 626 τοῖς
882 547 1037 626 πολλοῖς
1055 543 1217 643 θεωρίαν.

49 655 119 734 οἶδε’
145 657 213 762 χρή
246 696 286 742 τι
322 666 383 744 καὶ
414 662 686 769 περιεργότερον
719 668 816 764 ίδεῖν,
850 669 908 746 καὶ
945 663 1040 770 τύχα
1074 698 1110 744 τι
1146 669 1220 742 τῶν

49 781 260 878 Μρνμμένων
284 792 409 886 εἰπεῖν,
433 787 631 889 οίησόμεθά
654 823 689 870 τι
716 789 781 870 τὸν
800 791 988 870 Φίλιππον
1010 785 1152 895 φράσαι
1179 819 1219 867 τε

48 899 109 992 ὁμοῦ
127 910 181 986 καὶ
205 913 345 1009 νοῆσαι
370 920 545 992 τοιοῦτον.
590 911 847 994 κατεδάκυοντο
874 911 947 1016 γὰρ
973 914 1031 993 ἐπὶ
1056 919 1130 998 τοῖς
1155 920 1220 992 τοῦ

34 1025 178 1129 ῖῖαΐῖρος
199 1033 395 1132 θαύμασιν
413 1041 446 1116 οἱ
467 1043 541 1117 τῶν
559 1037 741 1118 Ἰουδαίων
758 1037 1022 1140 προεστηκότες
1046 1039 1104 1116 καὶ
1129 1035 1255 1138 πρὸςο

49 1147 149 1238 τυίτοις
165 1155 216 1235 ε’τι
233 1167 465 1262 γραμματεῖς
481 1194 521 1241 τε
540 1165 598 1242 καὶ
618 1166 823 1265 Φαρισαῖοι,
837 1163 896 1241 καὶ
915 1167 992 1246 ταῖς
1010 1160 1220 1264 ἀμετρήτοις

50 1275 217 1374 ίίῦῡημῖῑιις
240 1283 413 1386 καθάπερ
435 1288 511 1364 τισὶ
536 1285 650 1372 λίθοις
673 1290 722 1370 είς
741 1286 890 1389 καρδίαν
907 1281 1141 1383 βαλλόμενοι,
1161 1286 1220 1363 καὶ
1260 1363 1269 1372 ,

51 1396 224 1500 ὶρῥήγνυντο
252 1414 311 1515 τῷ
343 1407 480 1518 φθόνῳ,
504 1413 563 1489 καὶ
590 1414 723 1512 δροῖσαι
750 1409 817 1508 μέν
840 1443 875 1490 τι
902 1407 993 1512 πρὸς
1020 1415 1133 1488 ταῦτα
1161 1407 1221 1486 καὶ

50 1539 326 1631 πρατουργοῦντα
352 1536 561 1616 διακωλύειν
582 1539 626 1616 δι’
646 1536 789 1623 οὐδενὸς
815 1535 955 1643 ἰσχύειν
976 1532 1114 1642 ᾔδεσαν
1131 1535 1218 1637 τρό-

31 1675 107 1722 ειτου·
134 1653 374 1758 διασύροντες
401 1656 439 1738 δὲ
467 1659 560 1740 οὕτω
587 1659 634 1742 τά
661 1659 878 1768 παραδόξως
905 1661 1133 1764 γεγενημένα,
1162 1660 1221 1738 καὶ

54 1775 153 1882 τιῖςῖξ
174 1779 324 1936 ἀπάτης
350 1783 698 1888 κατασμικρύνοντες
724 1785 848 1888 λόγοις
873 1783 939 1885 τήν
961 1783 1073 1936 δόξαν
1093 1785 1218 1880 αὐτοῦ,

53 1891 100 1972 «λυ
113 1931 145 1978 τε
160 1907 218 1984 καὶ
238 1904 346 1986 κάτω
364 1905 522 2006 τὴντῶν
539 1907 723 1990 Ιουδαίων
742 1909 940 1994 διαθέοντες
958 1909 1091 2014 χώραν,
1111 1906 1222 2060 αἰπήν

55 2019 140 2118 Ὴῆν
154 2028 417 2132 Ῑερουσαλήμ,
434 2067 523 2114 ποτε
547 2031 615 2133 μὲν
632 2034 833 2141 ἕφασκον’
815 2069 853 2116 εν
872 2032 1155 2136 Βεελζεβούλ’
1112 2033 1290 2116 αυτδνα

55 2140 297 2249 ἐνγιῖζεσθαι
250 2189 304 2234 τα
328 2163 475 2256 σημεῖα·
505 2191 593 2237 ποτε
583 2155 656 2238 δε
680 2155 840 2238 πάλιν’
812 2192 860 2244 εις
878 2156 1073 2238 ἀκάθεκτον
1091 2159 1222 2255 μανίαν

33 2265 319 2378 Ῐὸᾤιστρούμενοι,
351 2280 599 2428 δαιμονᾶν
555 2315 621 2379 μεν
652 2281 827 2390 ἔφασκον,
860 2283 925 2362 οὐκ
957 2279 1083 2362 είδέναι
1121 2279 1221 2358 δε”
1197 2315 1222 2360 α

57 2399 197 2488 &mest
178 2404 362 2556 εησίμων
373 2403 452 2560 γὰρ
477 2412 551 2488 τοῖς
575 2403 700 2510 ὄχλοις
717 2405 886 2507 λε’γοντες
904 2402 1175 2506 “Δαιμόνιον
1150 2439 1283 2524 εχει
1265 2408 1348 2472 ⁵⁰9³

58 2521 123 2598 καὶ
145 2526 320 2626 μαίνεται,
343 2530 383 2608 τί
406 2530 516 2610 αὑτοῦ
543 2527 708 2628 ἀκούετε,’
710 2529 820 2609 ’ἀλλ
837 2589 1218 2612 .....................

61 2697 442 2735 .......................
480 2653 653 2738 εὐκλείας
689 2653 881 2760 ἀφορήτως
917 2652 1220 2758 ἀντεγειρόμενος,

60 2765 140 2848 ris&
165 2775 270 2862 οὗτος
301 2774 357 2877 ἧν,
380 2777 581 2880 ἀναγκαίως
608 2779 688 2880 ε’ρῶ.

39 2905 53 2946 ³
91 2891 286 2982 ’ἀνέπειθον
307 2899 380 3006 γάρ
405 2898 488 2986 τοὺς
516 2899 660 3002 δήμους,
684 2898 847 3005 καθάπερ
871 2902 1001 3005 ἀρτίως
1024 2903 1219 3008 ἐδείξαμεν,

60 3011 99 3090 τὸν
119 3019 177 3116 μὲν
201 3023 309 3130 παρὰ
339 3034 404 3106 τοῦ
434 3029 604 3129 Σωτῆρος
634 3025 735 3125 ήμῶν
761 3023 812 3125 μή
841 3025 1061 3129 προσίεσθαι
1089 3023 1256 3128 λόγον,ᾶ

61 3135 222 3248 ἆῖῦφοαιῖν
260 3149 302 3231 δὲ
341 3152 390 3234 ὡς
426 3148 661 3234 διδάσκοντος
695 3147 797 3252 παρὰ
832 3148 897 3230 τδν
934 3148 1044 3248 νόμον
1077 3151 1137 3228 καὶ
1173 3151 1222 3233 ὦς

59 3266 237 3367 ῐῠρῥωτότω
258 3273 408 3381 φεύγειν
425 3273 641 3376 ἐπείγεσθαι,
658 3275 901 3376 προσκεῖσθαι
926 3271 964 3352 δὲ
985 3278 1131 3372 μᾶλλον
1149 3278 1223 3355 τοῖς

61 3385 297 3482 ίάΜωυσίως
321 3395 629 3496 τεθεσπισμένοις.
666 3399 724 3477 καὶ
750 3393 808 3477 διά
832 3396 939 3477 ποίαν
960 3397 1076 3476 αἰτίαν
1088 3429 1098 3492 ;
1128 3395 1218 3503 ἔφα-

39 3518 189 3592 ’ὅσιον
148 3553 218 3624 γαρ
252 3521 311 3602 ὅτι
345 3525 512 3621 Μωυσῆς
545 3555 613 3622 μιν
645 3522 666 3601 ὁ
697 3519 809 3624 με’γας
845 3518 928 3606 τοὺς
963 3519 1079 3603 πάλαι
1111 3517 1223 3606 λαους

60 3631 260 3780 ίξφιιγκεΜ
274 3650 325 3731 είς
356 3643 581 3746 συνάντησιν
611 3652 675 3725 τοῦ
706 3643 832 3743 Θεοῦ,”
860 3643 953 3725 κατά
984 3643 1026 3726 τὸ
1058 3680 1218 3750 γεγραμ·
1286 3723 1292 3736 ,
1343 3692 1349 3706 ·

62 3757 145 3861 λίνον,
161 3772 218 3850 καὶ
236 3767 473 3874 παρέστησεν
490 3765 602 3851 ε’πὶ
567 3803 608 3850 το
627 3767 709 3872 ὄρος
726 3803 769 3849 το
751 3767 887 3868 Σιυά,
906 3769 1022 3877 ἕδειξέ
1040 3805 1079 3852 τε
1104 3773 1223 3856 αυτοῖς
1313 3759 1319 3774 ’
1363 3759 1370 3774 ⁰

64 3877 136 3992 ἓντῷ
157 3889 227 3996 ὄρει
253 3892 320 3974 τὸν
338 3891 445 3992 Θεον,
463 3895 523 3973 καὶ
549 3894 703 3974 ἀκούσω
727 3893 977 3996 παρεσκεύασε
1001 3929 1075 3976 των
1099 3893 1223 3995 λόγων

64 4003 146 4108 νῖιοῦ,
162 4014 474 4124 πεπληροφόρηκέ
492 4051 532 4098 τε
558 4021 616 4097 καὶ
634 4015 737 4117 μάλα
755 4024 897 4125 σαφῶς,
915 4017 970 4097 ὅτι
990 4015 1083 4102 Θεὸς
1100 4015 1222 4095 ἐλάλει

43 4127 118 4216 ῖΐῦῦς
140 4137 277 4241 νόμους·
316 4143 337 4222 ἀ
365 4140 403 4224 δὲ
430 4141 567 4222 τούτων
592 4139 694 4222 οὐδὲν
720 4141 830 4248 ἔδειξε
857 4147 1054 4225 παντελεῖς.
1105 4139 1160 4219 ὅτι
1185 4137 1254 4219 δῖα

67 4249 136 4342 θτυς
161 4259 204 4364 ήν
230 4263 351 4350 πολύς
382 4266 466 4369 παρ’
497 4266 639 4350 ἐκείνοις
671 4267 692 4345 ὁ
725 4261 845 4367 λόγος,
875 4264 1036 4343 ε’ντεῦθεν
1061 4261 1222 4368 μαθήοη.
1339 4363 1344 4374 Ι

68 4376 218 4484 θεωρήσεις
245 4388 319 4494 γὰρ
346 4389 520 4492 λέγοντας
547 4386 638 4494 πρὸς
670 4387 734 4469 τὸν
760 4387 798 4466 ἐκ
823 4389 967 4490 γενετῆς
993 4385 1152 4492 τυφλὸν,
1182 4383 1224 4467 δν

1265 2024 1290 2076 S
1300 2027 1362 2076 Luo.

1265 2091 1348 2154 xi.15.

116 4619 148 4676 ¹3·
163 4609 320 4682 ἶφιισεενί
486 4625 528 4685 ιη.
546 4609 614 4682 ἀλλ]
630 4610 753 4681 Spatium
767 4629 801 4679 44
814 4609 868 4666 sere
879 4609 1028 4666 litterarum
1041 4615 1068 4663 et
1080 4607 1108 4664 in
1121 4607 1153 4664 E.

580 4713 600 4781 3
616 4713 639 4758 ιι
656 4712 676 4762 2
