3142 5118
339 315 404 378 256
643 315 681 381 B.
707 315 920 381 CYRILLI
951 313 1240 380 ALEXANDR.
1369 333 1399 376 x.
1413 329 1454 398 33
1465 330 1529 394 sqq

287 533 325 590 3³
375 512 455 602 Περί
482 515 583 578 καλοῦ
605 512 702 602 ἔρςου
729 512 767 578 οὐ
794 513 965 604 λιθάζομέν
993 537 1038 596 οε,
1065 513 1151 579 ἀλλὰ
1178 511 1252 602 περί
1279 507 1501 598 βλασφημίας.

171 683 245 798 {³⁰¹³-
258 700 283 735 ⁸
388 673 564 782 Ἔχοντες
583 689 604 726 “
616 677 734 783 ζῆλον
752 684 859 777 θεοῦ,
878 679 963 758 ἀλλ’
984 679 1025 759 οῦ
1045 678 1121 758 κατ’
1136 675 1360 778 ἑπίγνωσιν,”
1379 668 1528 774 η’γανοίκ

171 787 254 880 δίψά
341 834 425 882 τονν
442 799 638 887 ἀκούοντες.
656 810 721 883 τοῦ
739 808 906 907 Χριστοῦ
931 800 1100 906 λε’γοντος
1119 811 1140 850 “
1153 799 1253 902 Ἐγὼ
1278 801 1336 880 καί
1362 800 1382 878 5
1406 794 1529 897 Πατὴρ

170 895 276 944 vm
342 933 363 972 “
380 924 419 1004 ἕν
445 927 589 1026 ε’σμεν.”
630 926 669 1006 τί
694 924 766 1029 γὰρ
794 924 835 1007 τὸ
865 925 1006 1007 κωλῦον
1033 923 1142 1005 αῦτῦν
1169 921 1256 1004 εἶναι
1285 923 1323 1003 ἓν
1349 920 1438 1025 πρὸς
1473 918 1529 1000 τὸ.

311 1045 499 1151 εΠατέρα,
518 1049 615 1151 είπερ
632 1050 852 1130 ἐπίστευσαν
870 1052 925 1130 ῦτι
943 1047 1034 1133 Θεῦς
1057 1045 1103 1148 ἦν
1120 1046 1211 1128 κατὰ
1234 1046 1372 1153 φόσιν;
1402 1043 1459 1123 διὸ
1480 1079 1529 1123 κο

339 1171 496 1274 λιθάζειν
519 1171 628 1253 αὑτὸν
652 1174 864 1278 ἐπεχείρουν,
887 1176 946 1253 καί
973 1170 1273 1276 ἀπολογούμενον
1287 1172 1329 1249 δι’
1349 1167 1394 1268 ἣν
1418 1167 1526 1247 αίτία

336 1305 443 1377 τοῦτο
470 1297 624 1394 ἐποίουν,
652 1299 778 1404 φασίν,
807 1296 862 1377 ὅτι
890 1299 957 1403 οὐχ
984 1297 1099 1376 ἕνεκεν
1127 1293 1179 1374 ὧν
1205 1295 1378 1394 ἐποίησας
1407 1297 1524 1371 καλῶ

335 1419 512 1530 λιθάζομέν
541 1455 590 1517 σε,
617 1426 702 1500 ἀλλ’
728 1419 783 1501 an
810 1424 1054 1527 βλασφημεῖς·
1089 1421 1189 1500 αῦτοί
1216 1422 1255 1498 ἐκ
1282 1425 1346 1497 τοῦ
1373 1415 1529 1496 ἐναντίοι

338 1549 660 1651 βλασφημοῦντες,
690 1545 733 1625 δι’
762 1541 813 1624 (δν
839 1543 973 1644 ἤθελον
1001 1542 1158 1647 λιθάζειν
1185 1540 1249 1623 τόν
1275 1541 1363 1622 ὅντα
1390 1542 1529 1640 ιίληθτῦ

340 1668 446 1766 Θεὸν,
461 1671 672 1772 ἀγνοοῦντες
691 1667 746 1749 ῦτι
764 1670 806 1748 οῦ
824 1673 943 1776 γυμνῇ
961 1675 1006 1775 τῇ
1026 1666 1166 1769 θεότητι
1185 1669 1335 1768 ἔμελλεν
1354 1665 1374 1744 5
1393 1665 1529 1764 Ἰησοῦ

340 1793 532 1893 ἐπιδημεῖν,
560 1791 661 1872 ἀλλὰ
688 1792 933 1895 σορκοόμενος
960 1796 999 1873 ἐκ
1026 1792 1234 1896 σπέρματος
1262 1791 1406 1887 Δαυείδ,
1433 1795 1529 1884 βλα

171 1961 280 2062 ΜΔ
307 1915 508 2060 ιὶσφημίαν
526 1913 614 1998 εἶναι
632 1916 800 2020 λε’γοντες
817 1915 884 2017 τὴν
903 1915 1014 2020 ὀρθὴν
1032 1916 1241 2018 ὁμολογίαν.

214 2129 252 2186 34
263 2129 326 2187 sqq.
601 2107 693 2182 Ἐςὼ
720 2101 797 2174 εἶπα
825 2107 903 2174 Θεοί
928 2107 1014 2189 ἐστε,
1039 2104 1091 2176 καί
1117 2101 1163 2177 τό
1188 2102 1270 2199 ἑξῆς.

393 2261 542 2364 Ἐπειδὴ
570 2265 689 2344 τοίνυν
716 2263 819 2349 θεούς
846 2298 944 2349 τινας
971 2263 1144 2344 ἐκάλεσεν
1169 2263 1188 2342 5
1219 2261 1360 2366 Πατὴρ,
1382 2259 1475 2342 εἶναι
1510 2267 1529 2343 ἑ

340 2386 457 2488 δήπου
481 2389 600 2474 οῦτοΐς
625 2387 780 2468 ε’πακτῦν
804 2387 943 2490 ἀνάγκη
969 2387 1012 2468 τῦ
1037 2388 1188 2496 ἀξίωμα·
1218 2387 1267 2472 εἷς
1294 2387 1366 2491 γὰρ
1395 2389 1415 2466 5
1446 2421 1529 2468 κατ

341 2512 457 2619 φύσιν
489 2511 661 2616 ὑπάρχων
691 2511 794 2598 Θεός·
839 2513 1049 2616 ἀναγκαίως,
1078 2513 1135 2591 ἵνα
1165 2511 1217 2612 μὴ
1250 2517 1308 2591 καὶ
1344 2508 1453 2596 αὐτὸς
1497 2513 1528 2592 εί

341 2635 515 2741 ῦτιίρχειν
537 2638 678 2717 ἐκείνων
702 2637 895 2740 νομίζηται,
914 2638 978 2716 οῦκ
1005 2635 1161 2736 οῦσιιόδη
1188 2635 1255 2736 τὴν
1278 2639 1342 2735 τῆς
1370 2633 1528 2736 θεότητε

340 2761 580 2863 περικείμενος
612 2759 734 2867 δόξαν,
763 2760 1130 2864 προσπεπορισμένην
1158 2758 1196 2840 δὲ
1227 2767 1374 2878 μᾶλλον
1400 2763 1441 2840 ἐν
1471 2761 1528 2840 ἰ’σι

341 2891 415 2969 τοῖς
433 2883 572 2982 ἄλλοις,
585 2884 874 2965 ἀντιδιαστέλλει
892 2892 1023 2992 σαφῶς
1040 2881 1165 2965 ἑαυτόν
1183 2885 1333 2970 ἐκείνοις.
1362 2892 1528 2966 τοσοῦτο

341 3006 413 3111 γὰρ
437 3013 500 3108 τῆς
524 3009 663 3088 ἐκείνων
684 3011 862 3115 πτωχείας
887 3008 1115 3115 διενηνοχότα
1138 3007 1299 3106 δεικνύει,
1322 3011 1369 3092 ὡς
1394 3011 1527 3090 ε’πείττι

341 3133 489 3234 γε’γονεν
527 3130 634 3217 αὐτὸς
670 3134 708 3212 ἐν
739 3134 867 3230 αὐτοῖς,
901 3131 961 3214 διὰ
997 3131 1130 3233 ταύτην
1161 3131 1287 3217 αὐτοῦς
1323 3131 1390 3230 τὴν
1423 3135 1527 3212 αίτίο

342 3261 543 3356 κεκλῆσθαι
570 3256 682 3346 θεούς·
715 3257 822 3341 αὐτὸς
847 3255 920 3360 γὰρ
946 3259 1046 3337 ἐστίν
1070 3257 1090 3336 5
1115 3255 1235 3359 Λόγος
1263 3265 1327 3336 τοῦ
1354 3261 1458 3336 Θεοῦ
1491 3293 1527 3338 κι

343 3379 501 3481 Πατρός.
530 3385 560 3459 εί
579 3378 616 3459 δὲ
635 3382 694 3459 καί
711 3380 888 3486 ἐξήρκεσέ
902 3415 998 3460 τισιν
1016 3384 1053 3460 ἐν
1067 3382 1187 3465 αὐτοῖς
1204 3378 1362 3483 γεγονὼς
1381 3382 1402 3459 5
1418 3379 1527 3483 Λόγι

342 3508 390 3586 είς
408 3501 450 3583 τὸ
469 3505 527 3582 καί
546 3503 755 3607 ἀνθρώπους
774 3503 877 3588 ὄντας
897 3509 941 3610 τῇ
965 3508 1029 3603 τῆς
1052 3504 1218 3604 θεότητος
1239 3505 1527 3608 καταλαμπρύνι

342 3632 438 3730 τιμῇ,
456 3633 534 3711 πῶς
553 3628 617 3706 οῦκ
636 3625 680 3706 ἂν
698 3627 750 3728 είη
768 3626 860 3708 κατὰ
878 3630 992 3734 φύσιν
1007 3627 1101 3714 Θεὸς
1119 3631 1139 3709 ὁ
1157 3631 1305 3714 καὶτοῖς
1324 3628 1462 3714 ἅλλοις
1483 3631 1526 3710 τί

342 3751 400 3830 ε’πὶ
418 3749 533 3858 τούτῳ
550 3750 779 3858 προξενήσας
798 3751 1042 3858 φαιδρότητας

401 3880 481 3956 Νῦν
497 3875 659 3980 ε’λέγχων
676 3874 759 3960 τοῦς
776 3877 978 3975 Ἰουδαίους,
996 3875 1052 3956 ὅτι
1070 3878 1112 3957 οῦ
1130 3873 1189 3956 διδ
1210 3873 1252 3957 τό
1275 3881 1386 3958 είπεῖν
1404 3890 1429 3928 “
1443 3881 1526 3984 Ἐγ

310 4066 319 4084 ·
379 4067 406 4117 4.
423 4050 490 4120 πρὸς
500 4049 545 4104 τὸν
556 4047 661 4120 Πατέρα
673 4046 736 4105 εἶναι
748 4049 776 4104 ίν
786 4050 893 4106 inverso
905 4049 998 4106 ordine
1010 4069 1034 4106 a.
1125 4068 1165 4107 ιο.
1184 4051 1336 4124 ὁμολογίαν]
1350 4051 1526 4126 Βεηοοοαητ

342 4121 494 4193 φάσκοντος
511 4119 557 4210 οδρ
574 4121 625 4192 ἐγὼ
643 4121 685 4176 καί
702 4119 768 4190 δ-λ
785 4121 955 4190 πεποιημένος
972 4139 1040 4194 quae
1057 4120 1091 4176 ad
1103 4121 1272 4178 Thesaurum
1290 4141 1317 4193 p.
1329 4137 1381 4247 ἕρ
1433 4127 1525 4183 ttine:

347 4191 441 4260 14-26.
463 4191 536 4246 Haec
556 4191 848 4263 Επειδὴ-φαιδρότητα
859 4202 1028 4248 accesserunt
1040 4211 1072 4247 ex
1084 4194 1143 4247 a.e.l
1157 4193 1215 4264 (Iol.
1226 4209 1274 4262 19²
1283 4193 1322 4262 v).
1407 4234 1415 4248 .
1459 4197 1525 4254 Est

343 4262 372 4316 in
385 4263 511 4318 Cramero
523 4262 580 4316 nine
592 4262 708 4316 nomine.
812 4263 853 4317 16.
870 4263 922 4318 ῦπιί
939 4285 981 4334 χει
993 4281 1017 4318 ο.
1030 4262 1113 4318 Cord.
1127 4263 1173 4318 Cr.
1221 4266 1287 4320 θεὸς
1299 4264 1427 4336 ὑπάρχοι
1439 4267 1525 4326 inve1

344 4333 436 4387 ordine
454 4335 472 4387 1.
520 4335 562 4387 καί
574 4351 628 4388 om.
640 4334 658 4388 1.
672 4331 718 4388 Cr.
766 4329 904 4391 ersom.
959 4333 1000 4388 rd.
1123 4347 1164 4405 ιη.
1183 4333 1285 4390 ἐκείνων
1295 4335 1426 4407 ὑπάρχειν
1439 4339 1525 4396 inve1

343 4401 436 4456 ordine
448 4403 492 4455 c.l.
507 4402 589 4458 Cord.
603 4403 649 4458 Cr.
696 4403 823 4471 νομίζεται
835 4422 859 4458 c.
906 4405 1019 4459 οῦκοω.
1033 4402 1094 4475 (sio)
1108 4405 1151 4460 οδ.
1165 4404 1212 4460 Cr.
1305 4421 1348 4460 20.
1367 4409 1525 4464 καταδεικν

342 4471 386 4522 ολ.
400 4471 481 4524 Cord.
495 4471 541 4525 Cr.
623 4489 665 4540 24.
685 4473 975 4547 καταλαμπρῦνεσθοιί.
989 4473 1036 4531 Cr.
1119 4473 1164 4532 26.
1182 4478 1258 4531 τοῦτο
1270 4493 1295 4531 c.
1350 4475 1421 4533 Post
1433 4482 1525 4554 φαιδη

342 4558 414 4604 τητιι,
428 4539 513 4609 pergit
524 4543 569 4596 νῦν
580 4539 625 4598 οῦν
636 4541 753 4615 ε’λίγχιυν
765 4545 822 4600 sine
834 4563 918 4617 pausa
930 4563 954 4602 a.
