3200 5092
77 311 178 374 ω’ἰαδ.
224 313 281 377 IN
312 317 349 380 S.
377 319 645 384 JOANNEM.
691 321 785 385 LIB.
802 322 843 386 V.
890 323 991 387 CAP.
1016 322 1076 386 IV.
1215 326 1256 386 35

74 473 186 578 ἰσχίων
201 481 258 556 καῖ
283 482 446 584 ἀκονητί
455 517 466 578 ;
500 485 628 565 οὐκοῦν
644 493 793 586 σημεῖον
810 486 961 566 ἔσεσθαι
983 493 1057 571 τοῖς
1076 487 1258 570 Ἰουδαίοις

73 599 121 676 τίν
143 605 261 680 οἰκεῖον
288 605 464 710 σταυρὸν
493 607 654 714 ἔφασκεν
681 611 701 688 ὁ
730 607 867 713 Σωτὴρ,
896 612 955 689 καὶ
983 609 1165 717 ἀπόδειξιν
1192 610 1259 712 τήν

73 723 310 826 ἐναργεστάτην
329 739 403 809 τοῦ
425 731 517 810 κατὰ
538 733 659 838 φύσιν
672 731 779 812 αὐτὸν
797 730 886 813 εἶναι
903 733 1010 813 Θεόν.

114 849 220 926 Τοῦτο
237 849 271 928 δ’
292 850 342 930 ἂν
362 853 450 960 ἴδῃς
467 854 578 934 αὐτὸν
596 858 655 934 καὶ
673 856 820 958 ἑτέρωθί
840 890 912 936 που
936 857 1090 958 λέγοντα
1110 862 1255 964 σαφῶς·
1270 871 1293 935 d

53 976 199 1048 mmo
223 972 290 1071 μὲν
321 975 404 1080 γὰρ
438 981 499 1056 καὶ
532 977 784 1080 ἀναριθμήτων
811 977 1151 1082 τερατουργημάτων
1178 983 1254 1060 ἐπι-

75 1091 255 1194 δειχθέντωυ
277 1101 324 1176 δι’
345 1103 478 1200 αὑτοῦ,
496 1099 712 1206 προσῄεσάν
730 1136 817 1182 ποτε
841 1101 1060 1206 πειράζοντες
1085 1108 1119 1183 οἰ
1143 1109 1256 1206 Φαρι-

74 1222 151 1292 σαῖοι
174 1222 230 1296 καὶ
256 1223 438 1324 λε’γοντες
458 1236 480 1272 “
492 1225 705 1306 Διδάσκαλε
734 1222 890 1325 θίλομεν
913 1225 984 1305 ἀπὸ
1012 1235 1082 1305 σοῦ
1109 1233 1260 1325 σημεῖον
1305 1229 1428 1358 ξίφζξλ·

76 1339 208 1418 ὅίδεῖνθ
241 1345 262 1422 ὁ
286 1346 326 1426 δὲ
355 1349 508 1452 ἐπείπερ
534 1347 618 1433 τοὺς
642 1351 679 1428 ἐν
698 1351 816 1434 αὐτοῖς
842 1349 958 1432 ἰόντας
984 1352 1106 1428 ἐθεᾶτο
1131 1353 1257 1429 διαλο-

75 1463 211 1562 γισμοὺς,
235 1471 295 1546 καὶ
325 1479 474 1574 πικρῶς
501 1471 814 1572 διενθυμουμένους
842 1475 906 1552 οὐκ
933 1471 1054 1574 ἠγνόει
1082 1483 1103 1521 “
1118 1471 1258 1571 Γενεὰ,”
1305 1473 1395 1599 {239’

42 1589 195 1686 109qust
210 1593 360 1695 πονηρὰ
390 1602 455 1674 καὶ
480 1598 649 1700 μοιχαλὶς
673 1603 822 1696 σημεῖον
847 1595 1006 1698 ἐπιζητεῖ,
1029 1599 1086 1676 καὶ
1111 1605 1261 1696 σημεῖον

76 1719 92 1752 “
106 1709 139 1786 οὐ
153 1712 348 1812 δοθήσεται
368 1721 466 1824 αι’ντῇ
484 1725 514 1798 εἰ
531 1718 582 1818 μή
607 1718 650 1799 τὸ
672 1727 822 1820 σημεῖον
839 1721 946 1798 Ἰωνᾶ
971 1727 1033 1798 τοῦ
1058 1720 1258 1826 προφήτου·

76 1831 214 1936 “ioxep
230 1838 306 1940 γὰρ
325 1839 376 1940 ἦν
394 1845 522 1926 Ἰωνᾶς
543 1846 579 1921 ἐν
596 1849 642 1948 τῇ
660 1845 778 1950 κοιλίᾳ
795 1851 859 1922 τοῦ
878 1841 1004 1942 κήτους
1022 1850 1114 1946 τρεῖς
1133 1844 1263 1947 ἡμέρας

78 1963 155 2035 “mi
172 1969 262 2062 τρεῖς
281 1962 435 2062 νύκτας,
454 1968 566 2049 οὕτως
586 1966 688 2046 ἔσται
707 1970 764 2046 καὶ
784 1969 803 2045 ὁ
824 1966 896 2049 υίὸς
920 1973 984 2044 τοῦ
1010 1965 1200 2067 ἀνθρώπου
1225 1970 1263 2047 ἐν

78 2085 145 2184 “vj
161 2087 285 2192 καρδίᾳ
303 2093 374 2187 τῆς
394 2093 465 2190 γῆς
484 2095 576 2191 τρεῖς
595 2089 725 2191 ἡμέρας
744 2093 801 2169 καῖ
820 2097 913 2191 τρεῖς
934 2087 1094 2173 νύκτας.”
1127 2089 1293 2175 άκοάειςο

43 2201 154 2286 Ιᾶθῑτως
175 2217 329 2308 σημεῖον
350 2217 500 2290 αἰτοῦσι
525 2219 599 2294 τοῖς
616 2211 797 2294 Ἰουδαίοις
822 2217 872 2295 εἰς
897 2209 1079 2317 ἀπόδειξιν
1097 2210 1152 2292 ὅτι
1171 2212 1263 2297 Θεὸς

78 2325 201 2433 ἰπιίρχει
241 2333 340 2413 κατὰ
380 2334 568 2433 ἀλήθειαν,
605 2340 635 2414 εἰ
669 2336 726 2414 καῖ
765 2334 987 2438 πειράζοντες
1023 2332 1160 2436 ἔλεγον,
1198 2337 1264 2440 οὐχ

76 2449 173 2550 ἕτερον
202 2457 327 2540 αὐτοῖς
367 2456 690 2562 ἐπιδειχθήσεσθοί
724 2464 851 2564 φησιν,
883 2464 912 2536 εἰ
948 2458 999 2557 μὴ
1037 2457 1078 2538 τὸ
1116 2467 1265 2558 σημεῖον

76 2573 161 2652 Ἰωνᾶ
184 2589 248 2658 τοῦ
275 2579 489 2688 προφήτου,
517 2579 690 2678 τουτέστι,
718 2579 782 2660 τὸν
808 2579 997 2684 τριήμερον
1025 2581 1179 2662 θάνατον
1207 2586 1265 2662 καὶ

76 2695 129 2794 τήν
144 2704 179 2780 ἐκ
197 2712 336 2808 νεκρῶν
358 2707 586 2800 άναβίωσιν;
606 2706 644 2783 τί
659 2703 730 2805 γδιρ
749 2703 793 2784 διν
812 2706 950 2807 γεύοιτο
966 2708 1029 2803 τῆς
1049 2711 1266 2808 θεοπρεποῦς

41 2822 220 2928 ’θζξονσιίις
251 2836 416 2928 σημεῖον
443 2829 537 2907 οὕτω
567 2827 658 2929 μέγα
689 2831 747 2906 καὶ
776 2828 977 2935 περιφανὲς,
1007 2831 1054 2912 ὡς
1082 2827 1124 2908 τὸ
1152 2863 1264 2908 κατοι-

75 2955 168 3026 λῖισαι
195 2951 373 3042 θάνατον,
405 2955 463 3030 καὶ
490 2948 690 3056 ἀνατρέψαι
720 2950 872 3058 φθοράν,
900 2951 1014 3030 καίτοι
1046 2950 1137 3030 κατὰ
1154 2952 1267 3030 ,θείαν

77 3068 245 3178 ιῖτόφοσιν
262 3079 332 3172 τῆς
353 3075 579 3178 ἀνθρωπείας
597 3073 919 3177 κατακρατήσαντα
938 3073 1105 3180 φάσεως;
1134 3075 1266 3175 ἤκουσε

77 3193 168 3294 γὰρὴ
188 3201 226 3276 ἐν
242 3197 376 3296 Ἀδάμ
395 3208 415 3244 “
431 3201 485 3296 Γῆ
511 3193 543 3276 εἰ
566 3199 623 3276 καὶ
650 3203 698 3281 εἰς
723 3202 792 3299 γῆν
810 3198 1031 3304 άπελειίσῃ·”
1062 3201 1145 3277 ἀλλ’
1166 3195 1211 3296 ἦν
1229 3200 1296 3280 ε’νιι
1316 3225 1436 3314 ὅωορ.

78 3318 205 3426 ι’ξαισήι
222 3327 275 3428 τῷ
296 3325 447 3423 Σωτῆρι
466 3325 620 3426 Χριστῷ
638 3324 696 3398 καὶ
714 3319 819 3404 τέλος
837 3325 1006 3401 ἐπιθεῖναι
1028 3329 1105 3406 ταῖς
1127 3321 1266 3405 οἰκείαις
1312 3301 1376 3431 ffin.
1387 3317 1422 3350 '¹¹'

45 3457 70 3514 ²5
81 3441 192 3540 ὀργαῖς,
211 3447 270 3523 καὶ
288 3453 376 3527 ταῖς
394 3445 574 3544 εὐλογίαις
592 3442 790 3551 ἀνατρέψαι
808 3443 872 3524 τὸν
890 3447 929 3523 εἰι
946 3449 1010 3542 τῆς
1029 3446 1136 3524 αὐτοῦ
1154 3445 1267 3524 πάλιν

80 3563 151 3662 ἆρᾶς
168 3566 383 3672 ἰσχύσαντα
401 3565 569 3646 θάνατον.
610 3569 665 3646 ὅτι
691 3567 728 3647 δὲ
749 3567 899 3674 σφόδρα
918 3567 1153 3671 κατίφριττον
1172 3569 1263 3646 Ἰου-

82 3689 154 3766 δαῖοι
179 3691 219 3768 τὸ
246 3693 289 3770 εἰς
318 3694 388 3790 τῆς
416 3688 651 3774 ἀναστάσεως
679 3698 829 3790 σημεῖον
857 3695 905 3776 ὡς
933 3695 1125 3771 ἀναπεῖσαι
1153 3690 1268 3771 δεινὸν

83 3807 125 3886 ἶπι
142 3811 228 3897 θεὸς
256 3813 420 3918 ὑπάρχοι
446 3811 539 3892 κατὰ
563 3812 735 3912 ἀλήθειαν
760 3815 780 3892 ὁ
805 3814 979 3917 Χριστὸς,
998 3814 1040 3894 τὸ
1064 3821 1268 3895 τελευταῖον

83 3933 179 4014 αἰτεῖν
196 3937 512 4042 δραμοτούργημα
530 3937 664 4044 διδάξει
683 3943 824 4043 σαφῶς·
856 3941 903 4022 ὡς
921 3938 992 4042 γὰρ
1013 3937 1184 4018 ἐπύθοντο
1204 3943 1268 4015 τοῦ

51 4059 230 4162 οἳωιὴρος
248 4059 319 4161 τὴν
338 4061 556 4159 ἀνάστασιν,
576 4065 633 4141 καὶ
652 4061 706 4141 δτι
725 4063 792 4168 οὐχ
810 4064 952 4166 εὕρηται
973 4064 1011 4141 ἐν
1029 4067 1080 4168 τῷ
1098 4059 1267 4167 μνημείῳ,

115 4333 135 4386 6.
151 4339 325 4408 οίθιιρισαῖοι
336 4347 507 4408 assumptum
520 4355 553 4392 ex
567 4337 589 4392 B
602 4355 658 4408 mg.
766 4339 792 4395 8.
810 4337 928 4412 ἐπείπερ]
942 4339 999 4394 ε’πεί
1011 4337 1083 4392 Αυῖ).
1135 4339 1220 4394 αὐτοῖς
1234 4339 1267 4394 Β.

89 4403 143 4476 ἀτᾷ
154 4405 239 4464 nola.
254 4408 309 4464 Ed.
371 4407 477 4481 ἐθεᾶτο]
494 4416 523 4474 ÷
538 4409 699 4465 τούςὲαυτὸν
712 4407 745 4463 Β.
794 4411 901 4464 “Forte
913 4409 1057 4480 legendum
1070 4409 1107 4466 εἰς
1119 4409 1208 4462 ἑαυτὸν
1220 4427 1268 4478 pro

90 4477 258 4533 muman?
273 4479 320 4534 He
338 4497 376 4534 εε.
521 4519 527 4534 .
545 4481 637 4548 πικρὸς
651 4479 682 4532 B.
696 4480 849 4536 emendavit
862 4481 953 4536 Holst.
1073 4495 1116 4552 27.
1135 4481 1217 4534 δεινὸν
1229 4481 1268 4533 ὅτι

90 4547 193 4602 ‘nudat
206 4549 307 4622 Hera.
338 4549 438 4618 ήνονὸτι
452 4547 485 4604 B.
498 4497 618 4618 δηλονότι
633 4549 680 4604 Ht.
694 4549 745 4604 Ed.

645 4651 698 4697 Η
