3200 5092
88 293 192 378 ωιτη.
239 293 294 358 IN
322 294 354 358 S.
378 294 667 362 JOANNEM.
716 297 869 364 LIB.V.
916 299 1018 364 CAP.
1043 298 1103 362 IV.
1240 297 1280 360 13

77 463 171 556 συνῆν
187 461 297 545 ἀῐδιὸις
314 467 367 567 τῷ
385 463 469 569 ἰδίῳ
490 462 718 566 γεννήτορι.
759 460 809 543 ὧν
827 463 898 569 γάρ
920 467 1020 544 ἐστιν
1039 461 1164 567 ὥσπερ
1183 465 1241 542 καὶ
1259 463 1279 540 ὁ

72 583 190 686 Πατήρ·
218 585 238 663 ό
263 583 302 664 δὲ
329 586 392 682 ὧν,
413 587 480 666 καὶ
512 592 576 694 τῷ
607 586 693 668 ὄντι
720 589 841 669 συνὼν
863 589 993 686 ἀῖδίως,
1012 587 1103 668 κατά
1128 585 1208 667 τίνα
1236 584 1279 685 δὴ

66 707 179 808 τρόπον
193 710 255 788 οὐκ
273 708 329 811 ἦν,
349 711 373 810 ἡ
394 717 477 790 τῶν
498 711 825 819 ἑτεροδοξοόντων
843 711 979 814 λεγε’τω
997 713 1124 816 μωρία.

105 833 202 912 Ἀλλ’
220 833 310 918 ἴσως
339 837 433 935 ἡμῖν
461 836 802 936 ἀνταναστήσεται
831 837 993 939 λε’γωνὸ
1021 841 1083 936 τῆς
1112 837 1279 936 ἀληθείας

37 957 165 1058 Ξιχθρός
179 1019 199 1055 ,,
214 960 297 1038 Οὐκ
322 961 571 1061 ἀδιακρίτως
597 957 738 1062 εἴρηκεν
756 961 776 1039 ὸ
795 959 956 1064 Χριστός
975 966 1054 1042 Οὐκ
1076 967 1143 1065 εἰμὶ
1168 961 1206 1041 ἐκ
1225 963 1280 1042 τιῧ

57 1141 74 1162 ..
91 1083 215 1186 κόσμου,
233 1087 424 1186 προσθεὶς
458 1083 505 1163 δὲ
540 1081 589 1163 τό
616 1083 747 1182 Τούτου,
770 1085 922 1190 δεδειχεν
946 1087 1112 1189 ἀκριβῶς,
1136 1084 1191 1165 ὅτι
1220 1085 1309 1165 καὶο

60 1265 76 1298 ,
91 1205 195 1308 ἕτερός
212 1210 295 1288 ε’στι
315 1207 474 1307 κόσμος
498 1211 523 1288 ὸ
546 1206 681 1306 νοητὸς
699 1207 762 1315 ἀφ’
782 1209 891 1312 οὗπερ
910 1205 997 1288 εἶναι
1017 1207 1197 1288 δόναται.”

105 1333 238 1411 Οίκοίιν
255 1336 296 1413 ἐν
319 1334 554 1433 ποιήμασιν
584 1331 728 1416 ὸΥίάς·
767 1342 873 1413 τοῦτο
900 1332 973 1436 γάρ
1000 1334 1084 1432 ἡμῖν
1109 1335 1129 1412 ὸ
1154 1329 1280 1432 σὸς,ὦ

67 1454 160 1552 οἶτος,
176 1457 560 1560 διαπραγματεύεται
580 1455 702 1560 λόγος·
731 1457 916 1564 τετάξεται
934 1455 972 1536 δὲ
990 1455 1133 1541 πάντως
1152 1459 1189 1536 ἐν
1207 1465 1280 1542 τοῖς

38 1579 198 1680 ῐῡγειτπὸγν
213 1581 347 1686 ἔχουσι
376 1581 454 1681 τὴν
475 1581 604 1687 φύσιν
623 1583 643 1660 ὸ
663 1579 900 1685 Δημιουργὸς,
919 1579 1111 1684 ἀγγελικὸν
1129 1581 1168 1662 δὲ
1192 1581 1281 1667 ἴσως

72 1705 149 1810 aive}
173 1708 231 1784 καὶ
258 1704 532 1810 δουλοπρεπὲς
556 1705 701 1812 ἀξίωμα
722 1709 874 1806 περιθεὶς
896 1712 970 1784 τῶν
987 1709 1050 1806 τῆς
1073 1706 1282 1812 δυσφημίας

75 1828 295 1928 ἐγκλημάτων
314 1828 458 1909 ἑαυτὸν
479 1826 723 1934 ἀπηλλάχθω
749 1827 908 1931 νομίζεις.
939 1825 962 1929 ἢ
988 1827 1059 1932 γάρ
1085 1831 1149 1910 οὐκ
1174 1825 1282 1909 οἶσθα

78 1952 172 2032 πάλιν
189 1952 244 2033 ὅτι
269 1951 344 2033 κάν
368 1952 444 2052 τὴν
470 1952 647 2032 ἀνωτάτω
672 1951 808 2032 στάσιν
831 1989 870 2034 τε
895 1955 963 2032 καλ
981 1956 1122 2057 ἵδρυσιν
1140 1956 1283 2060 ἀποδῷς

78 2077 160 2182 αίτῷ
174 2077 268 2180 ἢπερ
289 2075 338 2156 ἀν
355 2083 482 2157 νοοῖτο
501 2076 603 2179 παρὰ
621 2084 694 2162 τοῖς
713 2079 827 2179 ἁγίοις
845 2076 1024 2180 ἀγγέλοις,
1036 2075 1103 2156 κάν
1119 2075 1282 2180 ὑπεράνω

45 2199 187 2300 ῐςτάοης
211 2205 333 2306 ἀρχῆς
360 2204 422 2280 καὶ
452 2199 623 2307 ἐξουσίας
650 2203 708 2279 καὶ
735 2200 872 2304 θρόνων
896 2202 1084 2302 ὁμολογεῖς
1112 2199 1318 2304 ὑπάρχεινδ

81 2325 187 2422 αἰτὸν,
205 2325 367 2426 γενητὸν
386 2326 422 2404 δ’
444 2326 509 2404 οὖν
534 2324 631 2424 ὅμως
649 2325 857 2430 πιστεύσῃς,
876 2324 978 2404 οὐδὲν
995 2325 1103 2425 ἷμτον
1126 2326 1280 2425 ὑβριεῖς;

83 2447 182 2548 λόγος
201 2447 277 2552 γάρ
296 2449 399 2532 ὅλως
419 2450 534 2533 οὐδεὶς
549 2455 598 2533 είς
616 2448 721 2555 ἀξίαν
735 2453 785 2556 τῷ
801 2454 1005 2551 Μονογενεῖ
1019 2453 1082 2546 τῆς
1101 2445 1193 2526 κατὰ
1210 2455 1283 2527 τῶν

83 2573 201 2652 ἀλλων
218 2576 417 2677 ιὀτεροχῆς,
436 2573 511 2652 ἐστ’
533 2571 579 2652 ἀν
597 2571 693 2656 ὅλως
716 2577 838 2672 νοῆται
856 2571 1105 2672 πεποιημένος.
1146 2574 1188 2651 οὗ
1212 2571 1284 2674 γὰρ

83 2699 118 2772 ἐν
141 2701 195 2803 τῷ
220 2697 472 2801 προτετάχθαι
498 2703 607 2776 τινῶν
632 2697 704 2800 ἔχει
732 2693 798 2796 τὴν
826 2693 950 2803 δόξαν,
977 2697 1062 2776 ἀλλ’
1091 2698 1129 2776 ἐν
1156 2703 1207 2804 τῷ
1234 2697 1284 2796 μὴ

45 2815 167 2898 mim
203 2819 369 2920 γεννητὸς,
402 2821 576 2925 ὑπάρχειν
608 2818 646 2900 δὲ
681 2827 827 2919 μᾶλλον
860 2819 953 2905 Θεὸς
990 2823 1030 2900 ἐκ
1062 2826 1158 2900 Θεοῦ
1195 2817 1286 2900 κατά

88 2943 208 3046 φάσιν.
246 2940 298 3023 σὸ
327 2945 365 3024 δὲ
393 2941 508 3024 πάλιν
532 2945 616 3045 ἡμῖν
640 2943 704 3025 τὸν
727 2946 766 3024 ἐκ
791 2951 887 3024 Θεοῦ
915 2943 1112 3049 πεφηνότα,
1138 2945 1197 3024 καὶ
1227 2942 1286 3022 διὸ

89 3075 190 3146 τοὶπο
209 3066 318 3164 Θεὸν,
336 3074 410 3151 τοῖς
428 3075 588 3170 γενητοῖς
610 3071 887 3172 ἐγκαταριθμεῖς,
906 3071 965 3148 καὶ
984 3067 1091 3170 με’ρος
1108 3064 1195 3147 εἶναι
1220 3075 1285 3147 τοῦ

93 3191 225 3290 κόσμου
253 3191 392 3296 λογίζῃ,
419 3195 478 3271 καὶ
506 3196 536 3270 εἰ
563 3191 614 3292 μὴ
641 3193 769 3273 τούτου
796 3190 916 3297 τυχὸν,
946 3193 1030 3270 ἀλλ’
1060 3192 1123 3271 οὖν
1150 3193 1283 3294 ἑτέρου·

95 3315 211 3394 διοίσει
229 3315 304 3418 γὰρ
323 3313 418 3398 ὅλως
437 3315 580 3401 οὐδενὸς
598 3317 688 3397 ὅσον
706 3322 755 3402 είς
773 3314 835 3396 τὸν
854 3323 918 3395 τοῦ
936 3319 1154 3414 πεποιῆσθαι
1173 3314 1316 3416 λόγονθ

58 3437 116 3534 ’5η
141 3440 309 3537 νοονμίνη
336 3446 410 3519 τῶν
433 3441 582 3540 κόσμων
602 3437 769 3548 διαφορά·
803 3437 878 3520 εἶτα
906 3438 970 3519 τὸν
992 3442 1043 3546 τῷ
1071 3436 1286 3542 γεννήσαντι

99 3563 346 3666 σινεδρεάοντα
361 3561 495 3664 Λόγον,
509 3571 583 3648 τοῖς
601 3563 813 3669 δορυφόροις
831 3566 889 3643 καὶ
907 3561 1155 3666 παραστάταις
1174 3565 1283 3664 ἐγκα-

99 3687 251 3788 τολέγων
269 3689 335 3767 οὐκ
360 3689 524 3792 ἐρυθριᾷς
540 3720 550 3784 ;
581 3692 610 3766 εί
629 3688 699 3791 γὰρ
718 3690 783 3768 οὐκ
799 3686 936 3770 ἀκούεις
954 3695 1018 3766 τοῦ
1036 3685 1101 3784 μὲν
1119 3682 1286 3790 Γαβριὴλ

101 3809 255 3912 λιγοντος
279 3807 373 3914 πρὸς
399 3810 464 3890 τὸν
485 3811 668 3916 Ζαχαρίαν
687 3823 709 3859 “
721 3810 821 3913 Ἐγώ
846 3817 916 3910 εἶμι
935 3809 1102 3913 Γαβριὴλ
1126 3813 1146 3889 ὁ
1170 3843 1281 3912 παρε·
1331 3815 1454 3948 ψ·

130 4063 149 4102 ι.
164 4049 249 4106 &Noc
260 4047 417 4104 emendavit
428 4065 443 4102 e
456 4045 516 4103 Cat
530 4056 560 4102 ut
572 4045 682 4102 adnotat
694 4048 751 4118 ipse
764 4047 836 4104 Aub.
845 4057 871 4103 et
883 4049 920 4105 ita
931 4065 955 4102 a.
967 4045 1050 4106 Cord.
1062 4047 1135 4122 ἄῖλίφ
1150 4047 1182 4102 Β.
1193 4046 1285 4102 Holst.

101 4117 298 4195 δονάιοτᾷίδίη
310 4128 484 4174 metarunt
496 4136 528 4173 ex
541 4136 566 4172 a.
580 4117 639 4173 Cat.
654 4117 731 4172 Harl.
859 4135 885 4174 2.
903 4123 939 4192 τῷ
953 4118 1007 4174 ὄντι
1020 4120 1105 4174 συνὼν
1117 4135 1140 4172 a.
1155 4118 1182 4188 (e
1195 4115 1248 4186 sil.)
1262 4135 1286 4173 ο.

102 4189 168 4246 (αδ
176 4193 246 4247 Aah.
259 4211 274 4246 e
288 4191 350 4246 Cat.
366 4189 446 4244 Harl.
459 4193 496 4262 τῷ
509 4191 613 4244 συνόντι
625 4190 660 4242 δν
674 4189 706 4243 Β.
722 4187 771 4244 Ht.
818 4189 850 4259 δη
862 4192 959 4260 τρόπον
971 4189 1022 4244 hoe
1035 4187 1128 4244 ordine
1140 4205 1190 4242 a.c.
1203 4185 1285 4245 cord.

101 4266 120 4312 δ.
134 4266 200 4316 min
211 4265 262 4334 γὰρ
275 4263 339 4332 ἡμῖν
350 4277 444 4316 mum
466 4269 525 4316 tum
537 4278 570 4313 ex
585 4257 617 4313 Β.
742 4275 784 4313 11.
802 4260 872 4333 αὐτῷ
884 4259 925 4316 καὶ
937 4258 1113 4328 δουλοπρεπὲς
1126 4257 1159 4310 Β.
1173 4258 1214 4312 καὶ
1226 4259 1286 4315 δου-

100 4331 205 4396 Ᾰπρηίς
216 4337 247 4390 τό
261 4333 316 4389 Ed.
374 4353 427 4401 περ
455 4332 492 4388 εἰς
503 4337 557 4386 τῶν
570 4329 603 4383 Β.
615 4327 763 4398 περιθήσοιν
776 4329 828 4384 Ed.
959 4346 1000 4384 ις.
1019 4329 1185 4400 ἐγκλημάτων
1197 4331 1288 4386 ἑαυτὸν

116 4405 236 4476 ,ἣνλημο
248 4411 303 4460 τᾶν
316 4405 420 4458 ίουτΐιν
433 4401 485 4458 Ed.
537 4399 634 4455 Statim
647 4399 814 4470 ἀπαλλάχθαι
829 4400 861 4455 Β.
989 4415 1030 4470 13.
1048 4396 1151 4468 ἵδρυσιν
1162 4400 1288 4456 emendat

96 4399 201 4547 Βηκ,’
265 4472 414 4532 υΒ.Εθ.
501 4489 545 4540 ¹⁴·
564 4470 744 4540 ἤτεροοττςκὶ
756 4467 1074 4543 ροιιΜὶηαο.ἥπερΒδ.
1160 4483 1202 4541 17.
1220 4470 1288 4528 ὅλοις

91 4549 191 4608 undat
235 4566 312 4623 εγιο.
327 4545 396 4602 ὅλοι
411 4544 443 4600 Β.
456 4543 512 4600 Ed.
619 4553 662 4611 25.
679 4541 709 4594 τὸ
720 4541 879 4612 γεννήσαντα
894 4541 924 4596 Β.
940 4537 1090 4595 emendavit
1103 4538 1152 4594 Ht.
