3118 5132
293 347 360 412 οτι
599 349 638 413 Β.
663 313 875 414 cmm
904 345 1192 413 Αυπκιποπ.
1359 339 1515 424 κοῖος.

163 627 168 638 ’
245 611 283 668 ²9
297 606 393 674 Τινὲς
423 607 459 673 δὲ
490 607 637 690 ἐδόκουν,
669 608 741 674 ὲπεί
775 607 813 676 τό
850 610 1082 686 τλωσοόκομον
1114 601 1199 696 εἶχεν
1230 603 1414 684 δ’ίούδαο,
1447 604 1517 668 ὅτι

347 726 439 798 εἶπεν
466 733 556 819 αὐτῷ
586 733 754 800 ὁἸιιοοῠο
775 733 957 823 Ἀτόραοον
990 733 1038 802 ὧν
1070 733 1182 824 χρείαν
1212 732 1330 820 ἔχομεν
1358 726 1405 796 εἰς
1436 727 1517 794 τείν

262 846 284 912 b
347 857 478 946 ἒορτιίν·
515 858 535 924 εί
563 853 631 924 τοῖς
658 854 801 947 πτωχοῖς
827 859 881 925 ἵνα
907 884 938 925 τι
964 858 1021 947 δῷ.

353 1041 412 1117 Oi»
430 1037 609 1124 συνιέντες
627 1043 660 1118 οῖ
683 1041 842 1140 μαθηταὶ
866 1046 931 1119 τοῦ
955 1037 1069 1140 λόγου
1093 1035 1160 1138 τῆν
1177 1034 1336 1136 δύναμιν,
1356 1036 1413 1116 ε’πῖ
1431 1031 1516 1118 τάς

296 1159 463 1260 συνήθεις
488 1162 654 1247 ὑπονοίας
680 1164 932 1266 εὐπετέστερον
953 1162 1133 1268 τρέχουσι,
1153 1167 1211 1240 καί
1235 1158 1327 1263 άπερ
1349 1155 1394 1258 ἦν
1416 1157 1513 1241 ἔθος

296 1289 348 1392 τῷ
368 1288 509 1388 Σωτῆρι
525 1283 776 1388 προστάττειν,
794 1293 906 1366 ταῦτα
931 1284 1044 1366 πάλιν
1062 1282 1171 1364 αὑτὸν
1189 1283 1322 1364 οἴονται
1346 1285 1509 1382 δηλοῦν.

295 1404 405 1509 έγγῦς
421 1407 493 1511 γάρ
512 1411 625 1510 οὔσης
643 1413 708 1509 τῆς
728 1411 861 1514 ἑορτῆς,
880 1405 1159 1513 προσεδόκησάν
1176 1441 1211 1486 τι
1229 1413 1302 1486 τῶν
1321 1413 1367 1492 είς
1386 1403 1513 1504 αι’τιὴν

296 1533 502 1631 ἐπιτηδείων
520 1531 734 1636 ε’κπρίασθαι
753 1531 909 1612 κελεύειν
927 1533 1023 1638 αὐτῷ
1040 1536 1092 1640 τῷ
1109 1531 1356 1636 γλωσσόκομον
1370 1527 1511 1633 ἔχοντι,

295 1653 409 1755 ἤγουν
434 1652 599 1754 μάλιστα
626 1651 669 1735 τῦ
701 1655 798 1762 αὐτῷ
828 1654 1148 1758 περισπούδαστον
1176 1652 1349 1760 ἐξανῦσαι
1379 1683 1512 1754 προσ-

297 1775 448 1874 τάττειν,
478 1777 654 1875 τουτέστι,
683 1775 729 1858 τά
760 1785 834 1862 τοῖς
867 1776 1045 1877 δεομένοις
1075 1779 1271 1880 ἐπαρκέσαι
1300 1773 1505 1874 δυνάμενα,
1531 1812 1547 1851 1

129 1900 255 2018 gfff-xii.
269 1899 390 1982 ῦκατά
408 1935 450 2004 γε
468 1901 510 1981 τὸ
529 1907 601 1982 τῶν
619 1891 1120 2006 προσκομιζομένωνμεῖρον.
1159 1897 1320 2006 χρηστός
1341 1897 1414 2002 γάρ
1438 1901 1511 1977 καὶ

298 2023 459 2124 ε’λεήμων
497 2027 517 2104 ό
555 2023 699 2127 Κύριος,
736 2023 828 2105 κατά
870 2023 913 2104 τὸ
956 2024 1216 2128 γεγραμμένον.
1273 2023 1423 2127 ἀριστος
1461 2021 1510 2102 δὲ

298 2147 448 2254 σφόδρα
485 2150 544 2228 καῖ
582 2149 666 2248 ἡμῖν
703 2150 822 2232 αῦτοῖς
859 2149 879 2227 ὁ
916 2155 980 2228 τοῦ
1016 2147 1229 2251 πράγματος
1270 2143 1509 2248 εὑρεθήσεται

298 2269 422 2354 τύπος.
474 2275 604 2376 χρῆναι
640 2269 712 2374 γὰρ
748 2265 846 2370 οἶμαι
877 2269 961 2354 τοῦς
992 2268 1168 2373 ἑορτάζειν
1199 2267 1398 2366 ἐθέλοντας,
1428 2302 1503 2347 κα-

299 2399 418 2496 θαρῶς
436 2428 475 2474 τε
494 2397 551 2474 καί
571 2393 797 2497 ἀρεσκόντως
817 2397 910 2502 Θεῷ,
929 2394 1010 2497 οὐχὶ
1026 2392 1139 2494 μόνης
1164 2396 1229 2492 τῆς
1252 2397 1363 2500 σφῶν
1381 2391 1507 2470 αὐτῶν
1526 2429 1559 2470 1·

299 2517 464 2615 εῦθυμίας
495 2522 677 2598 ποιεῖσθαι
709 2517 836 2619 λόγον,
866 2515 948 2596 οῦδὲ
977 2515 1074 2600 ὅπως
1103 2513 1149 2596 ἀν
1175 2516 1276 2595 αὐτοὶ
1307 2517 1366 2595 καὶ
1396 2513 1508 2613 μόνοι

300 2644 495 2720 διατελοῖεν
524 2645 658 2743 ἱλαρῶς
693 2646 871 2744 προνοεῖν,
899 2640 1184 2720 συναναπλέκειν
1211 2639 1249 2719 δὲ
1279 2645 1426 2736 μᾶλλον
1453 2643 1507 2744 τῇ

300 2761 410 2871 οίκείηι
427 2765 590 2870 φροντίδι
615 2767 673 2844 καί
695 2761 763 2864 τὴν
782 2765 841 2844 ε’πῖ
862 2769 937 2848 τοῖς
962 2763 1139 2862 δεομένοις
1166 2755 1291 2870 φειδοῖ.
1330 2759 1410 2842 τότε
1427 2759 1506 2864 γὰρ

300 2884 380 2967 τότε
405 2885 469 2968 τὸν
486 2891 550 2988 τῆς
575 2893 624 2973 είς
649 2885 836 2987 ἀλλήλους
859 2885 1004 2989 ἀγάπης
1028 2888 1324 2989 ἀποπληροῦντες
1348 2883 1502 2984 θεσμὸν,

269 3007 429 3114 ᾶέορτῆν
447 3009 558 3096 ὅντως
576 3009 817 3112 πνευματικὴν
835 3011 1089 3110 ε’πιτελέσομεν
1107 3015 1158 3118 τῷ
1177 3014 1318 3113 Σωτῆρι
1336 3013 1503 3115 Χριστῷ.
1520 3035 1556 3076 2·

302 3131 484 3237 τοιγάρτοι
501 3137 560 3215 καί
585 3135 606 3214 ό
630 3133 746 3216 πάλαι
763 3141 837 3219 τοῖς
855 3135 1038 3218 Ἰουδαίοις
1056 3136 1319 3217 διακελευσθεῖς
1338 3129 1444 3231 νόμος
1462 3132 1505 3210 ἐν

302 3263 348 3363 τῆ
366 3267 430 3338 τοῦ
447 3255 565 3357 μάννα
583 3259 796 3363 συγκομιδῇ,
817 3259 857 3336 οῦ
876 3256 998 3357 μόνοις
1016 3258 1135 3340 αὐτοῖς
1154 3256 1280 3364 ἐφίησι
1303 3253 1505 3356 συλλέγειν

302 3379 385 3465 ποῦς
408 3389 515 3462 τοῦτο
539 3381 709 3486 πράττειν
732 3380 938 3486 ἰσχύοντας·
969 3379 1189 3464 “Ἔκαστος
1214 3378 1297 3482 γάρ,
1317 3379 1423 3484 φησί,
1441 3381 1504 3456 καὶ

301 3513 324 3550 “
341 3511 416 3588 τοῖς
433 3503 630 3604 συσκήνοις
649 3506 748 3604 ὑμῶν
766 3503 1007 3610 συλλέξατε.”
1045 3508 1075 3583 εί
1093 3501 1165 3606 γάρ
1182 3537 1236 3587 τις
1254 3499 1410 3603 ῆτόνησε
1427 3505 1502 3580 ταῖν

301 3625 516 3727 ὁμοσκήνων
532 3627 660 3724 αὐτοῖς,
680 3631 713 3706 οί
730 3625 781 3727 μῆ
798 3635 904 3707 τοῦτο
922 3623 1151 3726 πεπονθότες,
1167 3631 1357 3730 κιχρῦντες
1375 3623 1502 3727 ὥσπερ
1516 3647 1554 3710 ²5

300 3749 397 3858 αὐτῷ
421 3747 488 3848 τὴν
507 3751 599 3840 ίδίαν
617 3747 738 3855 ίσχῦν,
758 3749 992 3854 συνεκόμιζον
1009 3755 1061 3859 τηῖ
1086 3749 1203 3859 οίκείιρ
1227 3747 1346 3856 με’τριρ
1375 3745 1501 3828 καὶτὸ

132 3883 173 3937 Ib.
185 3884 224 3938 ¹⁸·
300 3879 374 3957 τοῖς
392 3872 522 3976 ἑτέροις
540 3878 682 3976 ἀρκοῦν,
700 3873 759 3952 ἵνα
777 3872 870 3952 κατὰ
887 3871 929 3955 τό
948 3873 1206 3978 γεγραμμένον,
1225 3871 1327 3972 όμὲν
1344 3869 1386 3952 τὸ
1405 3867 1502 3952 πολῦ

271 3995 352 4098 ομῆ
370 3994 570 4102 πλεονάσῃ,
589 3999 610 4076 ό
632 3995 671 4076 δὲ
696 3993 738 4077 τὸ
764 3993 917 4076 ἔλαττον
934 3995 985 4099 μὴ
1003 4001 1204 4104 ἐλαττωθῆ.
1244 3998 1338 4076 οὕτω
1356 3992 1428 4097 γὰρ
1445 3991 1500 4093 ἦν,

302 4119 533 4226 ἀνακράσεως
551 4117 677 4224 ὥσπερ
693 4119 789 4206 τινὸς
808 4121 1012 4223 γενομένης,
1031 4121 1096 4202 τὸν
1113 4124 1176 4221 τῆς
1196 4117 1362 4221 ἰσότητος
1384 4114 1500 4197 ἀπασι

303 4241 485 4346 σώζεσθαι
509 4244 636 4347 λόγον.
677 4246 792 4324 ἀδικεῖ
816 4253 1008 4349 τοιγαροῦν
1032 4244 1096 4326 τὸν
1119 4251 1197 4329 ταῖς
1224 4244 1343 4346 ἁγίαις
1366 4241 1499 4344 ἑορταῖς
1511 4261 1549 4320 30

340 4485 365 4526 1.
382 4469 464 4524 ε’δόκει
477 4470 510 4526 Ε.
581 4473 607 4538 8,
617 4489 643 4544 9.
662 4471 1074 4544 ἐπιτηδείων-περισπούδαστον
1086 4489 1140 4528 om.
1150 4471 1183 4528 E.
1255 4489 1282 4542 9.
1300 4467 1455 4542 προστάττει
1466 4463 1497 4521 Ε.

301 4579 347 4630 ²4·
364 4553 521 4634 σνλλὶξσόι
535 4565 568 4623 Ε.
673 4583 718 4640 3⁰·
736 4565 821 4622 ἀδικοῖ
833 4566 865 4624 Ε.
