3274 5118
299 270 363 334 612
601 270 641 336 B.
665 268 877 336 OYRILLI
906 266 1197 333 ALEXANDR.
1397 266 1463 330 xvi.
1475 283 1500 330 ο.

298 431 365 534 τήν
394 435 603 536 ἐπιβουλὴν,
633 437 711 538 ἤτοι
748 435 815 535 τὴν
849 441 921 514 τῶν
947 433 1130 515 Ἰουδαίων
1157 431 1431 524 ἐπανάστασιν,
1460 433 1502 514 ὦς

298 560 589 664 ἀπισοιιιγιίγους
613 561 783 664 γενέσθω
807 559 929 659 μόνον,
951 560 1038 638 ἀλλ’
1057 564 1107 642 είς
1133 566 1240 638 ποῖπο
1269 561 1503 636 κατολισθεῖν

299 682 482 783 ὠμότητος
501 683 567 782 τὴν
585 685 725 764 ἐκείνων
743 680 960 783 ἀνοσιότητα
978 681 1258 786 προμεμήνυκεν,
1272 682 1323 764 ὡς
1340 677 1505 780 οίηθῆναί

298 841 388 888 ποτε
412 810 471 887 καῖ
496 807 562 906 τὴν
584 811 648 908 τῆς
676 813 725 892 εἰς
747 807 842 888 Θεὸν
864 807 1049 904 εὐσεβείας
1077 807 1162 887 ἰέναι
1189 805 1318 908 τρίβον
1335 802 1409 904 τὴν
1428 804 1503 882 κατ’

298 932 417 1011 αὐτῶν
444 936 493 1016 είς
521 931 632 1035 ἀκρον
659 932 930 1034 ἀπανθρωπίαν.
978 930 1034 1012 ότι
1063 930 1188 1012 δὲκαὶ
1214 927 1529 1030 ἀποσυνάγωγοιε

297 1053 398 1157 παρὰ
422 1063 497 1140 τοῖς
514 1057 697 1140 Ἰουδαίοις
722 1055 892 1158 ἐγίνοντο,
911 1059 970 1136 καὶ
994 1055 1127 1156 ταύτην
1146 1059 1194 1138 ὡς
1218 1057 1256 1134 ἐν
1279 1056 1415 1158 ἀρχαῖς
1441 1061 1504 1133 τοῦ

297 1179 511 1281 πράγματος
539 1179 711 1278 ὑπέμενον
734 1181 835 1280 δίκην
853 1184 886 1260 οἱ
910 1184 975 1280 τῆς
999 1177 1144 1282 ἀγάπης
1168 1183 1232 1278 τῆς
1258 1185 1306 1262 εῖς
1330 1176 1505 1281 Χριστὸν

298 1303 498 1408 ἐξημμένοι,
518 1304 637 1410 σαφίς
666 1303 711 1384 ἀν
739 1304 892 1406 γένοιτο,
914 1305 1084 1407 λέγοντος
1110 1312 1175 1385 τοῦ
1203 1304 1502 1404 Εὑαγγελιοτοιῖ,

299 1427 353 1508 ὅτι
381 1438 403 1476 “
416 1427 551 1509 πολλοὶ
583 1428 704 1527 μέντοι
734 1433 793 1508 καὶ
820 1431 859 1508 ἐκ
887 1435 960 1508 τῶν
988 1426 1174 1534 ἀρχόντων
1200 1428 1427 1507 ἐπίστευσαν
1456 1430 1505 1509 εἷς

299 1561 321 1598 “
340 1550 458 1649 αὑτὸν,
477 1551 578 1631 ἀλλὰ
601 1551 659 1632 διά
684 1551 767 1638 τοὺς
785 1552 1007 1656 Φαρισαίους
1033 1553 1100 1658 οὐχ
1124 1550 1346 1652 ὡμολόγουν,
1364 1550 1427 1629 ἵνα
1452 1549 1503 1649 μὴ
1519 1587 1551 1626 ιο

130 1660 218 1776 ,83Ρῇ
299 1687 320 1724 “
339 1674 621 1779 ἀποσυνάγωγοι
646 1677 850 1780 γένωνται,”
871 1678 930 1758 καὶ
955 1676 1068 1758 πόλιν
1087 1673 1223 1776 “Ἤδη
1250 1673 1323 1776 γάρ
1350 1673 1503 1755 συνετέ-

299 1810 321 1848 “
339 1805 454 1880 θειντο
482 1804 515 1879 οἱ
543 1809 764 1903 γραμματεῖς
793 1804 851 1882 καὶ
879 1805 911 1882 σί
932 1805 1125 1904 Φαρισαῖοι
1149 1800 1207 1880 ἵνα
1232 1799 1293 1879 ε’ἀν
1310 1832 1366 1882 τις
1390 1797 1505 1878 αὑτὸν

299 1934 320 1972 “
339 1923 553 2030 ὁμολογήσῃ
581 1924 646 2005 τὸν
674 1923 840 2029 Χριστὸν
870 1921 969 2023 εἶναι,
997 1922 1285 2025 ἀποσυνάγωγος
1316 1921 1502 2022 γένηται·”

298 2049 383 2126 ἀλλ’
403 2053 431 2127 εί
452 2048 619 2151 καὶπρὸς
638 2048 781 2150 ταύτην,
800 2051 905 2156 φησὶ,
924 2048 991 2148 τὴν
1008 2054 1083 2128 τῶν
1098 2046 1280 2127 Ἰουδαίων
1298 2045 1504 2146 ἐπιβουλὴν

297 2170 489 2277 ἀφορήτως
509 2171 637 2276 έχουσί
652 2207 753 2273 τινες,
772 2171 892 2253 ἰστέον
911 2174 1081 2271 ἐντεῦθεν,
1099 2173 1147 2255 ὡς
1169 2172 1211 2250 οὑ
1234 2171 1338 2275 μέχρι
1359 2169 1502 2250 τούτων
1518 2207 1553 2265 15

297 2295 344 2376 τά
369 2298 451 2376 καθ’
472 2299 563 2395 ὑμᾶς
587 2295 776 2397 στήσεται.
820 2295 871 2397 μὴ
896 2295 968 2401 γάρ
993 2296 1098 2393 ὅλως,
1119 2297 1245 2402 φησὶν,
1265 2299 1294 2373 εὶ
1319 2297 1377 2374 καὶ
1400 2328 1502 2393 συμ-

197 2427 204 2444 ’
267 2447 287 2491 θ
298 2421 384 2518 βαίη
407 2428 514 2499 τοῦτο
539 2427 667 2500 παθεῖν
686 2421 908 2526 ἀσχάλλετε.
947 2419 1199 2525 κατοιχήσεται
1217 2417 1262 2519 δή
1280 2415 1372 2522 πρὸς
1390 2427 1501 2500 τοῦτο

298 2539 526 2646 φαυλότητος
545 2541 591 2623 τά
608 2547 749 2625 ἐκείνων
767 2544 995 2646 τολμήματα,
1015 2549 1063 2628 ὡς
1087 2550 1135 2628 εἷς
1160 2543 1325 2646 λατρείας
1347 2542 1501 2641 δύναμιν

297 2669 361 2764 τῆς
389 2671 581 2774 θεοφιλοῦς
607 2667 672 2747 τόν
698 2671 780 2750 καθ’
803 2671 903 2768 ὑμῶν
930 2673 1092 2769 οῖηθήναι
1119 2666 1285 2748 θάνατον·
1315 2665 1336 2746 δ
1364 2665 1409 2767 δὴ
1438 2669 1499 2746 καὶ

297 2787 445 2892 γεγονός
484 2789 683 2894 εὑρήσομεν
718 2793 779 2874 ε’πί
816 2827 855 2873 τε
898 2799 950 2900 τῷ
992 2792 1082 2901 ἁγίῳ
1108 2791 1306 2898 ΙΣτεφάνῳ,
1341 2795 1387 2895 τῇ
1422 2797 1500 2870 τῶν
1516 2837 1555 2876 20

295 2914 487 3018 μαρτύρων
505 2919 663 3023 ἀπαρχῇ,
682 2919 740 2998 καὶ
764 2919 822 2997 ε’πὶ
847 2923 899 3026 τῷ
921 2917 1105 3025 θεσπεσίῳ
1129 2914 1279 3024 Παύλῳ.
1319 2913 1499 3022 Στεφάνῳ

294 3035 361 3136 μέν
393 3038 464 3142 γάρ
496 3037 539 3119 τὸ
571 3045 635 3140 τῆς
671 3041 880 3150 δυσφημίας
917 3042 1084 3145 ε”γκλημα
1118 3038 1400 3142 περιπλέκοντες,
1437 3041 1499 3118 καὶ

295 3162 409 3266 ζήλου
436 3165 595 3244 ἐντεῦθεν
624 3163 688 3245 τὸν
718 3164 893 3271 φιλόθεον
922 3162 1173 3264 πλαττόμενοι,
1202 3161 1267 3243 τὸν
1294 3161 1353 3242 διά
1382 3163 1499 3242 λίθων

294 3285 478 3388 ἐπήγαγον
497 3285 665 3368 θάνατον·
696 3292 749 3397 τῷ
766 3289 880 3393 γεμήν
896 3293 978 3397 ίερηῖ
996 3323 1035 3368 τε
1054 3291 1112 3370 καὶ
1130 3287 1337 3396 σοφωτάτῳ
1355 3286 1497 3394 Παύλῳ

128 3419 198 3547 2¹⁰)ssss
206 3417 249 3467 85-
294 3417 470 3490 τοσοῦτον
497 3411 675 3514 ε’πέτριζον
702 3420 775 3494 τῶν
800 3415 983 3494 Ἰουδαίων
1010 3411 1112 3504 τινές,
1132 3415 1180 3496 ὧς
1200 3423 1221 3460 “
1236 3411 1498 3510 ἀναθεματίσαι
1514 3453 1551 3512 ²5

127 3549 197 3598 xxiii.
211 3561 248 3598 21.
296 3539 317 3578 ‘⁶
335 3531 479 3616 ἑαυτοὺς
496 3533 585 3634 μήτε
610 3543 740 3641 φαγεῖν
757 3535 846 3637 μήτε
865 3545 957 3618 πιεῖν
975 3537 1078 3642 ἀχρις
1096 3535 1138 3616 οὗ
1156 3535 1334 3616 ἀνέλωσιν
1353 3531 1496 3615 αὑτόν·”

130 3672 193 3727 914
203 3671 242 3724 A·
265 3657 387 3734 οοῦτω
417 3654 488 3759 γάρ
516 3659 553 3736 έν
577 3667 654 3744 ταῖς
681 3659 840 3766 πράξεσι
867 3667 941 3741 τῶν
961 3663 1073 3766 ἁγίων
1095 3659 1316 3742 ἀποστόλων
1334 3692 1498 3761 γεγραμ-

293 3777 400 3878 μένον
435 3779 642 3883 εὑρήσομεν.
689 3782 784 3882 καλή
817 3793 1008 3889 τοιγαροῦν
1037 3787 1095 3864 καὶ
1127 3781 1323 3882 λυσιτελὴς
1356 3783 1440 3862 λίαν
1473 3783 1496 3881 ἦ

292 3901 503 4009 πρόῤῥησις,
543 3905 899 4012 προεξευμαρίζουσα
945 3906 1010 4008 μὲν
1053 3905 1117 3988 τὸν
1156 3909 1214 3988 ἐπὶ
1254 3912 1328 3989 τοῖς
1370 3910 1496 3990 δεινοῖς

293 4028 425 4137 φόβον,
444 4032 492 4114 ὡς
511 4029 548 4108 δὲ
567 4028 634 4130 ἤδη
652 4030 880 4117 πεπονθότας
898 4029 1197 4138 ἀναχαλκεὺουσυι
1220 4029 1311 4134 πρὸς
1329 4031 1496 4133 ἀνδρείαν
1510 4075 1551 4132 30

292 4151 375 4237 τοὺς
392 4151 564 4252 μαθητάς.
602 4154 980 4262 προαποψυχθήσεται
997 4153 1070 4260 γάρ
1093 4189 1171 4240 πως
1195 4155 1217 4255 ἦ
1242 4163 1306 4234 τοῦ
1331 4154 1496 4235 κινδύνου

129 1423 212 1502 θην
265 1432 287 1497 d

129 1507 173 1542 ιιι.
186 1503 225 1550 42.

293 4495 302 4560 ί
321 4440 355 4560 ¹1j
372 4425 406 4546 ἒς
419 4442 472 4478 om.
488 4424 519 4478 E.
707 4439 733 4497 5.
753 4426 794 4481 καί
807 4433 977 4497 assumptum
990 4443 1022 4480 ex
1036 4425 1068 4480 Ε.
1254 4425 1297 4481 26.
1316 4423 1395 4497 πιεῖν]
1409 4429 1495 4482 ποιεῖν

306 4511 343 4546 κιο
396 4534 402 4549 .
