3142 5118
359 317 424 382 236
663 321 702 386 Β.
725 319 937 386 OYRILLI
967 317 1254 384 ALEXANDR.
1384 413 1388 420 ¹
1454 333 1510 376 x.1

313 557 351 618 16
366 557 423 626 Καί
453 563 539 628 ἀλλα
570 565 717 654 πρόβατα
752 565 829 653 ἔχω,
861 565 881 630 ἀ
916 565 976 630 οὐκ
1010 563 1097 632 ἒοτιν
1127 563 1166 628 ἐκ
1195 565 1255 628 τιία
1291 561 1393 626 αὐλιίι
1422 555 1511 624 ταύτι

413 684 545 755 κάκεῖνα
573 688 623 757 δεῖ
647 713 688 768 με
715 687 856 773 ἀραρεῖν,
884 690 937 756 καί
966 694 1026 756 πίε
1055 695 1171 778 φωνῆς
1198 711 1260 766 μου
1288 685 1468 765 ἀκούσομαι,
1496 705 1511 746 κ

412 815 581 887 τενιίσεται
607 814 664 894 μία
691 815 822 897 ποίμνιι,
849 809 897 882 εἷα
925 816 1055 894 ποιμιίν.

419 987 667 1089 Πολυτρόπιος
691 985 756 1069 τὸν
777 990 931 1069 ἄτακτον
948 995 1149 1092 περικροτεῖ
1168 992 1380 1090 Φαρισαῖον·
1411 983 1463 1063 ὅτι
1487 1017 1511 1078 μ

362 1105 434 1211 γάρ
457 1113 522 1210 τῆς
544 1119 617 1192 τοῖν
635 1111 831 1214 προβάτων
850 1114 1064 1196 ἐπιστασίας
1087 1111 1177 1191 ὅσον
1194 1110 1330 1190 οὐδέπω
1351 1114 1511 1210 παρωσθ

194 1253 309 1310 em.
333 1265 475 1330 οσεται,
513 1233 682 1342 κατόρξει
718 1235 756 1316 δὲ
792 1243 938 1334 μᾶλλον
974 1235 1081 1320 αὐτὸς
1113 1239 1172 1316 καί
1209 1232 1460 1335 καθηγήσετοι,
1497 1233 1511 1308 ί

361 1364 515 1437 πολλῶν
547 1357 758 1466 όπεμφαίνει
790 1357 924 1462 λόγων.
979 1358 1212 1460 ὑποσημαίνει
1244 1356 1282 1437 δὲ
1314 1357 1368 1436 ὅτι
1405 1363 1478 1440 τοῖς

362 1479 516 1584 Ἰσραὴλ
559 1483 899 1586 εόγνωμονεστέροις
937 1482 1001 1568 τάς
1044 1487 1083 1564 ἐκ
1123 1489 1195 1563 ταῖν
1233 1485 1344 1563 ἐθνῶν
1381 1481 1512 1586 ἀναμιξ

362 1605 507 1708 ἀγέλας,
530 1609 572 1686 οὐ
598 1607 710 1708 μόνης
737 1605 967 1709 ἡγεμονεύσει
994 1610 1058 1706 τῆς
1078 1607 1269 1704 Ἰουδαίων,
1291 1603 1377 1684 ἀλλ’
1400 1604 1468 1704 ἤδη
1499 1641 1512 1682 ι

362 1735 411 1814 είς
438 1728 530 1831 ὅλην
558 1735 709 1811 διατενεῖ
732 1729 799 1830 τὴν
825 1735 894 1834 γῆν
921 1735 984 1830 τῆς
1012 1732 1138 1810 ἑαυτοῦ
1165 1728 1273 1837 δόξης
1305 1729 1347 1810 τό
1381 1735 1469 1836 φῶς,
1500 1764 1512 1806 ι

363 1852 510 1934 καλέσει
537 1853 628 1955 πρὸς
655 1856 879 1958 θεογνωσίαν
905 1853 988 1939 τοὺς
1015 1853 1248 1959 ἁπανταχόσε
1276 1852 1397 1951 λαοὺς,
1424 1853 1491 1932 οὐκ

195 1982 317 2098 {³¹¹st
363 1976 456 2084 μόνη
479 1979 699 2087 τῇἸουδαίιρ
726 1980 894 2082 γνωστὸς
921 1977 1008 2060 εἶναι
1036 1976 1325 2083 καταδεχόμενος,
1344 1977 1471 2078 ὥσπερ
1498 2011 1512 2054 ι

363 2104 401 2181 ἐν
425 2104 563 2208 ἀρχαῖς,
587 2102 714 2210 ἁπάσῃ
743 2100 780 2182 δὲ
806 2111 953 2204 μᾶλλον
977 2137 1021 2209 τη
1050 2105 1107 2184 ὑπ’
1128 2101 1280 2206 οὐρανὸν
1302 2103 1482 2204 προτιθεὶς

363 2223 569 2307 ἀπόλαυσιν
588 2231 651 2326 τῆς
675 2231 833 2327 ἀληθοῦς
859 2227 1078 2330 θεογνωσίας
1103 2224 1169 2325 τὴν
1186 2224 1398 2324 ἐπιστήμην.
1439 2223 1500 2304 ὅτι

327 2349 592 2452 δπαιδαγωγὸς
620 2357 667 2435 είς
695 2351 878 2446 εὐσέβειαν
905 2359 980 2436 τοῖς
1006 2351 1146 2432 ἔθνεσιν
1173 2350 1355 2454 ἀνεδείχθη
1383 2355 1512 2450 Χριστ

362 2471 509 2569 ἐκμάθοι
532 2507 587 2559 τις
611 2472 655 2554 ἀν
673 2478 731 2555 καί
756 2477 840 2555 λίαν
858 2474 1023 2560 εὐκόλως·
1051 2473 1168 2574 μεστὴ
1187 2473 1260 2576 γάρ
1279 2475 1300 2574 ἡ
1320 2473 1512 2553 θεόπνευστ

361 2597 486 2704 γραφὴ
504 2604 577 2678 τῶν
594 2601 651 2679 ἐπὶ
669 2599 784 2708 τούτῳ
803 2605 1017 2702 μαρτυριῶν,
1036 2601 1095 2678 καί
1112 2595 1159 2698 ἦν
1176 2597 1241 2698 μὲν
1260 2601 1308 2682 ὡς
1325 2598 1413 2678 ἔοικε
1432 2631 1513 2700 παρ

360 2720 498 2826 τρέχειν
515 2722 579 2802 οὐκ
597 2721 741 2807 ἀπεικός
758 2724 887 2803 ἀνέντα
905 2731 978 2806 τοῖς
995 2721 1266 2825 εὐμαθεστέροις
1283 2721 1349 2822 τὴν
1366 2723 1423 2802 ἐπί
1444 2721 1513 2800 τού

361 2841 522 2947 ζήτησιν·
551 2849 722 2948 παραθεὶς
747 2847 780 2925 δ’
801 2848 865 2926 οάν
883 2844 980 2944 ὅμως
1003 2843 1067 2925 δόο
1093 2851 1166 2925 τῶν
1192 2852 1392 2953 προφητῶν
1416 2843 1439 2944 ἦ
1470 2879 1513 2946 τρ

361 2972 441 3071 περὶ
459 2969 586 3048 τούτου
604 2967 736 3070 λόγους
754 2973 821 3073 ε’ρῶ
839 2967 953 3051 πόλιν
970 2967 1017 3049 τά
1039 2968 1181 3076 ἐφεξῆς.
1222 2969 1320 3074 Φησί
1341 3003 1415 3049 που
1439 2971 1513 3048 τοίι

195 3117 316 3181 νου-μ
363 3095 383 3172 ό
416 3091 510 3177 Θεὸς
541 3095 600 3173 καί
634 3089 764 3196 Πατὴρ
795 3097 876 3196 περὶ
908 3095 1018 3173 αὐτοῦ
1045 3103 1067 3140 “
1083 3089 1179 3172 Ἰδοὺ
1211 3093 1408 3196 μαρτύριον
1440 3093 1513 3172 ἕθνι

363 3225 385 3264 “
402 3216 538 3297 δέδωκα
556 3216 673 3314 αὑτὸν,
693 3217 851 3322 ἄρχοντα
878 3219 936 3297 καὶ
961 3215 1251 3320 προστάσσοντα
1274 3215 1446 3297 ἕθνεσιν.”
1491 3220 1513 3294 δ

333 3341 568 3444 ομαρτόρατο
596 3341 669 3444 γάρ
700 3348 774 3426 τοῖς
804 3339 946 3420 ἔθνεσιν
974 3342 994 3420 ό
1021 3340 1184 3444 Χριστός
1215 3339 1365 3440 μάθημα
1399 3339 1491 3424 δοὺς

362 3463 552 3568 σωτήριον,
572 3467 630 3544 καὶ
648 3466 690 3544 δι’
710 3461 760 3544 ὦν
778 3463 1029 3568 ἀνοσιόζεσθαι
1047 3468 1140 3569 χρῆν
1158 3462 1420 3547 ἀνυποστόλως
1440 3469 1513 3544 είπι

360 3587 522 3695 μελῳδὸς
541 3586 579 3668 δὲ
598 3590 618 3667 ὁ
636 3593 728 3672 θεῖος
746 3587 908 3692 καθάπερ
926 3593 975 3672 είς
993 3589 1125 3669 θίασον
1142 3588 1205 3669 ἕνα
1223 3585 1305 3672 τοὺς
1324 3589 1513 3693 ἀπανταχι

362 3717 495 3808 καλῶν,
528 3713 587 3790 καὶ
617 3707 708 3813 πρός
740 3709 903 3815 οόροίνιον
932 3711 1058 3815 ἑορτὴν
1088 3713 1364 3815 συναγείρεσθαι
1396 3711 1470 3811 τὴν
1510 3749 1513 3786 ;

194 3838 309 3953 {mlvi
361 3835 455 3943 ἡλίῳ
486 3833 640 3914 κελεύων
668 3845 689 3882 “
704 3833 834 3914 Πόντα
861 3833 908 3916 τά
935 3835 1029 3935 ἔθνη,
1058 3837 1164 3942 φησί,
1191 3834 1392 3938 κρατήσατε
1422 3843 1512 3939 χεῖρ

361 3969 383 4008 “
401 3958 612 4067 ἀλαλάξατε
637 3963 689 4066 τῷ
716 3964 800 4067 Θεηῖ
827 3962 865 4039 ἐν
890 3964 995 4065 φωνῇ
1023 3957 1311 4062 ἀγαλλιάσεως.”
1344 3957 1433 4039 ἀλλ’
1457 3961 1495 4039 εί

361 4083 480 4185 δοκοίη
512 4085 571 4163 καί
606 4087 671 4182 τῆς
707 4085 801 4164 οὕτω
837 4089 1009 4186 λαμπρᾶς
1041 4085 1099 4163 καί
1133 4085 1294 4181 ἀοιδίμου
1326 4085 1513 4188 πανηγόρ

396 4361 422 4398 2.
440 4345 523 4414 δεῖρε
534 4345 587 4400 hoc
599 4343 693 4400 ordine
706 4345 738 4399 B.
809 4361 834 4428 5.
851 4345 1170 4428 ἐπιστασίπςραιεπάονίι
1180 4346 1252 4400 Αυί).
1266 4345 1414 4402 ἐπιπάσας
1430 4345 1468 4399 Β.
1480 4347 1511 4400 Η

361 4429 386 4537 χ.
404 4415 560 4536 ἀπηρφαίνει
575 4415 607 4470 Β.
622 4415 671 4471 Ht.
684 4415 834 4470 emendant
847 4427 878 4470 ut
890 4415 999 4470 adnotat
1012 4435 1068 4486 ιριε
1081 4416 1154 4471 Aub.
1229 4433 1270 4471 10.
1287 4417 1398 4471 διαπνεῖ
1411 4434 1438 4471 α.
1454 4417 1513 4472 διαί

385 4493 421 4536 at.
464 4485 511 4539 arl.
524 4485 648 4547 διαβαίνει
663 4486 713 4540 Ed.
790 4504 829 4556 13.
848 4487 936 4555 ἀπιίση
950 4487 977 4568 δι’
989 4490 1093 4555 μᾶλλον
1104 4485 1150 4558 νη]
1164 4487 1355 4578 ἀποηιδὲτοῖς
1368 4505 1393 4540 ιι.
1484 4505 1513 4558 ιη

360 4551 485 4606 emendat
498 4553 596 4628 Heyse.
610 4555 640 4624 ην
653 4556 685 4611 B.
700 4554 751 4611 Ed.
764 4556 862 4612 denunt
875 4557 939 4612 haec
951 4574 979 4610 ια
992 4575 1016 4611 ιι.
1125 4575 1168 4628 ²3·
1187 4558 1247 4614 δους
1259 4575 1314 4612 om.
1327 4556 1402 4612 Aub.
