3248 5112
141 373 206 440 xiv.
220 393 271 443 21.
435 373 494 439 IN
525 337 559 438 ὲ.
583 369 843 438 ιοκυτςυοι.
888 371 985 439 οιο.
1009 371 1051 438 x.
1277 373 1342 437 493

141 537 351 642 τωδεστέρα
368 539 413 620 τέ
424 540 505 620 ἐστι
529 541 589 619 καί
614 536 749 622 οἰκείως
774 536 912 642 ἐχουσα
936 544 1096 637 μᾶλλον,
1115 537 1157 617 οὖ
1180 535 1344 636 μήντοῖς

142 663 312 742 τάναντία
335 660 583 770 πεφρονηκόσι
607 696 646 742 τε
673 665 732 741 καί
759 659 961 764 δεδρακόσι,
984 660 1245 767 χρησιμώτατα
1269 669 1345 747 τοῖς

143 784 337 888 εἰρημένοις
354 785 523 888 ἐπήνεγκε
542 785 662 887 λέγων
678 785 723 866 Ὀ
744 784 827 884 έχων
846 783 910 870 τῶς
929 783 1067 872 ε’ντιλοίς
1085 823 1151 891 μου
1171 792 1230 866 καί
1250 785 1346 892 τηρῶν
1406 787 1414 828 ’·
1439 823 1442 830 ·

146 907 265 1010 abtas,
285 909 372 996 οὗτός
391 911 476 991 ἐστιν
495 918 510 991 ἰ
529 909 680 1012 ἀγαπῶν
697 938 756 1015 με·
786 909 858 1014 ἔχει
883 908 927 990 δέ
946 943 999 994 τις
1025 907 1090 995 vaf
1113 907 1259 1007 ἐντελῶς,
1279 907 1346 1008 τὴν

113 1033 271 1114 5πίστιν
309 1031 600 1140 παραδεξάμενος
641 1037 700 1113 καὶ
735 1031 794 1112 διά
830 1033 972 1134 μνήμης
1011 1035 1151 1134 ἀγαθῆς
1195 1039 1243 1117 εἰς
1281 1031 1346 1112 τὸν

147 1161 274 1237 οἰκεῖον
291 1157 575 1257 εἰσοικισάμενος
602 1154 772 1256 ναῦντὴν
790 1155 978 1238 ἀθόλωτόν
996 1191 1034 1236 τε
1058 1160 1116 1236 καὶ
1141 1159 1250 1256 διειδῆ
1274 1163 1346 1236 τῶν

147 1281 390 1384 εάαγγελικῶν
412 1279 646 1380 ἐντολμάτων
669 1281 867 1361 παίδευσιν·
896 1288 1035 1383 πληροῖ
1055 1281 1092 1360 δέ
1114 1278 1224 1364 αι’πάς
1247 1312 1377 1382 πρα·ο

147 1409 273 1488 κτικῶς
291 1405 456 1508 ἐνεργῶν,
468 1405 525 1484 καί
544 1409 590 1510 τῇ
607 1409 681 1483 τῶν
697 1403 886 1507 δρωμένων
904 1403 1132 1506 λαμπρότητι
1150 1399 1347 1506 διαπρεπὴς

148 1529 303 1630 ὁρᾶσθαι
321 1525 546 1630 σπουδάζων.
586 1528 721 1611 τέλειος
740 1527 803 1608 οὖν
821 1526 893 1631 ἀρα
910 1532 970 1609 καί
994 1525 1204 1630 ὁλοκλήρως
1227 1531 1344 1630 ἀπηρ-

95 1676 135 1720 10
148 1649 314 1749 τισμένος
341 1657 390 1746 εἰς
417 1652 613 1750 εάσεήίίειαν,
641 1653 662 1732 5
689 1652 811 1732 πίστει
840 1685 879 1731 τε
909 1654 968 1732 καὶ
996 1649 1127 1757 πράξει
1156 1648 1346 1756 διαφανής,

148 1771 275 1878 ῶσπερ
293 1777 351 1856 ἐπὶ
370 1773 531 1875 ὁσιότητι
550 1780 594 1882 τῇ
612 1773 704 1856 κατὰ
721 1771 887 1878 Χριστόν
904 1775 1200 1878 μαρτυρούμενος·
1229 1785 1250 1822 “
1263 1775 1349 1854 Ἐπί
1393 1770 1479 1896 {510102
1492 1850 1509 1884 ο

149 1907 172 1945 “
189 1897 372 1996 πόματος
403 1895 476 2002 γάρ
509 1899 572 1980 δύο
605 1897 628 1999 ἣ
660 1904 769 2003 τριῶν
799 1897 991 2002 μαρτύρων
1020 1896 1246 2002 σταθήσεται
1277 1904 1350 1979 πᾶν
1393 1901 1498 2030 ἓξῗξὸ·

149 2031 172 2068 “
189 2023 318 2126 ῥῆμα,”
339 2021 491 2102 κατὰτὸ
511 2023 771 2126 γεγραμμένον.
812 2021 876 2102 τὸν
896 2021 934 2102 δέ
953 2019 997 2122 δὴ
1016 2030 1189 2119 τοιοῦτον,
1207 2019 1351 2106 εἰκότως

150 2143 332 2248 ἀγαπήσει
356 2143 423 2246 μέν
442 2146 462 2224 5
486 2144 579 2230 Θεὸς
597 2149 655 2226 καί
685 2145 826 2250 Πατήρ,
846 2147 1027 2248 ἀγαπήσει
1056 2143 1093 2226 δέ
1121 2143 1221 2224 οόδέν
1243 2144 1351 2244 ίμτον

97 2273 209 2354 15καί
235 2269 255 2348 5
273 2267 371 2354 Υἱός.
416 2269 542 2372 ῶσπερ
567 2266 638 2372 γάρ
663 2272 764 2350 ἐστιν
788 2266 990 2369 ὁμοοόσιος,
1009 2271 1101 2350 οὕτω
1124 2271 1182 2347 καί
1200 2274 1380 2349 συνεθε-ιι
1401 2285 1520 2342 828A·

151 2389 263 2492 λητὴς
290 2399 341 2499 τῷ
369 2393 446 2500 ἰδίῳ
473 2393 671 2496 γεννήτορι.
722 2400 807 2492 μιᾶς
833 2391 905 2496 γὰρ
932 2393 1069 2490 οὐσίας,
1097 2391 1135 2474 ἐν
1163 2389 1279 2492 δήπου
1309 2391 1352 2472 τὸ

151 2515 303 2614 θέλημα,
322 2519 380 2596 καί
398 2515 539 2602 σκοπός
561 2515 617 2620 ἐφ’
637 2515 779 2598 ἀπασιν
796 2515 855 2614 εἰς,
876 2513 994 2596 καὶτὸ
1013 2519 1217 2623 διαφωνοῦν
1236 2513 1350 2612 οὐδὲν,

150 2639 264 2741 ἤγουν
278 2645 329 2726 εἰς
349 2639 471 2744 ἑτέραν
489 2645 548 2720 καί
566 2642 689 2744 ἑτέραν
708 2641 925 2746 κατασχίζον
944 2641 1106 2740 θέλησιν.
1146 2647 1220 2723 τοῖς
1238 2638 1353 2741 γεμήν

151 2767 215 2864 τῆς
242 2764 338 2850 θείας
365 2763 508 2868 ἀγάπης
536 2766 754 2872 ἠξιωμένοις,
772 2763 944 2867 λαμπρὸν
965 2764 1154 2844 ἐπιδώσειν
1178 2761 1220 2844 τὸ
1245 2763 1352 2866 γέρας

100 2923 140 2967 20
152 2889 426 2990 ἐπαγγέλλεται,
450 2892 508 2970 καὶ
536 2888 589 2970 ότι
618 2898 695 2976 ταῖς
724 2889 811 2992 όπέρ
839 2889 953 2992 λόγον
976 2887 1104 2973 αὐτοὺς
1132 2889 1353 2994 καταστέφει

152 3016 310 3114 δωρεαῖς.
351 3015 529 3119 ἐμφανίσω
558 3011 629 3116 γάρ
657 3021 773 3118 φησιν
800 3018 892 3121 αὐτῷ
918 3013 1071 3118 ἐμαυτόν.
1108 3014 1257 3115 καθαροὶ
1284 3011 1354 3116 γὰρ

152 3133 252 3238 παρά
285 3142 359 3220 τοῖς
391 3141 559 3239 καθαροῖς
592 3142 625 3217 οἰ
656 3139 738 3241 περὶ
766 3141 830 3236 τῆς
862 3137 1027 3222 θεοπτίας
1057 3135 1202 3216 ἐσονται
1232 3135 1350 3237 λόγοι·

154 3257 348 3358 διαλάμπει
375 3257 413 3338 δέ
441 3261 462 3338 ό
487 3257 651 3362 Χριστός
679 3263 716 3340 ἐν
742 3261 870 3359 αὐτοῖς,
895 3258 953 3340 διά
981 3269 1044 3340 τοῦ
1072 3259 1161 3340 ἰδίου
1186 3260 1388 3360 δηλονότιίι

155 3379 365 3482 Πνεόματος
389 3387 438 3468 εἰς
463 3383 600 3462 ἕκαστα
624 3389 697 3463 τῶν
715 3382 867 3465 δεόντων
890 3390 1137 3492 φωταγωγῶν,
1155 3386 1214 3464 καί
1239 3381 1352 3488 ἀρῤή·

103 3537 142 3598 τ5
155 3540 229 3591 τοις
246 3508 322 3586 τισί
346 3507 549 3613 δᾳδουχίαις
572 3513 650 3591 ταῖς
675 3507 766 3588 κατά
793 3507 857 3588 τόν
876 3515 960 3588 νοῦν
978 3506 1104 3588 ἑαυτὸν
1122 3508 1357 3590 ἐκκαλύπτων

155 3631 214 3712 καί
239 3632 380 3736 ἐμφανῆ
404 3629 591 3716 καθιστάς·
624 3634 656 3711 οἰ
681 3628 720 3710 δέ
746 3628 851 3740 ἅπαξ
874 3630 1025 3730 ἑλόντες,
1043 3629 1211 3738 μακάριοί
1233 3668 1272 3714 τε
1299 3635 1357 3714 καί

156 3754 319 3859 ζηλωτοί.
361 3756 423 3834 καί
437 3788 497 3853 μοι
517 3758 616 3835 δοκεῖ
629 3755 789 3840 τοιοῦτός
805 3791 858 3842 τις
878 3754 965 3836 εἰναι
984 3756 1103 3860 λέγων
1121 3759 1141 3838 ό
1165 3757 1357 3862 προφήτης

157 3879 289 3958 Δαυείδ
311 3887 333 3926 “
346 3879 570 3976 Ἀκοιίσομαι
596 3879 635 3959 τί
659 3878 816 3982 λαλήσει
844 3883 882 3961 ἐν
907 3882 985 3978 ἐμοὶ
1015 3881 1147 3986 Κύριος
1175 3884 1195 3962 5
1225 3879 1354 3967 Θεός·”
1400 3885 1527 4018 1¹}an

157 4003 215 4082 καί
234 3997 306 4100 μὴν
324 4004 382 4081 καί
400 4001 508 4088 αὐτὸς
532 4003 616 4102 ἡμῖν
635 4003 655 4082 ό
682 4009 775 4088 θεῖος
799 4004 1028 4086 ἐπιστέλλων
1047 4002 1256 4087 ἀπόστολος
1273 4017 1296 4053 “
1310 4010 1356 4086 Εἰ
1402 4033 1481 4114 agor.

106 4167 146 4226 30
159 4135 180 4174 “
199 4123 346 4225 δοκιμὴν
370 4124 501 4230 ζητεῖτε
528 4135 591 4206 τοῦ
618 4129 655 4206 ἐν
678 4128 755 4227 ἐμοὶ
780 4135 981 4212 λαλοῦντος
1005 4133 1171 4230 Χριστοῦ
1186 4130 1220 4226 ;”
1249 4137 1360 4210 λαλεῖ
1400 4115 1452 4151 m
1466 4113 1493 4164 3'

158 4248 230 4354 γὰρ
256 4251 388 4334 ἐντοῖς
417 4249 531 4350 ἁγίοις
558 4248 617 4330 διά
644 4258 708 4330 τοῦ
728 4249 939 4348 Πνειίματος
963 4249 1009 4330 τά
1034 4252 1116 4331 καθ’
1137 4251 1277 4351 ἑαυτὸν,
1297 4256 1356 4333 καί

194 4421 220 4470 4.
239 4403 270 4472 τῇ
284 4402 373 4458 πίστει
386 4401 419 4458 E.
432 4403 449 4432 “
459 4401 491 4456 lu
503 4401 555 4456 alio
565 4401 664 4458 codiee
676 4406 709 4472 τῇ
721 4403 832 4458 πίστει”
845 4401 955 4458 adnotat
967 4411 994 4458 et
1005 4403 1079 4460 Aub.
1151 4417 1177 4478 7.
1194 4406 1358 4474 ίντολμότιιν

39 4479 45 4500 ·
158 4471 192 4528 E.
205 4473 340 4544 δογμάτων
353 4471 403 4526 Ed.
416 4475 433 4504 “
443 4471 606 4540 ι’ντιιλμᾶτον
618 4473 652 4528 al.
665 4474 819 4547 δογμόςον”
832 4473 895 4544 (εἰς)
909 4473 981 4528 Aub.
994 4473 1022 4528 iu
1036 4475 1117 4530 notin.
1243 4493 1283 4530 10.
1302 4477 1358 4530 διο-

158 4543 244 4616 φανής
255 4561 278 4598 c.
293 4541 375 4598 cord.
388 4541 420 4598 δι’
433 4543 532 4613 ἀμφοῖν
545 4542 595 4598 Ed.
774 4559 815 4616 ¹5·
835 4543 993 4616 σννθιλητής
1006 4544 1089 4602 Cord.
1102 4547 1137 4618 (c.
1151 4546 1358 4619 imperfectum.)

160 4631 202 4686 τη.
221 4617 236 4668 ὁ
248 4613 316 4671 θεῖος
328 4613 388 4684 ἡμῖν
399 4613 505 4669 invem
517 4612 610 4670 ordine
623 4613 657 4670 Ε.
