3274 5118
123 354 242 419 xv.18.
314 358 368 422 IN
398 360 432 425 S.
456 361 713 428 JOANNEM.
758 363 854 428 LIB.
878 363 919 428 X.
966 364 1067 430 CAP.
1090 365 1136 432 11.
1258 366 1322 430 587

123 518 261 616 σμένον
292 531 367 608 τοῖς
397 532 472 606 τῶν
500 529 703 633 αἰσχίστων
732 530 998 634 ἐρασταῖς,καί
1030 537 1105 614 τοῖς
1134 535 1184 615 εἰς
1212 530 1323 634 ἄκρον

123 641 254 742 ἥκουσι
275 651 469 753 βδελυρίας
484 655 672 754 κοσμικῆς,
691 653 981 756 παρακρούεσθαι
1003 653 1069 754 μὲν
1088 656 1136 738 ὡς
1152 658 1319 759 δυσαχθῆ

124 775 184 848 καί
202 769 407 853 αἰλλόκοτον
424 774 489 856 τόν
506 776 779 884 σωφρονίζοντα
803 774 928 879 λόγον,
947 776 1165 883 ἐπιφύεσθαι
1189 779 1227 860 δέ
1246 787 1320 864 τοῖς

124 897 351 996 εἰσηγεῖσθαι
383 897 631 1002 σπουδάζουσι
663 899 709 981 τά
746 907 819 981 τιῦν
848 899 1070 1001 μαθημάτων
1095 902 1230 1005 ι’ίριστα
1260 908 1320 984 καί

90 1015 171 1098 5τᾶ
199 1019 242 1096 δι’
271 1015 322 1099 ὦν
349 1024 513 1121 ἀμείνους
534 1025 679 1105 ἔσονται
706 1023 729 1125 ἢ
752 1022 928 1129 πρότερον
953 1022 1061 1124 ἦσαν,
1089 1029 1215 1126 μόναις
1242 1036 1349 1112 ταῖςο

126 1142 228 1226 ἰδίαις
256 1143 397 1242 ἡδοναῖς
426 1146 468 1228 τό
497 1155 638 1253 κρατεῖν
655 1148 923 1254 ἐπιτρέψαντες.
963 1147 1065 1228 ἀλλὰ
1092 1149 1164 1253 γάρ
1192 1161 1321 1253 μικροῦ

123 1265 174 1365 μέ
196 1301 231 1347 τι
259 1276 332 1349 τῶν
359 1273 563 1374 ἀναγκαίων
591 1271 807 1376 παρελάσαν
840 1269 967 1380 ᾤχετο,
999 1273 1112 1353 καίτοι
1141 1281 1219 1360 ταῖς
1248 1283 1321 1355 τῶν

124 1393 363 1493 προκειμένων
382 1397 542 1500 θεωρίαις
561 1396 617 1477 ὅτι
634 1395 798 1496 μάλιστα
816 1397 954 1499 πρέπον
971 1431 1010 1476 τε
1029 1401 1087 1477 καί
1110 1400 1318 1503 χρεωστού-

125 1549 247 1610 μενον.

70 1677 112 1718 10
179 1637 344 1722 Ἰουδαῖοι
370 1641 436 1742 μέν
462 1643 534 1747 γὰρ
567 1643 666 1752 μόντρ
698 1648 749 1752 τῷ
779 1646 991 1751 Μωυσαικῷ
1021 1643 1321 1747 προσεδρεύοντες

124 1761 320 1862 γράμματι,
347 1771 404 1846 καί
432 1775 506 1854 τοῖς
535 1771 572 1848 ἐν
598 1767 700 1876 τύπιρ
733 1767 1000 1866 τετελεσμένοις
1027 1777 1049 1816 “
1062 1768 1167 1872 μέχρι
1198 1779 1321 1873 καιροῦ
1366 1763 1486 1880 ξολλ*

125 1895 147 1932 “
166 1888 411 1990 διορθώσεως”
437 1892 501 1973 τὸν
528 1899 654 1973 οἰκεῖον
681 1892 928 1996 ἐνιδρύσαντες
960 1900 1053 1990 νοῦν,
1080 1897 1145 1992 τῆς
1174 1895 1321 1996 εὐαγγε-

125 2015 228 2110 λικῆς
251 2016 469 2102 παιδεύσεως
494 2018 620 2098 οὐδένα
644 2015 709 2117 μέν
731 2015 773 2096 τὸ
797 2015 970 2118 παράπαν
987 2017 1169 2096 ἐποιοῦντο
1193 2019 1318 2120 λόγον,

73 2211 76 2218 .
124 2132 207 2219 τοῦς
239 2137 283 2216 δέ
309 2172 353 2242 γε
388 2139 625 2242 πρεσβευτὰς,
656 2136 846 2246 φορτικοῦς
876 2139 1041 2241 ἡγεῖσθαι
1073 2147 1218 2238 μᾶλλον
1248 2147 1355 2228 τιῦνᾱ

72 2281 112 2344 15
125 2259 272 2364 σφόδρα
300 2264 580 2362 πολεμιωτάτων
605 2263 718 2372 ᾤοντο
733 2266 827 2364 δεῖν·
864 2297 884 2341 ο

125 2381 223 2467 όντες
249 2385 445 2486 πλάνησιν,
474 2391 534 2469 καὶ
560 2388 627 2489 τὴν
654 2388 807 2493 ἅρῤητον
834 2396 899 2468 τοῦ
927 2391 1022 2467 Θεοῦ
1052 2385 1164 2495 δόξαν
1189 2421 1322 2490 περιτι-

125 2504 243 2593 θέντες
268 2513 313 2616 τῇ
341 2513 466 2611 κτίσει,
486 2516 579 2621 φημὶ
607 2512 644 2594 δέ
672 2511 754 2597 τοῦς
779 2512 822 2619 ἐξ
845 2515 967 2609 ἐθνῶν,
988 2512 1031 2591 ού
1055 2513 1138 2592 λίαν
1159 2511 1323 2611 ἀσμένως

125 2631 190 2712 τὸν
231 2636 545 2739 καταλαμπρύνειν
581 2635 708 2722 αύτοῦς
749 2635 866 2716 εἰδότα
909 2634 1148 2740 παρεδέχοντο
1193 2634 1320 2738 λόγον.

126 2757 348 2858 ἐντετηκότες
382 2759 455 2865 γάρ
491 2763 617 2866 ὥσπερ
647 2769 721 2846 τοῖς
752 2761 911 2866 ἀρχαίοις
943 2768 1073 2859 κακοῖς,
1108 2759 1325 2867 φιλαιτοίτην

72 2913 114 2956 ιο
126 2883 309 2962 ἐποιοῦντο
327 2882 393 2983 τὴν
411 2886 578 2986 ἀμαθίαν,
597 2890 656 2965 καί
673 2887 882 2988 συντρόφου
899 2881 1104 2984 νοσήματος
1123 2887 1325 2988 όποφοιτᾶν

125 3000 223 3103 ἦσαν
244 3006 299 3086 ὅτι
326 3005 491 3106 μάλιστα
518 3007 784 3089 δνσοκνότατοι.
828 3010 922 3087 οὕτω
949 3016 1138 3109 τοιγαροῦν
1161 3012 1224 3106 τῆς
1251 3015 1325 3087 τῶν

126 3129 349 3232 πραγμάτων
376 3131 530 3237 ἐχούσης
562 3132 718 3236 φύσεως,
746 3131 800 3214 τίς
833 3127 879 3210 διν
907 3127 1088 3209 ἐνδοιάσαι
1120 3129 1248 3209 λοιπὸν
1276 3133 1324 3213 ὡς

126 3251 281 3349 ἔμελλον
299 3254 449 3336 ἔσεσθαι
467 3263 531 3335 τοῦ
549 3258 717 3358 Σωτῆρος
735 3257 769 3333 οἱ
785 3255 952 3353 μαθηταί,
971 3255 1145 3355 στυγητοί
1169 3251 1234 3351 μέν
1250 3259 1353 3336 τοῖςο

125 3377 319 3478 Ἰουδαίοις,
338 3379 588 3477 διεπτνσμένοι
612 3377 650 3458 δέ
672 3375 773 3480 παρὰ
790 3383 864 3462 τοῖς
880 3373 946 3476 τὴν
962 3375 1154 3477 Ἑλλήνων
1172 3387 1325 3458 νοσοῦσι

75 3535 114 3597 ²5
127 3499 323 3602 πλάνησιν·
353 3503 486 3603 ἥκιστα
514 3501 552 3583 δέ
578 3503 682 3602 ἡδεῖς,
701 3507 847 3602 μᾶλλον
871 3499 908 3580 δέ
936 3501 1224 3606 δυσαχθείττατοι
1252 3507 1326 3585 τοῖς

128 3629 336 3732 φιληδονεῖν
360 3626 553 3727 ἑλομένοις,
576 3629 635 3706 καί
662 3623 725 3706 τὸν
748 3625 921 3733 ἐξίτηλον
945 3627 983 3705 ἐν
1006 3631 1159 3734 τρυφαῖς
1185 3659 1326 3725 τετιμη-

127 3746 211 3832 κόσι
228 3750 337 3850 βίον;
369 3750 454 3832 ἀλλ’
474 3751 572 3854 εἰπερ
594 3750 750 3850 ἔμελλον
767 3757 831 3829 τοῦ
850 3753 1019 3854 Σωτῆρος
1043 3755 1076 3830 οἱ
1100 3754 1266 3852 μαθηταὶ,
1283 3747 1326 3832 τῦ

73 3955 79 3964 ,
127 3873 193 3973 μέν
211 3873 281 3956 ὑπό
305 3909 370 3956 του
394 3881 583 3976 μισεῖσθαι
608 3871 718 3980 τυχόν
735 3879 808 3954 τῶν
826 3872 895 3976 ἤδη
921 3876 1201 3977 κατειλεγμένων
1218 3883 1326 3955 ποιεῖ-

128 4005 217 4080 σθαι
235 4000 417 4105 φορτικὸν,
436 3999 568 4105 ζηλοῦν
586 3997 624 4080 δέ
642 4005 789 4098 μᾶλλον
808 3999 1014 4102 ἐπείγεσθαι
1037 4002 1095 4079 καί
1117 4004 1327 4105 φιλοθηρεῖν

75 4155 117 4216 3ο
128 4121 285 4208 ἐκτόπως
304 4127 362 4204 καί
380 4123 445 4226 τὴν
462 4123 564 4227 παρὰ
581 4130 654 4204 τῶν
673 4121 883 4204 τὰτοιαῦτα
902 4121 1105 4203 νοσούντων
1124 4118 1324 4223 ἀγάπησιν,

129 4253 207 4334 πῶς
226 4247 268 4328 ού
284 4253 378 4330 πᾶσι
395 4245 680 4352 προδηλότατον,
700 4251 748 4332 ὡς
773 4249 837 4328 οῦκ
861 4244 906 4326 άν
924 4245 1087 4348 ἐγένοντο
1104 4249 1323 4351 περιφανεῖς,

166 4475 191 4515 2.
208 4459 420 4532 παρακρούεσθαι
434 4459 466 4516 E.
477 4457 672 4532 παρακούεσθαι
685 4456 738 4514 Ed.
924 4473 967 4512 Π.
984 4459 1115 4530 γράμματι
1128 4455 1193 4513 m.
1207 4453 1258 4511 Ed.
1271 4472 1327 4581 ιπχ.

130 4531 357 4674 ἒρχίγτὲμιέινδδέὼ
444 4531 485 4588 18.
502 4529 678 4602 παρεδέχοντο
691 4529 725 4584 Ε.
737 4527 926 4600 παραδέχονται
939 4528 990 4584 Ed.
1110 4531 1152 4584 28.
1171 4550 1217 4584 τον
1230 4527 1262 4582 Ε.
1278 4525 1300 4580 E
1322 4565 1328 4580 .

686 4700 776 4762 ητα
