3248 5112
161 1613 245 1677 Supra

160 1696 213 1728 ver.
224 1693 249 1741 9.

161 1745 200 1793 Ib.
213 1757 251 1792 10.

162 2020 228 2077 ‘108
238 2017 277 2073 A.

321 345 388 406 444
626 348 665 412 Β.
690 345 901 411 OYRILLI
931 343 1221 410 ALEXANDR.
1392 343 1457 408 xiv.
1474 360 1527 406 11.

324 503 486 611 καθάπερ
513 508 624 608 ἡμεῖς·
664 515 694 590 εἰ
721 508 760 590 δέ
783 508 879 590 Θεδν
901 505 990 589 εἰναι
1016 509 1240 608 πιστεύουσι,
1258 511 1317 588 καί
1345 510 1394 592 ὡς
1420 513 1528 586 τοῖιτο

324 630 416 711 κατὰ
442 631 557 738 φύσιν
576 632 775 740 ὑπάρχοντι
798 641 1015 736 προσκυνεῖν
1036 632 1229 736 ἐγνώκασι,
1247 632 1286 713 τί
1306 628 1357 731 μὴ
1382 637 1531 730 μᾶλλον

326 753 571 852 ἀπονέμουσιν
589 758 686 865 αύτῷ
705 755 748 837 τδ
767 763 975 860 θεοπρεπῶς
993 755 1203 863 ε’νυποῖρχειν
1221 761 1272 862 τῷ
1298 755 1375 863 ῖδίιρ
1397 749 1529 856 γεννή-

297 904 415 982 θτορι,
434 879 527 983 ἔχειν
549 914 588 960 τε
613 879 722 960 αὐτὸν
746 882 784 960 έν
806 880 946 987 έαντῷ;
978 887 1085 960 τοῦτο
1111 877 1182 983 γὰρ
1207 875 1305 976 οἶμαι
1329 881 1473 984 φρονεῖν
1491 907 1533 953 τε

327 1006 386 1082 καί
424 1004 544 1105 λέγειν
572 1009 646 1086 τοῖς
681 1002 794 1088 ὅντως
830 1003 1021 1110 θεοφιλέσι
1056 1005 1366 1106 πρεπωδέστερον.
1424 1005 1454 1078 εἰ
1491 995 1579 1080 δέ5

327 1127 537 1228 ἄθραυστον
555 1127 640 1226 ἡμῖν
665 1125 929 1242 ἐπιτηδεύοντες
956 1125 1022 1226 τὴν
1044 1126 1302 1230 ἀναισχυντίαν
1320 1123 1537 1224 ἐμμένουσιν

327 1248 381 1334 οἰς
400 1249 594 1352 εἰρήκασιν,
615 1251 708 1330 οὕτω
734 1250 778 1329 τέ
799 1257 916 1355 φασιν
934 1251 972 1329 έν
992 1252 1111 1352 Πατρί
1136 1249 1200 1328 τὸν
1218 1248 1319 1346 Υἰίιν,
1339 1247 1462 1351 ὥσπερ
1486 1242 1538 1324 ἀν

329 1374 382 1472 εἴη
401 1372 513 1479 τυχὸν
532 1377 591 1454 καί
608 1375 709 1474 ἡμῶν
728 1373 890 1472 ἕκαστος,
908 1381 982 1454 τῶν
1000 1374 1044 1480 ἐξ
1066 1374 1130 1453 ούκ
1152 1373 1266 1454 ὄντων
1284 1376 1342 1453 καὶ
1366 1370 1440 1452 ἀπὸ
1464 1374 1539 1472 γῆς

330 1499 372 1578 δι’
402 1499 511 1577 αὐτοῦ
541 1496 753 1600 γεγονότων,
781 1497 819 1576 τί
844 1496 895 1597 μή
923 1503 997 1580 τοῖς
1024 1495 1214 1576 ἐθέλουσιν
1240 1499 1376 1602 ἐφεῖται
1404 1490 1541 1574 λοιπὸν

330 1622 523 1706 ἀκινδύνως
559 1627 669 1702 εἰπεῖν
699 1631 720 1668 “
734 1622 784 1700 ‘O
813 1618 979 1724 εἰορακὰις
1012 1618 1072 1720 ε’μὲ
1110 1621 1242 1724 ἑώρακε
1279 1618 1342 1699 τὸν
1374 1615 1537 1719 Πατέρα,
1562 1649 1609 1689 ιο

330 1757 352 1796 “
370 1744 471 1848 κάγὼ
489 1747 527 1824 έν
546 1750 597 1852 τῷ
618 1748 736 1848 Πατρί
756 1746 816 1824 καί
834 1746 855 1823 ὁ
871 1741 1000 1847 Πατὴρ
1019 1746 1057 1824 ἐν
1074 1745 1155 1844 ε’μοί
1169 1747 1270 1824 ε’στιν
1282 1744 1316 1841 ;”
1337 1741 1423 1822 ἀλλ’
1437 1737 1541 1837 οἶμαι

330 1869 466 1971 μωρίας
483 1873 547 1968 πῆς
567 1869 722 1950 ἁπασῶν
741 1865 898 1972 ἐσχάτης
918 1868 1023 1967 ἁλοίη
1042 1901 1096 1951 τις
1114 1867 1158 1947 ἀν
1177 1870 1233 1948 ε’πί
1252 1866 1368 1974 τούτῳ
1389 1868 1537 1968 γραφῇ,

301 1995 390 2073 ικαὶ
418 1991 520 2090 μάλα
548 1991 701 2076 εἰκότως.
740 1991 876 2095 ἀπηχές
904 2025 942 2070 τε
971 1989 1043 2095 γὰρ
1072 1994 1129 2071 καί
1158 1989 1299 2075 ούδενίις
1325 1996 1397 2070 τῶν
1422 1988 1541 2089 ἁγίων

330 2115 464 2223 ἠνέχθη
496 2114 584 2197 ποτέ
616 2115 762 2216 τοιαύτη
795 2113 898 2220 φωνή
929 2113 1030 2219 παρὰ
1058 2120 1104 2220 τῇ
1135 2113 1364 2222 θεοπνεύστῷ
1393 2117 1539 2216 γραφῇ·

317 2249 593 2345 ,παραχωροῦσι
618 2237 655 2320 δί
680 2237 812 2322 πάντες
837 2243 888 2346 τῷ
913 2237 1005 2318 κατὰ
1031 2237 1145 2344 φύσιν
1166 2239 1288 2348 Κυρίῳ
1306 2243 1363 2318 καί
1382 2241 1466 2343 Θεῷ
1483 2241 1541 2344 τῷ
1562 2261 1607 2322 15

334 2369 540 2466 Μονογενεῖ
564 2361 630 2462 τήν
657 2360 714 2468 ἐφ’
743 2361 861 2442 ἅπασι
888 2368 963 2445 τοῖς
990 2365 1140 2464 ἀγαθοῖς
1168 2360 1395 2465 ἁσυγκρίτως
1423 2361 1537 2462 ὑπερ-

387 2485 398 2512 ἱ
500 2489 512 2517 x
561 2484 571 2512 λ
641 2487 653 2516 Κ
771 2483 783 2510 Ι
928 2485 939 2511 Ι
1157 2487 1167 2516 Ι
1212 2485 1221 2510 ῑ
1351 2483 1361 2512 Ι
1523 2489 1541 2505 ⁶

334 2519 435 2590 οχην,
454 2520 513 2566 και
532 2491 576 2585 δη
595 2521 653 2565 και
673 2519 873 2587 κεκραγασι
891 2493 1060 2588 λεγοντες
1080 2496 1101 2532 “
1115 2491 1182 2570 Τις
1205 2489 1467 2585 ομοιωθησεται
1484 2517 1543 2590 τῷ

170 3969 238 4018 Acta
249 3967 292 4018 SS.

170 4034 293 4150 ειν·

335 2619 356 2656 “
376 2609 499 2714 Κυρίῳ
527 2611 565 2688 έν
591 2613 675 2692 υἱοῖς
699 2612 794 2687 Θεοῦ
807 2609 837 2700 ;”
867 2614 944 2692 πῶς
972 2609 1036 2688 οὖν
1058 2608 1109 2688 ἔτι
1137 2608 1221 2688 καθ’
1241 2607 1334 2707 ἡμᾶς
1362 2607 1382 2686 ὁ
1408 2613 1539 2686 Μονο-

333 2728 450 2834 γενὴς,
473 2731 571 2834 εἰπερ
596 2733 707 2815 ούδείς
732 2731 813 2815 ’ίσος
840 2765 879 2811 τε
907 2735 966 2811 καὶ
993 2731 1113 2831 ὅμοιος
1138 2733 1235 2841 αύτῷ
1260 2731 1352 2813 κατὰ
1377 2731 1544 2832 τὴντῶν

334 2855 448 2956 ἁγίων
472 2854 623 2961 φωνήν;
665 2861 695 2935 εἰ
724 2853 761 2934 δέ
790 2857 902 2939 οὕτως
929 2858 1030 2935 έστίν
1057 2858 1096 2936 ἐν
1115 2862 1208 2966 Θεῷ,
1232 2857 1393 2960 καθάπερ
1420 2858 1538 2956 ἡμεῖς,
1561 2890 1607 2929 20

334 2985 411 3062 πῶς
440 2978 485 3058 ἁν
511 2978 576 3059 ούκ
605 2977 744 3081 ἀνάγκη
773 2978 904 3058 λοιπὸν
931 2981 1210 3084 φευδομυθῆσαι
1236 2981 1301 3080 μέν
1328 2979 1448 3083 λέγειν
1474 2979 1543 3060 τὸν

299 3109 408 3183 δτῶν
438 3103 551 3204 ἁγίων
579 3103 699 3207 χορὸν,
728 3101 831 3183 οὐδέν
858 3101 897 3182 δὲ
925 3100 967 3183 τὸ
995 3111 1122 3184 πλεῖον
1150 3105 1337 3203 ἀπονεῖμαι
1366 3109 1418 3211 τῷ
1446 3103 1544 3184 κατὰ

336 3224 452 3333 φύσιν
480 3232 568 3333 Υἰῷ,
601 3225 645 3305 δι’
677 3226 786 3330 οὗπερ
824 3225 870 3306 ἀν
903 3228 1067 3331 φαίνοιτο
1103 3235 1178 3312 τοῖς
1212 3226 1304 3308 κατὰ
1340 3227 1442 3306 θέσιν
1475 3229 1544 3307 ούκ

337 3355 573 3446 ἰσοστατῶν;
609 3349 729 3452 ἁπαγε
761 3355 825 3450 τῆς
856 3352 1059 3455 βδελυρίας,
1090 3351 1269 3456 ἄνθρωπε·
1307 3350 1545 3457 φρονήσομεν

336 3471 409 3576 γὰρ
427 3473 495 3578 οὐχ
513 3475 626 3558 οὕτως
644 3474 752 3574 ἡμεῖς,
771 3473 822 3574 μὴ
842 3473 991 3574 γένοιτο,
1005 3482 1082 3559 ταῖς
1099 3474 1138 3555 δὲ
1156 3482 1229 3556 τῶν
1246 3476 1359 3577 ἁγίων
1375 3473 1545 3578 πατέρων
1561 3503 1605 3562 25

338 3593 502 3696 ἑπόμενοι
520 3595 654 3702 δόξαις,
673 3597 921 3698 εὐδοκιμήσειν
938 3597 1038 3701 παρὰ
1058 3604 1140 3706 Θεῷ
1157 3597 1383 3698 πιστεύομεν.

393 3719 540 3820 Ἐπειδὴ
559 3718 598 3802 δέ
616 3728 665 3806 εἰς
682 3719 867 3829 ἀπόδειξιν
886 3719 937 3801 ὧν
955 3729 1133 3829 φρονοῦσι
1155 3724 1213 3802 καί
1238 3723 1412 3826 λέγουσιν
1429 3724 1544 3804 ε’κεῖνο

338 3843 555 3947 παρήγαγον
591 3845 633 3925 τὸ
670 3846 853 3947 εἰρημένον
889 3844 949 3925 διὰ
985 3855 1048 3927 τοῦ
1088 3846 1251 3942 Παύλου,
1290 3846 1345 3927 ὅτι
1382 3849 1419 3927 ε’ν
1456 3851 1545 3953 Θεῷ

341 3976 363 4016 “
382 3966 495 4070 ζῶμεν
521 3971 580 4048 καὶ
607 3967 799 4067 κινούμεθα
829 3971 888 4048 καί
916 3967 1056 4069 ε’σμέν,”
1080 3969 1123 4051 τὸ
1151 3972 1189 4049 έν
1215 3974 1336 4074 Πατρὶ
1367 3971 1546 4072 λέγεσθαι

341 4091 405 4172 τὸν
430 4091 520 4172 Υἰδν
547 4090 741 4176 δεικνύντες
774 4098 905 4172 εἰκαῖον
933 4095 972 4173 έκ
1002 4096 1185 4174 τῶνκαθ’
1215 4095 1320 4193 ἡμᾶς,
1348 4095 1434 4198 φέρε
1463 4101 1545 4179 ταῖς
1561 4123 1606 4181 30

311 4215 581 4316 θκαθηκούσαις
611 4216 766 4318 έρεύναις
797 4215 840 4296 τὸ
867 4216 974 4321 ῥηθέν
1003 4215 1274 4314 ὑποβάλλοντες
1303 4217 1546 4324 διελέγχωμευ

378 4452 420 4506 13.
439 4436 481 4490 καί
494 4433 553 4507 alt.]
572 4444 597 4497 «1-
615 4435 667 4490 aar*
683 4436 735 4492 Ed.
899 4451 940 4508 15.
958 4437 1053 4494 πάντες
1065 4437 1098 4494 Ε.
1110 4439 1213 4496 πόντος
1226 4437 1278 4494 Ed.
1446 4455 1490 4493 21.
1510 4439 1545 4493 δν

340 4523 431 4632 αεμήω
452 4515 511 4562 tum
522 4525 555 4562 ex
568 4507 601 4562 E.
751 4507 794 4562 26.
813 4507 902 4577 δόξαις
913 4509 1032 4578 ἑπόμενοι
1044 4509 1150 4566 inverso
1163 4509 1257 4566 ordine
1269 4509 1302 4565 E.
1452 4525 1497 4580 30.
1519 4511 1544 4564 ει·

340 4599 383 4633 ml
411 4601 425 4632 v
464 4619 470 4633 ι
