3248 5112
96 359 230 428 xiv.28.
295 361 353 427 IN
383 363 416 428 S.
440 363 696 431 JOANNEM.
743 363 839 431 LIB.
863 367 903 430 X.
950 365 1105 431 CARI.
1234 365 1295 428 521

98 523 292 631 συμφανὲς
324 529 369 607 δι’
398 530 507 610 αὑτοῦ
542 539 608 612 τοῦ
638 531 861 634 πράγματος,
893 535 942 616 ὡς
978 531 1120 634 ε’πείπερ
1151 533 1199 613 είς
1232 526 1298 628 τὴν

99 651 196 728 ίδίαν
224 652 325 736 αὖθις
356 659 648 758 παλινδρομῆσαι
680 654 793 764 δόξαν
819 654 909 756 μετὰ
939 653 1084 760 Πατρός
1115 655 1294 758 ἠπείγετο,

99 771 238 876 χαίρειν
264 775 323 854 ἐπὶ
350 776 465 886 τούτῳ
492 785 566 863 τοῖς
598 780 708 860 αῦτὸν
733 781 905 883 ἀγαπῶσι
937 776 1160 876 διεκελεύετο,
1188 775 1292 885 ἀξιό-

99 929 243 996 γαστον
272 897 381 979 αὐτόν
410 902 529 986 αὐτοῖς
559 903 824 1006 παρακλήσεως
855 905 914 984 καὶ
943 911 1071 983 τοῦτον
1101 899 1193 1002 μετὰ
1223 907 1315 982 τῶν·

61 1039 84 1100 5
101 1019 231 1100 ἄλλων
252 1022 445 1124 ἐπινοήσας
470 1024 535 1106 τὸν
556 1027 714 1130 τρόπους

158 1142 283 1226 Ἀλλά
305 1145 462 1252 παρήσω
485 1147 551 1249 μέν
571 1159 679 1232 τοῦτο
705 1154 790 1250 νυνὶ,
813 1154 871 1231 καὶ
898 1157 975 1235 ταῖς
1002 1152 1134 1230 ἐκείνου
1162 1155 1292 1255 φρενο-

101 1270 294 1364 βλαβείαις
325 1272 367 1351 οῦ
398 1271 514 1358 πολάς
545 1275 762 1376 ε’γκείσομαι·
802 1276 895 1380 φημὶ
927 1272 966 1354 δὲ
998 1275 1072 1352 δεῖν
1100 1273 1152 1352 ἐπ’
1184 1275 1298 1351 ε’κεῖνα

101 1399 250 1491 μᾶλλον
267 1397 397 1476 ἐλθεῖν·
427 1395 526 1505 ᾠήθη
544 1396 616 1502 γὰρ
640 1399 730 1482 ἴσως
753 1403 800 1504 τῆ
820 1402 884 1498 τῆς
905 1395 1072 1498 θεότητος
1097 1394 1208 1501 φύσει
1231 1393 1297 1494 τῆν

101 1515 224 1621 σόρκα
241 1519 510 1624 συγκρίνοντος,
529 1523 700 1622 ἀνόνητον
717 1525 845 1628 κομιδῆ
862 1527 1043 1602 ποιεῖσθαι
1064 1519 1132 1621 τὴν
1148 1519 1293 1627 ἀντεξέ-

44 1669 88 1710 10
102 1673 222 1740 τασιν,
251 1642 310 1724 ὅτε
343 1651 560 1728 κεκενῶσθαι
591 1647 745 1749 λέγομεν
775 1643 839 1726 τόν
866 1644 967 1744 Υὶόν,
996 1643 1116 1745 ἐπειδὴ
1139 1644 1296 1747 ,γέγονεν

102 1763 303 1867 ἀνθροπτος
334 1769 406 1874 ἕχει
424 1768 462 1850 δέ
481 1772 549 1876 οὐχ
566 1773 670 1868 οὕτω,
688 1769 820 1867 πόθεν;
846 1773 1016 1850 οἰκετικοῦ
1032 1766 1070 1849 δέ
1089 1767 1219 1872 μέτρον
1236 1770 1324 1848 nata
1346 1783 1413 1840 848
1423 1783 1464 1840 A·

102 1892 370 1994 δονλοπρεποῦς
388 1893 590 2000 ἀξιώματος
607 1892 674 1994 τῆν
692 1893 789 1975 θείαν
808 1891 974 1995 λέγοτσες
991 1891 1113 2000 δόξαν,
1132 1893 1295 1992 ἠλαττοῦ-

101 2013 196 2092 σθαί
217 2019 337 2121 φαμεν
360 2025 424 2096 τοῦ
444 2015 590 2120 Πατρός
614 2018 678 2098 τὸν
695 2015 795 2114 Yam,
814 2013 904 2097 καθὸ
928 2014 1073 2119 γέγονεν
1090 2016 1293 2118 ἅνθρωπος,

102 2136 398 2238 ἀποκαταστῆναι
415 2137 530 2243 γεμὴν
548 2147 595 2226 είς
614 2141 656 2222 τό
675 2137 762 2221 εἶναι
779 2139 893 2222 πόλιν
909 2141 947 2220 έν
965 2139 1036 2248 ’ίσῳ
1058 2145 1109 2246 τῷ
1136 2138 1296 2245 φῦσαντι

46 2285 88 2344 ¹5
101 2257 193 2355 μετὰ
219 2260 286 2361 τὴν
309 2265 468 2346 ἐντεῦθεν
488 2266 700 2367 ἀποδημίαν,
728 2266 771 2346 οῦ
799 2263 923 2363 καινὴν
950 2261 973 2364 ῆ
1002 2265 1190 2364 ἐπίκτητον
1217 2262 1297 2342 οῦδὲ

17 2429 22 2442 ·
102 2381 196 2482 ἀήθη
215 2382 328 2492 δόξαν
345 2389 601 2495 ἠμφιεσμένον,
617 2390 702 2469 ἀλλ’
723 2391 761 2469 έν
778 2389 890 2494 ἐκείνη
911 2383 1087 2490 γεγονότα
1111 2384 1239 2484 πάλιν,
1260 2388 1299 2468 έν

101 2502 194 2610 ᾗπερ
221 2507 266 2609 ἦν
287 2511 326 2590 έν
347 2513 442 2618 ἀρχῆ
468 2510 560 2611 μετά
582 2521 647 2593 τοῦ
666 2513 824 2616 Πατρός.
865 2515 924 2592 καὶ
947 2511 1079 2614 γοῦνό
1105 2511 1298 2594 θεσπέσιος

102 2629 186 2728 ἡμῖν
203 2634 457 2738 μυσταγωγὸς,
476 2638 570 2742 φημὶ
592 2635 630 2716 δὲ
647 2635 711 2716 τὸν
731 2641 893 2734 Παῦλον,
911 2633 978 2734 τῆν
994 2639 1206 2740 πρότουσαν
1224 2641 1298 2718 τοῖς

102 2755 548 2860 ἀνθρώποιςῗταπείνωσιν
577 2759 690 2841 οῦκέτι
716 2763 903 2864 περιτιθεὶς
927 2761 1024 2867 αὐτῷ
1051 2757 1142 2859 μετά
1168 2756 1234 2858 τῆν
1258 2759 1330 2837 έκο

46 2909 89 2950 20
103 2886 235 2982 νεκρῶν
263 2885 464 2978 ἀναβίωσιν
492 2888 551 2965 καὶ
581 2883 647 2986 τὴν
675 2885 804 2965 ἀνοδον
832 2883 898 2984 τῆν
926 2889 974 2967 είς
1006 2882 1185 2985 οῦρανοῦς,
1215 2885 1293 2963 έπε-

100 3002 250 3084 στέλλει
275 3004 393 3107 λέγων
411 3018 432 3056 “
445 3013 490 3086 Ei
514 3006 586 3110 γάρ
611 3010 670 3086 καὶ
693 3007 897 3110 ἐγνώκαμεν
915 3004 1007 3086 κατὰ
1031 3006 1153 3109 σάρκα
1171 3012 1294 3109 Χρισ-
1342 3013 1422 3128 2⁰:2-

102 3135 123 3174 “
141 3125 214 3224 τὸν,
233 3127 334 3207 ἀλλά
360 3139 423 3210 νῦν
441 3129 555 3210 οὐκέτι
580 3129 836 3232 γινοίσκομεν·”
865 3131 946 3231 περὶ
970 3127 1008 3209 δέ
1033 3130 1159 3210 ἑαυτοῦ
1184 3127 1297 3210 πόλιν

100 3260 121 3296 “
141 3255 291 3334 Παῦλος
319 3251 527 3338 ἀπόστολος
555 3255 679 3354 Ἰησοῦ
706 3257 882 3355 Χριστοῦ,
911 3253 974 3332 οὐκ
1007 3252 1068 3332 ἀπ’
1096 3253 1297 3356 ἀνθρώπων
1341 3273 1397 3324 Gal·
1406 3275 1422 3326 i·
1435 3289 1455 3326 τ.

101 3383 122 3422 “
140 3374 219 3455 οὐδέ
247 3377 290 3455 δι’
310 3377 510 3480 ἀνθρώπου,
533 3375 635 3456 ἀλλά
661 3374 720 3455 διὰ
737 3377 862 3476 Ἰησοῦ
886 3376 1081 3480 Χριστοῦ.”
1121 3378 1235 3456 καίτοι
1262 3379 1300 3458 τί

45 3527 87 3587 25
101 3499 232 3600 δήποτε
256 3499 371 3581 πόλιν
388 3499 498 3580 αὐτὸν
512 3499 604 3604 πρὸς
628 3501 721 3601 ἡμᾶς
746 3500 944 3608 ἀφίξεσθαι
969 3498 1087 3600 λέγων
1104 3533 1291 3608 μετασχη·

100 3631 295 3721 ματιοῦντα
312 3633 334 3672 “
346 3622 390 3704 τὸ
408 3629 518 3724 σῶμα
535 3627 599 3724 τῆς
616 3623 863 3709 ταπεινώσεως
887 3624 988 3723 ήμῶν
1006 3623 1227 3732 σύμμορφον
1244 3661 1267 3706 τ
1278 3633 1294 3652 ”
1341 3619 1407 3736 ξ’ξῦ·
1420 3621 1456 3673 ¹³¹·

101 3758 123 3796 ‘⁶
140 3747 284 3847 στόματι
302 3752 366 3848 τῆς
384 3745 493 3856 δόξης
511 3749 649 3846 αι’ποῦ,”
670 3754 733 3828 νῦν
750 3747 947 3855 έξαρνεΐται
971 3745 1091 3849 λέγων
1110 3758 1132 3796 “
1146 3751 1211 3829 οῦκ
1232 3752 1294 3831 ἀπ’

100 3881 121 3919 “
138 3871 446 3980 ἀνθροίπωνξοῦδὲ
465 3873 509 3952 δι’
529 3871 751 3976 ἀνθρώπου,”
764 3872 878 3952 καίτοι
894 3871 1229 3976 προκεχειρισμένος
1246 3879 1324 3959 είςο

99 3993 312 4096 ἀποστολὴν
342 3995 401 4077 διὰ
431 3998 556 4097 Ἰησοῦ
588 4001 780 4099 Χριστοῦ;
821 3994 859 4076 τί
888 3993 926 4075 δὲ
958 3993 1053 4078 ὅλως
1089 3992 1198 4075 αὐτὸν
1230 3997 1294 4076 οῦκ

44 4149 86 4204 30
99 4119 224 4201 εἰδέναι
251 4118 343 4200 κατὰ
370 4119 491 4223 σάρκα
518 4121 634 4226 φησίν
646 4153 657 4217 ;
692 4117 746 4222 ἀρ’
770 4120 843 4215 οῦν,
871 4119 950 4198 είπέ
969 4151 1041 4215 μοι,
1069 4117 1133 4198 τὸν
1160 4118 1293 4223 ἀγορά·
1339 4117 1457 4232 5⁸⁸¹&

98 4277 217 4326 σαντα
244 4241 353 4326 αὐτόν
380 4243 562 4343 δεσπότην
589 4241 797 4346 ἠρνήσατο;
826 4238 877 4341 μὴ
901 4239 1052 4343 γένοιτο,
1072 4250 1201 4348 φρονεῖ
1220 4242 1293 4348 γάρ

133 4407 159 4456 4.
177 4389 256 4444 αὐτόν
268 4389 301 4444 E.
314 4389 390 4446 αι’πδς
403 4385 453 4443 Ed.
578 4383 604 4441 6.
622 4385 733 4456 παρήσω
745 4386 792 4456 μέν
805 4385 837 4441 E.
849 4381 1002 4455 παρήσομεν
1013 4383 1064 4441 Ed.

100 4460 228 4528 κρίνοντος
241 4459 274 4514 E.
384 4475 424 4527 14.
442 4459 650 4527 ἀποκαταστῆναι
664 4458 696 4512 Ε.
708 4457 922 4542 ἀποκαταστῆσαι
935 4455 987 4510 Ed.
1094 4468 1134 4526 ¹7·
1153 4404 1293 4514 thO-'K

103 4531 143 4620 ιφ.
161 4529 221 4598 ἡμῖν
232 4539 399 4616 αεςατιτρταιρ
412 4529 489 4610 τιςΕ.
634 4543 675 4599 25.
695 4547 920 4599 μετασχηροτιονν
933 4526 965 4581 Ε.
1107 4542 1151 4596 31.
1170 4527 1246 4584 αὐτὸν
1259 4527 1291 4584 Ε.

100 4599 266 4736 αιπῆηξδίι.
295 4601 404 4671 φρονειν
417 4598 518 4670 Mlgne.
671 4687 726 4752 μ
