3248 5112
95 326 231 392 νίκαις.
300 329 357 393 IN
388 329 702 397 S.JOANNEM.
748 331 844 396 LIB.
866 331 928 396 IX.
973 329 1131 396 CARI.
1238 324 1303 390 458

94 493 289 578 κοινωνίας
307 495 327 574 ὁ
345 491 458 598 λύγος
483 500 532 580 εὶς
549 493 703 594 τὴντῶν
721 493 937 595 θελημάτων
955 491 1147 594 ὁμοιότητα
1165 489 1304 588 βλέπει,

94 621 177 700 πῶς
195 615 245 697 ἂν
263 617 405 723 ἔχοιμεν
424 617 534 719 αῦτὴν
552 617 644 716 μετὰ
661 627 725 699 τοῦ
746 616 892 722 Πατρῦς
916 621 975 699 καὶ
999 616 1091 718 μετὰ
1114 624 1180 698 τοῦ
1197 620 1302 712 Υῖοῦ,

95 739 216 820 καίτοι
244 743 321 822 κατ’
341 743 493 827 ἐκείνους
518 743 583 822 οῦκ
607 741 722 823 ὄντων
744 743 972 842 ῦμοουσίων;
1015 739 1037 843 ἢ
1065 739 1137 846 γάρ
1165 739 1338 842 ἀνάγκηὶ)

95 864 234 944 λοιπὸν
261 869 319 946 καῖ
347 866 440 967 ἡμᾶς
469 865 515 946 τὰ
544 864 705 969 γέλωτος
734 865 820 974 άξια
851 873 1073 974 φρονοῦντας·
1102 871 1211 946 εἰπεῖν
1239 863 1304 957 ὅτι,

66 988 165 1088 5τὴν
183 989 320 1070 οἰκείαν
338 988 588 1106 διακάιτοντες
606 991 733 1098 φύσιν,
753 988 796 1070 τὸ
814 989 880 1089 μέν
896 990 1011 1090 ἥμισυ
1035 996 1086 1097 τῷ
1107 992 1240 1093 Πατρῖ,
1262 988 1305 1070 τὸ

96 1115 135 1193 δέ
164 1113 292 1218 ἕτερον
316 1116 400 1215 ἡμῖν
425 1117 483 1197 καὶ
511 1121 562 1224 τῷ
586 1120 665 1223 Υὶῴ
693 1113 904 1212 δεδώκαμεν,
934 1115 1026 1194 οὕτω
1054 1148 1093 1195 τε
1120 1117 1158 1194 ἐν
1186 1115 1305 1200 αύτοῖς

96 1233 188 1318 εἶναι
210 1237 398 1338 νοούμεθα·
424 1235 448 1340 ἢ
466 1237 743 1343 παραιτούμενοι
760 1239 827 1338 τὴν
845 1238 1078 1345 άποπληξίαν
1096 1247 1160 1318 τοῦ
1178 1237 1304 1340 λόγου,

96 1359 225 1468 φομέν
243 1360 300 1442 ῦτι
317 1371 395 1449 ταῖς
416 1362 508 1444 κατὰ
533 1361 688 1463 θέλησιν
705 1365 846 1466 ἀρεταῖς
870 1365 929 1443 καὶ
952 1368 998 1468 τῇ
1022 1362 1304 1469 συμμορφίᾳτῇ

96 1485 192 1590 πρὸς
218 1485 264 1567 τῦ
290 1485 385 1567 θεῖόν
400 1521 439 1568 τε
464 1490 523 1567 καὶ
547 1484 751 1594 άπύῤῥητον
769 1486 909 1572 κάλλος
926 1485 1222 1594 καταφοιδρύνειν
1239 1483 1305 1568 τὸν

54 1641 85 1680 ¹0
96 1617 232 1690 οἰκεῖον
249 1609 513 1715 σπουδάζοντες
538 1619 634 1708 νοῦν,
654 1610 721 1712 τὴν
739 1615 804 1712 τῆς
833 1611 1016 1696 κοινωνίας
1040 1613 1175 1695 ἑαυτοῖς
1199 1645 1300 1715 περι-

95 1734 301 1834 ποιούμεθα
322 1734 440 1840 χάριν.
480 1733 537 1839 ἆρ’
555 1737 619 1816 οὖν
637 1738 748 1820 οὕτως
773 1739 921 1839 ἐροῦμεν
939 1733 1110 1840 ὑπάρχειν
1128 1737 1165 1814 ἐν
1184 1736 1333 1838 Πατρῖο

95 1858 161 1938 τὸν
194 1855 300 1950 Υῖὸν,
333 1859 447 1960 ἤγουν
479 1859 649 1964 σχετικὴν
682 1864 740 1940 καὶ
775 1859 1083 1960 ἐπιτετηδευμένην
1120 1858 1304 1939 κοινωνίαν

96 1983 194 2088 ἔχειν
216 1982 310 2086 πρὸς
336 1981 401 2064 τὸν
421 1982 670 2086 γεννήσαντα;
704 1985 818 2065 καίτοι
843 1984 881 2064 τί
903 1985 1035 2084 δήποτε
1060 1981 1119 2062 διὰ
1143 1987 1207 2082 τῆς
1231 1989 1305 2062 τῶν

97 2107 219 2210 ἔργων
240 2107 407 2208 ῖσότητύς
423 2143 461 2189 τε
480 2111 539 2189 καὶ
556 2107 764 2210 ὁμοιότητος
781 2111 1022 2210 ποδηγεῖσθαι
1047 2104 1219 2202 βούλεται
1239 2104 1304 2186 τὸν

58 2253 86 2308 ¹5
97 2233 276 2335 ἡμέτερον
294 2241 379 2313 νοῦν
397 2235 453 2314 ἐπὶ
471 2233 514 2314 τῦ
531 2238 661 2339 χρῆναι
684 2231 866 2314 πιστεύειν
884 2229 1157 2328 ἀνενδοιάστως,
1179 2233 1226 2315 ὡς
1250 2229 1304 2330 ε’ίη

96 2355 168 2454 μέν
186 2356 296 2441 αὐτὸς
313 2359 352 2436 ἐν
371 2360 500 2462 Πατρῖ,
519 2356 591 2464 ἔχει
609 2355 647 2436 δέ
665 2358 711 2436 οῦ
728 2355 843 2439 πάλιν
859 2359 897 2436 ἐν
915 2359 1028 2462 ἑαυτῷ
1046 2353 1110 2435 τὸν
1128 2354 1300 2452 Πατέρα;

97 2477 121 2580 ἢ
140 2479 219 2582 γὰρ
238 2481 317 2586 ούχῖ
334 2488 428 2562 τοῖσι
450 2481 722 2585 προδηλότατον
740 2483 799 2561 καὶ
824 2479 956 2582 ἀληθὲς
982 2477 1144 2584 ὑπάρχον
1162 2480 1301 2582 ὁρᾶται,

98 2604 159 2683 ὅτι
195 2601 264 2703 τὴν
300 2613 373 2685 τῶν
402 2603 518 2708 ἔργων
549 2605 789 2708 λαμπρότητα
824 2604 908 2709 παρ’
943 2605 1044 2704 ἡμῶν
1074 2601 1303 2711 ἐξετάζεσθαι

98 2725 236 2828 θέλων,
253 2733 428 2831 ίσοσθενῆ
447 2731 625 2812 δείκνυσιν
642 2728 768 2811 ἑαυτὸν
785 2734 837 2838 τῷ
860 2729 935 2838 ἰδίω
956 2730 1085 2832 Πατρῖ,
1104 2731 1154 2813 ὡς
1177 2725 1338 2808 ούδέναδ

52 2851 221 2956 Ὀλύγον
246 2855 401 2960 ἐχούσης
427 2855 479 2936 ἐτι
505 2859 569 2955 τῆς
596 2855 672 2934 κατ’
696 2855 825 2934 ούσίαν
852 2856 1024 2952 διακοπῆς
1056 2855 1114 2932 καὶ
1147 2855 1304 2958 φυσικῆς

96 2976 320 3082 ἑτερότητος,
337 2985 367 3059 εί
394 2986 468 3066 τοῖς
496 2979 588 3064 ἴσοις
615 2981 802 3086 ἐπαυχοῖεν
826 2975 1105 3081 κατορθώμασιν
1129 2975 1235 3060 αὐτός
1263 3009 1303 3055 τε

96 3106 159 3184 καὶ
178 3103 202 3182 ὁ
222 3102 363 3208 Πατήρ.

154 3224 297 3308 Ἐννύει
314 3227 387 3331 γάρ
405 3227 502 3313 ὅπως
520 3230 585 3310 ούκ
602 3231 640 3309 ἐν
657 3227 796 3312 τούτοις
814 3231 924 3308 εἰπεῖν
943 3225 1051 3327 ἡμεῖς,
1066 3224 1151 3304 ἀλλ’
1166 3225 1204 3303 ἐν
1220 3222 1295 3303 ἐτέ-

93 3386 175 3456 ροις
200 3354 278 3432 τισὶ
299 3349 366 3452 τὴν
382 3350 474 3455 πρὸς
498 3349 563 3433 τῦν
580 3349 676 3433 Θεὸν
694 3352 932 3456 συμμορφίιιν
952 3347 1215 3449 ἐπιτηδεύοντες
1236 3351 1301 3448 τῆς

50 3497 83 3556 ²5
95 3475 194 3580 πρὸς
217 3473 327 3556 αῦτῦν
344 3477 527 3560 κοινωνίας
554 3475 759 3584 άξιούμεθα.
800 3475 1071 3579 ἐποικτείροντες
1089 3471 1161 3578 γάρ
1184 3470 1301 3574 ἀλλή-

94 3611 200 3698 λους,
215 3601 275 3679 καὶ
292 3605 366 3680 τῶν
383 3603 447 3700 τῆς
464 3598 607 3702 ἀγάπης
623 3599 737 3704 ἔργων
755 3599 870 3707 ἀπρὶξ
885 3596 1087 3707 ἐξημμένοι,
1098 3601 1157 3680 καὶ
1174 3604 1300 3678 πᾶσαν

94 3722 366 3825 ἐπιτηδεύοντες
388 3722 455 3824 τὴν
472 3727 510 3804 ἐν
528 3731 579 3832 τῷ
601 3725 684 3804 καθ’
705 3725 798 3825 ἡμᾶς
822 3725 893 3832 βίιρ
918 3723 1134 3824 σεμνότητα,
1152 3720 1233 3804 τότε
1252 3722 1297 3823 δὴ

93 3848 208 3948 μύλις
227 3847 265 3926 ἐν
284 3849 366 3955 θεῷ
384 3843 471 3928 εἶναι
488 3845 681 3950 λεγόμεθα.
723 3851 782 3928 καὶ
802 3845 938 3952 μάρτυς
956 3849 976 3927 ὅ
994 3846 1161 3948 Ἰωάννης
1179 3847 1299 3948 λέγων

94 3985 115 4022 ‘⁶
132 3976 207 4053 ’Ev
236 3970 350 4080 τούτῳ
377 3971 602 4073 γινώσκομεν
629 3971 684 4052 ὅτι
710 3973 749 4052 ἐν
775 3974 871 4080 αὐτῷ
897 3972 1020 4071 ἐσμέν·
1065 3972 1086 4050 ὁ
1115 3971 1233 4072 λέγων
1260 3971 1328 4048 ἐνο
1343 3969 1466 4100 3⁵3⁰?-

50 4109 115 4168 ³0“
133 4097 238 4203 αύτῷ
256 4095 373 4196 μένειν
390 4095 528 4202 ὀφείλει
548 4094 666 4182 καθώς
690 4097 819 4181 ἐκεῖνος
843 4093 1083 4198 περιεπάτησε
1109 4097 1166 4173 καὶ
1192 4090 1298 4177 αῦτῦς

93 4231 116 4268 “
133 4219 384 4322 περιπατεῖν,”
413 4221 473 4300 καὶ
506 4219 620 4302 πάλιν
652 4230 674 4268 “
692 4221 824 4322 Ὑμεῖς,
862 4221 989 4326 φησὶν,
1027 4215 1048 4298 δ
1084 4214 1145 4300 ἀπ’
1184 4217 1297 4321 ἀρχῆς
1342 4239 1433 4306 1b·²⁴·

132 4507 178 4562 ²3·
197 4489 279 4546 εἰπεῖν
290 4499 318 4544 et
329 4490 357 4546 ἐν
368 4490 413 4547 ολ.
425 4499 564 4562 assumpta
573 4509 607 4547 ex
621 4491 654 4546 E.
786 4503 829 4558 ιγ.
848 4489 986 4558 σεμνότητι
1001 4485 1032 4544 Ε.
1164 4487 1207 4543 28.
1227 4487 1242 4542 ὁ
1254 4503 1297 4544 ιιι-

98 4571 240 4634 sumptum
253 4577 286 4616 ex
299 4559 332 4616 Ε.
