3200 5092
64 309 170 396 αῦτη.
227 314 287 378 IN
321 316 360 382 S.
389 317 681 386 JOANNEM.
729 323 880 386 LIB.V.
926 323 1085 388 CARV.
1241 327 1283 388 49

65 475 113 550 οῦν
128 479 161 553 ἐν
177 476 293 586 τούτῳ
314 491 491 581 νοοῦμεν
509 485 559 567 τὸ
578 489 663 585 μεθ’
685 489 784 586 ἡμῶν
801 491 821 567 ό
841 485 950 584 Θεὸς,
972 491 1050 567 ἀντὶ
1069 496 1133 568 τοῦ
1151 493 1200 572 εἷς
1217 485 1283 586 τὴν

65 598 156 698 αι’σήν
181 601 265 700 ἡμῖν
293 606 441 708 γέγονε
480 609 609 717 φύσιν
637 613 658 692 ὸ
687 613 726 690 ἐκ
756 617 852 690 Θεοῦ
882 617 941 690 καὶ
971 609 1118 713 Πατρὸς
1148 609 1281 713 Λόγος,

66 725 141 801 οὕτω
161 729 315 809 κάνθάδε
343 731 422 831 τὴν
443 733 547 832 ἰ’σην
566 743 642 818 τοῖς
668 732 897 836 θεωρήμασιν
914 735 1112 836 ἀναλογίαν
1130 733 1282 814 ἀποσώ-

67 847 164 946 ζοιτες
181 848 268 931 ὅταν
286 853 388 958 λέγῃ
409 855 597 960 Χριστός
614 857 661 938 ‘0
681 852 840 964 πέμψας
865 893 911 962 με
936 863 1009 963 μετ’
1029 860 1107 962 ἐμοῦ
1131 858 1201 939 ἐστι
1224 869 1283 938 καὶ

46 973 114 1048 5⁵32
139 972 255 1080 ‘'W‘'
278 1013 329 1078 με
361 981 486 1084 μόνον,
518 979 737 1087 ε’κδεξόμεθα
764 988 896 1087 σαφῶς
923 983 1032 1060 έκεῖνο
1060 983 1284 1080 σημαίνοντα

69 1103 240 1194 μυστικῶς,
263 1098 336 1198 ὅτι,
360 1101 550 1204 καθάπερ
578 1105 647 1203 ἤδη
674 1105 903 1206 προείπομεν,
923 1110 970 1187 εἰς
998 1102 1064 1203 τὴν
1090 1103 1200 1203 αὑτήν
1224 1139 1285 1202 μοι

71 1217 166 1320 φύσιν
190 1223 295 1302 ἐστὶν
325 1226 349 1303 ὁ
382 1225 496 1308 Θεὸς
531 1228 590 1305 καὶ
619 1227 757 1328 Πατὴρ,
788 1237 847 1307 καὶ
879 1232 936 1307 οὐκ
964 1226 1084 1335 ἀφῆκέ
1107 1263 1153 1330 με
1180 1228 1283 1332 μίτοι.

72 1345 117 1417 καὶ
144 1343 212 1446 γὰρ
240 1343 288 1445 ἦν
319 1346 456 1432 ὅντως
490 1349 691 1453 ἀμήχανον,
719 1347 769 1448 μὴ
803 1351 883 1455 οὐχὶ
914 1349 1056 1434 πάντως
1089 1349 1181 1455 ἔχειν
1209 1355 1283 1456 μετ’

73 1467 198 1566 ἐμαυτοῦ
214 1467 283 1550 τὸν
302 1472 352 1578 ἐξ
372 1472 425 1550 οῦ
446 1473 669 1574 γεγέννημαι
687 1472 782 1552 Θεὸν
800 1477 859 1552 καὶ
880 1473 1037 1576 Πατέρα.
1296 1503 1313 1547 0

38 1609 64 1648 ¹⁰
119 1593 184 1669 Καὶ
209 1593 305 1680 ἴσως
335 1600 424 1694 ἐρεῖ
454 1629 511 1680 τις
543 1602 602 1675 καὶ
632 1595 839 1698 διερωτήσει
870 1598 1183 1703 φιλομαθέστερον
1211 1596 1284 1676 Διά

73 1715 163 1792 τοίαν
188 1717 312 1797 αίτίαν
343 1717 470 1802 αὐτὸς
503 1717 551 1798 τὸ
582 1717 727 1798 τοιαῦταί
756 1725 874 1826 φησιν
901 1723 922 1800 ὁ
953 1717 1142 1822 Σωτὴρ,ή
1175 1721 1213 1799 τί
1242 1718 1284 1799 τὸ

74 1839 221 1924 τετεικὸς
244 1845 309 1922 ε’·ιτῖ
338 1839 493 1941 ταύτην
513 1840 622 1921 αὐτὸν
640 1843 725 1922 ίέναι
747 1839 814 1940 τὴν
832 1841 1029 1948 ἐξήγησιν;

122 1960 216 2063 Πρὸς
234 1963 282 2065 δὴ
302 1965 360 2044 τὰ
381 1973 541 2044 τοιαῦτα
558 1968 616 2044 καὶ
639 1965 736 2062 ἡμεῖς
761 1963 1079 2067 ἀπολογησόμεθα,
1100 1967 1287 2070 χρησίμως

76 2087 124 2162 καὶ
148 2089 368 2190 ἀναγκαίαις
401 2087 661 2172 ἐπιδεικνύντες
688 2087 796 2168 αὐτὸν
823 2097 895 2174 τοῖς
924 2089 993 2190 ἤδη
1022 2089 1287 2192 προειρημένοις

40 2209 263 2291 ιὅέτσιθέντα
292 2215 366 2292 καὶ
396 2219 522 2290 τοῦτο.
570 2209 689 2310 ἐπειδὴ
714 2209 786 2314 γάρ
811 2211 946 2314 εἴρηκεν
964 2211 1019 2291 ὅτι
1037 2223 1058 2258 “
1072 2212 1189 2296 καθὼς
1213 2211 1282 2292 ε’δί-
1331 2211 1436 2328 ἓξξῐζῧ

77 2341 94 2374 “
109 2335 195 2440 δσξέ
213 2371 262 2434 με
291 2332 484 2436 ὸΠατὴρ
509 2341 623 2413 ταῦτα
648 2337 790 2432 λαλῶ,”
811 2335 1012 2436 ἀναγκαίως
1036 2335 1105 2436 ἤδη
1130 2337 1288 2416 συνόντα

75 2461 179 2537 τεκαὶ
197 2459 417 2558 ὁμοοιίσιαν
436 2459 551 2563 ἑαυτῷ
574 2459 723 2569 δεικνύει
741 2457 805 2538 τὸν
825 2458 982 2561 Πατέρα,
1001 2459 1059 2539 ἵνα
1075 2459 1289 2560 πιστεύηται

76 2579 195 2662 λοιπὸν
213 2583 266 2662 τά
291 2583 438 2662 ἐκείνου
461 2585 589 2658 λαλῶν
607 2582 655 2666 ὡς
674 2581 764 2665 Θεὸς
790 2579 837 2661 τὸ
862 2583 901 2660 ἐκ
919 2587 1025 2678 Θεοῦ,
1044 2585 1103 2662 καὶ
1128 2580 1201 2663 ἀπὸ
1225 2587 1324 2682 τῆςᾶ

76 2709 224 2806 φυσικῆς
255 2714 330 2784 τοῦ
360 2701 609 2806 γεννήσαντος
638 2703 810 2804 ἰδιότητος
838 2707 896 2785 ε’πὶ
923 2705 967 2786 τὸ
992 2705 1109 2808 λέγειν
1133 2704 1179 2786 τά
1204 2711 1287 2786 θεο-

37 2857 66 2896 οο
75 2833 185 2926 πρεπῆ
209 2827 525 2933 παρορμῶμενος,
545 2832 770 2930 καθαπεροῦν
793 2827 840 2907 τά
867 2828 1067 2929 ἀνθρώπων
1087 2828 1192 2910 τέκνα
1220 2829 1290 2929 μα’-

76 2953 178 3048 θησίν
195 2987 289 3032 τινα
314 2949 424 3053 παρὰ
449 2954 513 3049 τῆς
538 2949 684 3055 φύσεως
708 2952 897 3031 ἀδίδακτον
915 2953 1054 3057 ἔχοντα,
1073 2952 1234 3058 καθάπερ
1252 2957 1290 3034 ἐν

77 3081 144 3158 τοῖς
161 3073 345 3178 ἀνωτέρω
369 3071 643 3176 προειρήκαμεν,
660 3071 753 3154 οἶδεν
772 3077 916 3173 ἀληθῶς
940 3073 1072 3175 τὸτῆς
1097 3078 1285 3179 ἀνθρωπό·
1334 3079 1438 3208 ξξξῗζο.

77 3229 177 3296 utros·
215 3199 313 3278 ἴδια.
371 3198 416 3276 οὐ
452 3198 743 3276 σκανδαλιστέον
774 3207 979 3300 τοιγαροῦν,
1015 3199 1102 3278 ὅταν
1133 3233 1168 3278 τι
1200 3201 1291 3306 λέγη

78 3329 201 3416 μαθεῖν
221 3319 333 3425 παρὰ
357 3329 425 3400 τοῦ
450 3318 595 3424 Πατρὸς
620 3322 759 3405 wide·
792 3321 835 3399 οὐ
858 3319 930 3422 γάρ
955 3319 1013 3401 διὸ
1036 3320 1170 3420 ταύτην
1189 3323 1291 3403 ἔσται

40 3443 141 3541 ’ὀπήν
178 3447 305 3524 αἰτίαν
345 3442 508 3524 ε’λάττων
540 3446 658 3542 αὐτοῦ,
691 3446 776 3524 ἀλλ’
811 3443 892 3523 οὐδὲ
928 3443 1087 3550 έκφυλός
1122 3479 1176 3530 τις
1214 3448 1289 3526 κατ’

82 3567 233 3651 ε’κεῦιους
252 3566 505 3668 εὑρεθήσεται·
537 3570 595 3647 καὶ
614 3572 784 3676 λογισμῷ
802 3571 926 3675 τοιῷδε
944 3565 986 3646 τὸ
1004 3573 1158 3671 πρᾶγμα
1176 3604 1288 3649 κατα·

83 3690 330 3794 σκεψοίμεθα.
372 3689 414 3766 οὐ
433 3687 505 3790 γάρ
523 3691 561 3768 ἐν
578 3695 630 3796 τῷ
648 3690 773 3768 εἰδέναι
798 3724 833 3770 τι
859 3689 1021 3794 τνχὸν,ἢ
1048 3689 1097 3790 μὴ
1123 3690 1247 3771 εἰδέναι
1272 3694 1321 3772 όθ

84 3815 144 3908 τῆς
171 3813 309 3896 οὐσίας
338 3811 562 3915 δοκιμάζεται
589 3812 712 3915 λόγος,
733 3815 816 3892 ἀλλ’
837 3817 875 3893 ἐν
892 3819 944 3921 τῷ
968 3816 1006 3894 τί
1028 3815 1183 3894 ἕκαστον
1200 3814 1293 3894 κατὰ

86 3935 198 4038 φίσιν
238 3936 362 4015 ἐστίν·
410 3933 486 4014 οἷον
525 3937 610 4043 φέρε
652 3941 759 4016 εἰπεῖν
797 3941 947 4020 Παῦλος
990 3938 1192 4017 ὑποκείσθω
1234 3941 1292 4016 καὶ

43 4057 305 4161 ”membr
360 4061 420 4138 καὶ
460 4061 481 4138 ὁ
522 4057 587 4158 μὲν
616 4065 766 4145 Παῦλος
807 4059 899 4140 ’ίστω
940 4063 998 4140 καὶ
1038 4059 1293 4140 πεπαιδεύσθω

87 4183 228 4268 τελείως
246 4182 295 4262 τὸ
313 4183 372 4262 ἐπὶ
392 4185 546 4290 Χριστῷ
568 4181 781 4285 μυστήριον·
811 4180 967 4264 ἔλαττον
986 4181 1029 4261 δέ
1049 4216 1126 4265 πως
1152 4179 1175 4279 ἢ
1202 4182 1292 4262 κατὰ

119 4419 145 4458 τ.
162 4403 320 4458 aiom-⁸.
477 4421 504 4468 4.
522 4411 736 4474 mmumptum
749 4421 781 4458 ex
794 4420 819 4457 ιι.
980 4420 1021 4458 11.
1039 4402 1116 4458 αὐτὸς
1143 4401 1246 4460 όαῦτὸς
1258 4401 1292 4458 Β.

91 4473 128 4528 ιδ.
145 4475 175 4528 ίκ
187 4491 247 4528 om.
260 4491 287 4528 ι.
471 4487 514 4527 20.
533 4473 692 4545 καθαπιροῦν
705 4473 738 4528 Β.
752 4473 865 4544 καθάπερ
879 4473 970 4529 Holst.
984 4473 1035 4528 Ed.
1100 4399 1145 4544 τό]
1162 4479 1191 4537 ÷
1205 4477 1257 4528 τῶν
1268 4489 1292 4526 ι.

88 4559 128 4598 τι.
144 4543 337 4600 ἀποδίδωσι
349 4561 374 4600 ι.
389 4541 451 4598 0⁸2.
466 4541 545 4598 Harl.
652 4545 694 4598 τό.
712 4544 944 4615 παρασκεψώμεθα
957 4543 1059 4615 Migne.

127 4645 198 4692 vot..
214 4647 256 4693 11.
675 4645 698 4688 Η
