3082 5112
60 259 207 340 xiim
301 261 364 326 IN
398 263 431 327 S.
457 261 714 327 JOANNEM.
760 261 855 328 LIB.
880 259 940 327 IX.
1157 258 1221 322 867

58 425 186 568 Χριρτοῦ,
203 423 299 504 κατὰ
320 426 396 526 τὴν
415 428 526 507 αι’που
509 425 670 532 φωνήν
690 437 712 472 “
726 425 906 523 Τεθέαμαι
930 423 1002 526 γὰρ
1027 421 1092 522 τὴν
1111 419 1223 528 δόξαν
1268 429 1352 557 ἰθιιιιίη

17 592 20 623 ι
57 546 172 644 σῦτοῦ,
190 553 299 654 φησί,
319 550 482 658 δόξαν“
460 585 509 634 ως
529 555 761 650 Μονογενοῦς
784 583 884 652 παρα
868 545 1061 652 Πατρός,
1079 545 1224 650 πλήρης

16 667 194 772 ,“ρι’ριςος
230 677 293 752 καὶ
334 673 547 774 ἀληθείαςΪ
595 675 636 752 οὐ
668 672 741 774 γὰρ
773 673 819 773 δὴ
850 680 925 757 τοῖς
956 679 1022 752 τοῦ
1054 669 1225 767 σώματος

56 793 216 896 ἰῦθολμοῐς
251 797 471 901 ε’παθρήσαι
507 832 562 882 τις
598 796 643 878 οἰν
676 797 742 897 τὴν
778 797 848 904 ὅλη
886 795 1002 877 κτίσει
1037 800 1226 878 παντελῶς

14 917 163 1055 ηῑθῦιτον
178 919 314 1024 φύσιν.
362 923 405 1002 ού
423 920 495 1026 γὰρ
514 921 685 1078 “ἑώρακέ
699 955 753 1006 τις
771 920 835 1001 τὸν
855 919 1035 1024 Πατέρα,”
1050 917 1142 1001 κατὰ
1160 917 1226 1019 τὴν

14 1098 16 1211 η
14 988 260 1145 βἰὗῖντῆρσς
279 1045 497 1151 φωνὴν,“’
468 1081 498 1126 ει
515 1045 565 1145 μὴ
584 1046 604 1124 ό
622 1043 671 1125 ὢν
689 1043 790 1147 παρὰ
806 1079 870 1125 τον
853 1044 1017 1126 Θεοῦ·”
1039 1043 1260 1124 τουτέστινί)

56 1165 210 1249 istie-‘⁴
229 1169 348 1253 οὗτος
376 1169 511 1272 ειόρακε
538 1169 601 1250 τὸν
621 1167 802 1273 Πατέρα.”
840 1175 914 1255 τοῖς
941 1203 1056 1272 γεμην
1082 1170 1228 1267 κηλῖδος

55 1291 284 1392 τῦκοσμικῆς
321 1296 385 1372 καὶ
410 1294 604 1399 φροντίδος
632 1292 773 1390 εἰκαίας,
802 1297 865 1392 τῆς
893 1295 931 1372 ἐν
958 1295 1049 1399 τῷδε
1079 1297 1131 1399 τῷ
1158 1291 1228 1397 βίῳ

14 1443 16 1499 ι
57 1412 198 1511 ῦηρῖ,τόν
221 1424 318 1496 νοῦν
344 1416 491 1520 ἔχουσιν
513 1415 809 1518 ἀπηλλαγμείιον,
828 1413 887 1494 διὰ
912 1419 1047 1514 λεπτῆς
1073 1415 1143 1518 ἄρα
1170 1417 1229 1495 καὶ

14 1553 16 1634 ξ
34 1533 117 1638 Εἰσιήιι
135 1543 194 1636 τῆς
220 1541 322 1642 ὑπὲρ
347 1547 432 1620 νοῦν
450 1541 598 1640 θεωρίας
619 1538 686 1639 τὴν
704 1539 834 1619 οἰκείαν
852 1537 965 1646 δόξαν
982 1538 1229 1620 ἀποκαλύπτει

14 1691 15 1734 1
57 1659 188 1759 δραι-τός,
216 1661 367 1748 δεικνύς
398 1665 438 1743 έν
467 1665 557 1768 αὐτῇ
589 1667 647 1744 καί
676 1662 743 1762 τὴν
770 1672 834 1743 τοῦ
863 1661 1021 1766 Πατρός.
1068 1662 1128 1744 διδ
1156 1661 1229 1768 γὰρ

57 1789 128 1862 τοῦτο
143 1785 312 1893 ἔφασκεν
331 1798 355 1835 “
367 1789 417 1868 Ὁ
435 1787 599 1890 ἑωρακὼς
617 1785 677 1886 έμέ
696 1786 828 1892 ἑώρακε
849 1785 913 1866 τὸν
933 1786 1114 1891 Πατέρα.”

1272 911 1354 988 Βρριιι

1271 975 1306 1026 τί.
1317 973 1359 1039 46.

1274 1783 1346 1862 Ῑιρίτιι

1273 1865 1325 1900 nv.
1334 1864 1358 1915 9.

14 2119 16 2221 η
58 2053 138 2134 δι’ςοι
162 2058 220 2128 οὖν
249 2063 293 2130 τὸ
321 2061 454 2143 ψωμίον
482 2063 614 2132 δίδωσιν
633 2063 743 2156 Ἰούδᾳ
769 2063 920 2141 Σίμωνος
942 2063 1148 2155 Ἰσκαριώτης,
1174 2063 1278 2140 κοίτη

1240 2166 1258 2208 ο

14 2256 50 2402 ἰ

15 2430 16 2464 ,
33 2354 453 2462 ΙΞἸὶνιιργέατατον
407 2395 475 2460 μεν
503 2367 577 2445 τοῖς
604 2361 731 2442 εαυτοῦ
759 2360 1001 2462 μαθηταῖς
965 2395 1007 2442 το
1037 2370 1102 2442 τοῦ
1131 2395 1225 2466 προ·

14 2465 16 2521 β
14 2476 178 2665 ῦίθόνιος
204 2492 366 2585 σημεῖον
390 2484 562 2592 ἔδειξεν
546 2520 567 2564 ο
593 2483 734 2588 Σωτήρ.
773 2479 986 2636 βιίῦιιις
942 2519 1014 2589 γαρ
1040 2486 1227 2568 ἐπιδέδωκε

14 2581 294 2752 β·ῦνμίιι,
252 2643 322 2688 τον
343 2606 573 2688 ἐσθίοντα
536 2643 601 2690 πον
620 2607 732 2712 ἄρτον
750 2611 859 2690 αι’ποῦ
884 2605 944 2689 δια
967 2607 1095 2692 τούτου
1120 2617 1222 2692 καθι·

57 2725 120 2810 σῦς
134 2731 293 2836 ἐμφανῆ,
312 2734 372 2812 καὶ
390 2730 454 2811 τὸν
472 2731 626 2836 ἐπαίρειν
642 2730 886 2832 μέλλοντα
845 2767 912 2833 την
929 2733 1085 2838 πτέρναν
1102 2736 1224 2818 αὑτοῦ.

56 2845 98 2926 &v
119 2855 229 2956 γεμὴν
259 2859 324 2956 τῆς
357 2860 406 2940 εἰς
433 2853 597 2960 Χριστὸν
624 2858 840 2952 δυσσεβείας
866 2859 991 2938 τεκαὶ
1021 2860 1228 2964 μιαιφονίας

33 2967 180 3072 ιίρςριόνα
204 2983 269 3060 καὶ
292 2977 481 3083 πρύτανιν,
511 2983 667 3084 καὶτῶν
694 2980 792 3061 ὅλων
819 2980 1119 3082 κατασκευασπὴν
1146 2987 1224 3060 εἰσ-

56 3103 269 3202 ῖοηδηκέναι
287 3103 405 3208 φησὶν
423 3105 444 3182 ὁ
465 3103 683 3209 σοφώτατος
702 3103 979 3208 Εὐογγελιστὴς
1005 3110 1054 3189 εἰς
1078 3101 1145 3204 τὴν
1163 3113 1263 3186 τοῦδ

55 3225 205 3322 τροδότον
232 3227 394 3330 καρδίαν,
412 3230 470 3308 καὶ
496 3226 584 3308 ὅλον
605 3230 643 3308 ἐν
668 3229 765 3336 αὐτῷ
790 3229 959 3330 γενέσθαι
982 3227 1047 3311 τὸν
1065 3235 1229 3310 σατανῦν

56 3345 122 3436 λοῦ
144 3349 212 3450 τὴν
237 3352 403 3432 ἐπίδοσιν
429 3359 494 3432 τοῦ
519 3353 679 3455 ψωμίον.
720 3354 780 3432 καὶ
806 3351 912 3454 μήτις
939 3352 1070 3434 οἰέσθω
1097 3350 1225 3452 πόλιν,

56 3479 102 3550 τοῦ
122 3475 284 3581 δεδέχθαι
308 3473 373 3554 τὸν
394 3481 557 3556 σατανᾶν
576 3475 613 3558 τί
636 3469 776 3583 φαμίον
793 3482 846 3585 τῷ
873 3475 1032 3584 προδότῃ
1059 3477 1229 3581 γενέσθαι

27 3601 232 3694 mamm
272 3599 315 3680 ού
333 3597 407 3703 γὰρ
426 3604 474 3684 εἰς
492 3607 669 3681 τοσοῦτον
687 3599 920 3708 ἀποπληξίας
937 3601 1138 3708 ἥξομεν’
1087 3637 1228 3707 μετρον,

55 3717 121 3798 ἄλλ’
138 3719 284 3803 οὐδὲ
240 3757 306 3824 της
327 3723 600 3824 καθηκούσης
576 3757 699 3846 ερημοι
715 3723 904 3873 γεγονότες
922 3724 1067 3832 φρενὸς,
1088 3725 1231 3806 εἰσόδου

56 3841 222 3950 τρόφοσιν
239 3846 487 3928 δεδόσθαι
435 3882 488 3956 τερ
512 3852 660 3955 πονηρῷ
685 3844 752 3946 τὴν
774 3849 984 3951 εὐλογίαν
966 3847 1228 3948 νιτονοήσομεν,

55 3965 143 4050 έκεῖνο
168 3969 208 4052 δὲ
238 3973 432 4070 μᾶλλον’
413 3979 560 4076 εροῦμεν
587 3971 652 4052 οὐκ
683 3970 830 4078 ἔξω
787 4005 851 4072 της
882 3968 1118 4072 ἀληθείας
1083 4005 1147 4052 τον
1175 3971 1229 4052 ἐπ

56 4091 131 4200 ιῦιῷ
155 4093 394 4181 καθιστάντες
421 4093 535 4199 λόγον
557 4093 706 4195 Ἐπειδὴ
734 4093 806 4200 γὰρ
834 4094 981 4196 ἁπάσης
1008 4089 1151 4198 ἀγάπης
1182 4099 1232 4180 εἰς

146 2189 228 2262 μετὰ
256 2187 301 2256 τὸ
328 2187 461 2267 ψωμίον
487 2186 636 2256 εἰσῆλθεν
662 2187 710 2255 εἰς
735 2185 861 2256 ἐκεῖνον
888 2191 908 2257 ὁ
935 2195 1090 2259 οατονᾱο.

84 4295 117 4348 ¹9
132 4281 434 4352 numptumexss.
524 4297 566 4339 20.
584 4279 667 4354 ὅλον]
683 4287 712 4346 4
728 4303 811 4336 κακον
823 4280 927 4406 Μιφιιο
1019 4295 1062 4335 22.
1080 4301 1095 4335 κ
1129 4280 1185 4338 διας
1198 4280 1231 4337 E.

57 4351 177 4408 moin
231 4368 276 4419 24.
294 4351 441 4408 maran.
488 4353 652 4479 Εἰκροδόςη
663 4353 786 4424 γενέσθαι
796 4374 866 4422 παρα
876 4373 932 4408 ιον
942 4349 995 4406 hoc
1007 4349 1101 4408 ordme
1139 4351 1234 4408 .(ἰοιι.

58 4421 478 4550 mnpubwvrjnpoflm
645 4437 689 4496 τε.
706 4374 924 4496 παροπληξρῦαις.
938 4421 1020 4480 Cord-
1129 4435 1173 4496 27.
1192 4423 1232 4480 δί·
