3118 5132
325 334 389 400 388
628 337 667 404 Β.
689 335 898 403 OYRILLI
929 335 1220 403 ALEXANDR.
1389 337 1458 402 xiii.
1476 351 1550 424 35.

386 505 459 580 Καὶ
491 500 562 600 μὴν
594 503 771 606 ὀρθότατά
809 537 851 604 γε
887 501 916 582 ὦ
947 511 1023 601 τοῖν,
1057 505 1202 606 ἐροῦμεν
1231 502 1339 601 ἡμεῖς,
1371 499 1435 582 τὸν
1470 503 1550 582 ἐπὶ

328 622 464 708 τούτοις
482 624 617 705 ἐποίσω
635 625 760 728 λόγον.
800 625 936 728 καρπὸς
952 625 1024 728 γὰρ
1042 627 1167 710 ούσίας
1188 629 1252 724 τῆς
1276 622 1460 719 ἀνωτάτω,
1487 624 1550 705 τὰ

327 746 423 832 ἰδίως
452 782 490 828 τε
520 751 578 828 καὶ
608 751 734 852 κυρίως
762 747 1048 856 προσπεφυκότα
1076 749 1177 854 αύιῇ.
1225 749 1311 828 ἀλλ’
1340 748 1420 827 ἐστι
1448 782 1550 834 πως

328 869 559 974 δοκιμάζοντα
576 875 738 970 κατιδεῖν,
757 871 812 953 ὅτι
833 879 907 954 πᾶν
926 870 1017 957 εἶδος
1041 875 1167 976 ἀρετῆς
1190 875 1254 970 τῆς
1278 871 1422 973 ἀγάπης
1447 873 1550 950 ἐστὶ

327 992 641 1096 συμπληρωτικὸν,
660 997 717 1074 καὶ
736 1003 819 1094 πᾶν,
838 994 926 1098 θπερ
944 992 988 1074 ἀν
1007 997 1126 1095 δοκοίη
1144 1029 1197 1080 τις
1219 991 1306 1074 εἶναι
1325 996 1545 1097 κατορθού-

324 1151 433 1214 μενον
460 1116 610 1219 ἀγαθδν,
641 1125 688 1203 εἷς
716 1117 826 1218 αὐτὴν
854 1121 921 1226 ὁρᾷ
947 1153 1024 1202 πως
1051 1121 1110 1198 καὶ
1136 1118 1340 1221 τέτραπται.
1381 1116 1440 1196 διά
1475 1153 1548 1198 τοι

325 1249 432 1321 τοῦτο
451 1243 662 1346 προῦχουσα
678 1241 743 1341 μέν
761 1239 887 1340 ἐντολὴ
913 1244 971 1322 καὶ
995 1241 1120 1344 προίτη
1144 1240 1235 1321 κατά
1253 1241 1316 1320 τὸν
1334 1239 1462 1341 νόμον,
1490 1241 1545 1322 τὸ

326 1366 472 1466 ἀγαπᾶν
495 1368 574 1446 ἐστι
600 1365 734 1468 Κύριον
762 1364 825 1445 τὸν
847 1365 943 1445 Θεὸν
969 1365 1014 1472 ἐξ
1040 1364 1127 1464 ὅλης
1155 1369 1218 1464 τῆς
1247 1369 1368 1470 ψυχῆς
1395 1367 1457 1444 καὶ
1492 1367 1548 1473 ἐξ

326 1484 415 1586 ὅλης
433 1491 495 1586 τῆς
520 1487 665 1591 καρδίας
687 1491 745 1568 καὶ
769 1488 813 1594 ἐξ
836 1487 923 1588 ὅλης
947 1491 1010 1587 τῆς
1035 1486 1201 1572 διανοίας·
1234 1487 1377 1590 δευτέρα
1402 1486 1439 1568 δέ
1469 1493 1544 1568 καὶ

325 1609 466 1716 ἀδελφὴ
489 1613 546 1690 καὶ
572 1612 699 1712 γείτων
717 1613 828 1715 ἐκείνη
853 1611 875 1710 ἡ
901 1616 950 1694 είς
973 1609 1037 1690 τὸν
1053 1613 1214 1711 πλησίον
1232 1610 1356 1712 ἀγάπη
1374 1610 1542 1709 σύμπαν

324 1730 460 1836 ἔχουσα
491 1742 555 1812 τοῦ
588 1730 697 1832 νύμου
720 1731 772 1818 ,τὸ
807 1731 1000 1836 πλήρωμα.
1056 1736 1114 1813 καὶ
1148 1742 1238 1834 γοῦν
1274 1736 1294 1813 ὁ
1332 1733 1541 1820 θεσπέσιος

326 1859 485 1954 Παῦλος,
503 1861 551 1940 εἷς
575 1865 681 1936 τοῦτο
705 1857 1082 1963 συγκεφαλαιούμενος
1107 1855 1255 1936 ἅπασαν
1277 1855 1426 1956 ἐντολὴν
1442 1859 1533 1937 ἐπι-

156 1969 245 2100 {3³¹3
324 1975 475 2058 στέλλει
494 1989 516 2026 “
530 1977 585 2060 Τὸ
612 1978 685 2083 γάρ
712 1981 754 2060 ού
781 1979 1059 2085 μοιχεύσεις,ού
1087 1978 1283 2087 φονεύσεις,
1309 1980 1372 2059 οῦκ
1399 1982 1532 2082 ἐπιορ-

159 2115 196 2148 ¹⁰·
325 2113 346 2149 “
365 2099 496 2203 κήσεις,
520 2106 578 2183 καὶ
604 2103 637 2182 εί
660 2137 713 2188 τις
737 2103 839 2208 ἑτέρα
863 2106 962 2183 ἐστὶν
983 2101 1121 2202 ἐντολὴ,
1140 2104 1178 2182 ἐν
1202 2100 1316 2210 τούτῳ
1343 2108 1394 2210 τῷ
1421 2101 1537 2210 λόγῳ

324 2236 345 2272 “
365 2229 698 2332 ἀνακεφαλαιοῦται,
726 2229 764 2306 ἐν
790 2232 842 2333 τῷ
869 2223 1069 2329 ἀγαπήσεις
1096 2224 1160 2305 τὸν
1186 2227 1346 2325 πλησίον
1372 2259 1443 2306 σου
1479 2230 1535 2312 ὡς

294 2359 346 2412 0“
365 2348 502 2429 ἑαυτόν·
536 2351 717 2452 πλήρωμα
736 2351 798 2430 οὖν
817 2349 926 2449 νόμου
944 2350 967 2450 ἡ
986 2347 1141 2450 ἀγάπη.”
1171 2348 1226 2428 ὅτι
1244 2347 1282 2429 δέ
1301 2351 1358 2429 καὶ
1377 2348 1533 2449 ἀπάσης

323 2475 449 2572 ἀρετῆς
478 2471 572 2552 ἰδέαν
599 2472 686 2553 ε’ίσω
714 2481 786 2554 τῶν
810 2472 946 2553 οἰκείων
971 2473 1064 2575 ὅρων
1088 2470 1293 2574 ἐποιήσατο,
1315 2469 1457 2576 συνέχει
1489 2471 1533 2552 δέ

322 2591 448 2698 ἀίσπερ
476 2595 651 2698 ἀγκύλαις
678 2599 816 2676 ἑλοῦσα
843 2595 889 2676 τά
916 2595 1045 2698 ἀγαθά,
1064 2601 1213 2681 Παῦλος
1237 2593 1350 2676 πάλιν
1370 2594 1480 2680 αὐτὸς
1509 2599 1531 2674 ὁ

323 2719 537 2826 σοφώτατος
555 2719 831 2823 ἐπιμαρτυρήσει
849 2726 948 2814 βοοῖν
962 2722 1043 2799 “Ἡ
1059 2719 1183 2823 ἀγάπη
1202 2721 1243 2800 ού
1261 2718 1529 2824 περπερεύεται,

323 2854 344 2890 “
361 2845 402 2922 ού
427 2852 629 2951 φυσιοῦται,
648 2844 713 2922 ούκ
737 2845 945 2948 ἀσχημονεῖ,
964 2844 1005 2922 ού
1030 2843 1128 2946 ζητεῖ
1148 2843 1194 2922 τά
1219 2841 1376 2941 ἐαυτῆς,”
1396 2847 1455 2922 καὶ
1479 2841 1549 2922 τάν

321 2965 458 3051 τούτοις
476 2968 695 3068 συνημμένα·
713 2965 852 3070 μακρὸν
866 2965 938 3069 γάρ
954 2972 1061 3046 εἰπεῖν
1079 2971 1142 3065 τῆς
1161 2963 1303 3069 ἀγάπης
1322 2965 1364 3046 τὸ
1382 2965 1527 3068 μέτρον.

321 3089 446 3175 ἄλλως
469 3089 511 3169 τέ
534 3099 627 3198 φημι
655 3089 700 3189 δὴ
725 3088 890 3189 μάλιστα
913 3087 1058 3192 πρέπειν
1078 3123 1117 3169 τε
1140 3094 1198 3170 καὶ
1220 3089 1426 3195 ἐνυπάρχειν
1451 3097 1529 3172 τοῖς

323 3215 468 3314 ἀγαπᾶν
486 3213 676 3312 ἑλομένοις,
695 3213 749 3293 ὅτι
768 3219 933 3315 Χριστοῦ
951 3211 1122 3314 γεγόνασι
1140 3216 1296 3313 μαθηταὶ
1314 3221 1387 3296 τοῖς
1410 3213 1529 3292 ἀπαν-

156 3361 219 3417 '15³
229 3359 268 3416 A.
295 3335 458 3440 οταχόσε
477 3335 722 3439 γνωρίζεσθαι,
741 3335 783 3416 τὸ
804 3341 856 3446 τῷ
879 3335 1051 3442 στεφάνιρ
1075 3334 1306 3438 τῆςάγάπης
1325 3333 1525 3434 ἐπισεμνύ-

323 3465 459 3558 νεσθαι,
484 3464 541 3540 καὶ
570 3459 731 3564 καθάπερ
757 3493 792 3539 τι
819 3459 1030 3561 σήμαντρον
1054 3457 1287 3564 ἐπιφέρεσθαι
1316 3467 1379 3538 τοῦ
1405 3455 1548 3562 πράγ-ι

321 3615 433 3678 ματος
461 3581 528 3683 τὴν
553 3585 813 3688 φιλαλληλίαν·
847 3591 911 3662 τοῦ
940 3580 978 3661 δέ
1006 3580 1050 3682 δὴ
1078 3580 1193 3686 χάριν,
1214 3585 1272 3662 καὶ
1300 3581 1406 3661 τοῦτό
1430 3590 1526 3686 φημι

322 3702 380 3783 διὰ
400 3704 574 3810 βραχέων.
613 3701 682 3809 ἀρα
707 3705 778 3808 γάρ
803 3707 836 3785 εἴ
858 3739 911 3789 τις
933 3710 1006 3784 τῶν
1024 3707 1106 3786 καθ’
1125 3705 1217 3804 ἡμᾶς
1239 3702 1521 3810 χαλκουργικὴν,

322 3827 434 3930 ἤγουν
450 3829 516 3930 τὴν
535 3829 693 3936 ῦφάντου
711 3829 812 3934 μετίη
830 3828 969 3932 τέχνην,
987 3829 1051 3907 ούκ
1070 3825 1114 3906 ἀν
1133 3830 1260 3936 ὁρῷτο,
1280 3831 1339 3908 καὶ
1360 3827 1525 3927 μάλιστα

324 3959 465 4058 σαφῶς,
487 3956 535 4038 ὡς
559 3950 790 4056 χαλκοτύπον
815 3948 919 4046 τινὸς,
946 3949 970 4050 ἢ
1000 3948 1159 4057 ὑφάνταυ
1186 3947 1312 4052 γέγονε
1339 3948 1522 4050 μαθητήςς

324 4077 362 4155 τί
379 4074 415 4155 δέ
433 4077 454 4154 ὃ
473 4078 671 4174 τεκτονικῆς
688 4074 867 4176 ἐμπειρίας
887 4073 950 4151 ούκ
968 4075 1151 4174 ἀμοιρῶν,
1183 4073 1247 4152 οῦκ
1266 4069 1337 4176 ἀρα
1358 4071 1546 4172 βοήσειενε

324 4199 369 4280 ἂν
387 4196 444 4279 διά
462 4205 567 4278 τοῦτο
586 4195 760 4277 δύνασθαι
778 4201 975 4300 κατορθοῦν
994 4194 1040 4275 τὰ
1062 4198 1100 4275 ἐν
1118 4201 1163 4301 τῇ
1189 4194 1295 4302 τέχνη
1321 4201 1450 4290 καλῶς,
1469 4191 1522 4271 ὅτι

160 1353 279 1432 8,.Ματο.
292 1363 314 1427 d

159 1436 203 1469 xn.
218 1435 258 1482 30.

361 4431 385 4488 7,
403 4415 509 4484 ἐντολὴν
521 4415 554 4470 Ε.
697 4431 725 4484 9.
745 4414 769 4467 Α
782 4416 827 4482 τῆς
839 4412 873 4467 ad
885 4415 929 4482 τῆς
942 4415 1057 4468 transilit
1070 4415 1102 4468 E.
1157 4413 1282 4486 διανοίας]
1301 4422 1325 4476 ÷
1344 4435 1394 4468 σου
1408 4413 1440 4468 E.
1492 4409 1519 4462 δέ

281 4541 286 4550 ,
324 4496 492 4556 assumptum
506 4505 538 4540 ex
550 4485 582 4540 E.
717 4501 759 4540 ις.
778 4487 854 4538 τοῦτο
868 4485 900 4539 Ε.
913 4482 1007 4553 ταύτην
1020 4483 1070 4538 Ed.
1198 4485 1239 4540 26.
1257 4485 1325 4556 φηρὶ
1339 4483 1372 4538 Ε.
1385 4485 1448 4553 μηρὶ
1460 4477 1519 4548 (sic)

325 4557 376 4612 Ed.
389 4578 431 4629 γρ.
445 4555 550 4626 μηνύσω
564 4553 615 4610 Ed.
628 4573 684 4627 mg.
1326 4575 1329 4588 ·
