3142 5118
372 340 438 404 212
676 337 717 404 B.
740 335 953 402 OYBILLI
982 333 1273 402 ALEXANDR.

373 499 583 610 κατάληψιν
618 505 677 583 καὶ
714 503 777 583 οὐκ
820 500 927 586 ὄντας
965 501 1100 609 ἀξίους,
1136 505 1184 586 ὡς
1222 497 1320 606 τάχα
1360 533 1413 583 τις
1451 497 1493 576 αὐ

373 627 550 733 ὠφελεάις
576 625 768 733 ἐλλάμψοι
795 625 940 730 τρόπος.
979 623 1106 706 ἑαυτὸν
1129 625 1172 706 δέ
1195 635 1312 732 φησιν
1333 625 1485 725 ἐναργῶς

374 751 553 856 προβάτων
571 748 659 832 εἶναι
685 749 750 850 τὴν
768 749 877 859 θίριιν,
894 757 1048 854 πρᾶγμα
1067 749 1249 831 διδάσκων
1268 745 1494 850 ὁμολογοίμε.

345 873 487 974 θμόνης
505 872 577 978 γὰρ
596 873 654 954 διὰ
677 875 834 959 πίστεως
858 878 922 972 τῆς
946 879 994 958 είς
1019 872 1138 972 αὐτὸν,
1157 878 1206 958 εἶς’
1224 869 1420 972 οἰκειότητα
1438 871 1494 969 τὴν

374 994 464 1100 πρὸς
483 995 579 1078 Θεὸν
597 997 861 1096 εἶσελαιίνομεν,
881 1001 939 1078 καὶ
957 997 1094 1102 μάρτυς
1112 997 1219 1082 αὐτὸς
1236 999 1294 1077 ἐπὶ
1316 993 1429 1103 τούτῳ
1452 993 1494 1072 λέ

225 1173 231 1186 ·
289 1211 295 1224 .
374 1131 397 1168 “
416 1123 544 1205 Οὐδεὶς
562 1121 700 1228 ἔρχεται
718 1120 810 1225 πρὸς
825 1121 890 1202 τόν
910 1121 1066 1226 Πατέρα,
1081 1129 1110 1202 εἰ
1129 1120 1179 1222 μὴ
1198 1122 1241 1200 δι’
1261 1122 1381 1220 ε’μοῦ.”
1410 1117 1492 1219 ἢτο

372 1243 535 1327 τοιοῦτόν
563 1281 597 1328 τι
625 1248 811 1347 σημαίνειν
837 1245 1008 1341 βούλεται
1035 1245 1070 1349 ἢ,
1099 1246 1188 1349 ὅπερ
1215 1250 1293 1327 ἐστὶ
1323 1251 1396 1328 τοῖς
1422 1277 1492 1346 προ

373 1371 490 1468 μένοις
510 1369 717 1475 θεωρήμασι
734 1372 1040 1474 πρεπωδεστερον,
1060 1369 1305 1452 άπολευκαίνει
1324 1368 1435 1449 πάλιν
1453 1371 1494 1450 ὡς

372 1497 483 1576 αὐτοῦ
514 1496 606 1600 πρὸς
637 1496 829 1598 ἡγεμονίαν
861 1497 920 1576 καὶ
958 1493 1001 1576 τὸ
1037 1501 1276 1598 καθηγεῖσθαι
1309 1501 1382 1574 τῶν
1413 1504 1494 1594 λογι

372 1622 546 1720 ποιμνίων
582 1619 771 1726 ἐρχόμεθα,
805 1619 897 1700 κατὰ
932 1619 974 1700 τὸ
1010 1619 1194 1725 εἰρημένον
1229 1618 1288 1701 διὰ
1319 1627 1384 1700 τοῦ
1417 1623 1494 1698 slat*

206 1755 328 1824 ΗΘΜ-ιι
374 1755 397 1792 “
414 1745 473 1824 Οὐ
490 1742 562 1848 γάρ
579 1746 694 1852 ἑαυτῷ
710 1778 765 1828 τις
783 1741 963 1843 λαμβάνει
980 1744 1047 1845 τὴν
1065 1744 1182 1844 τιμὴν,
1199 1743 1286 1824 ἀλλ’
1307 1746 1327 1824 ὁ
1352 1741 1493 1840 καλοιίμ

373 1878 396 1916 “
413 1867 482 1948 ὑπὸ
500 1877 565 1949 τοῦ
583 1869 711 1950 θεοῦ.”
741 1871 799 1948 καὶ
817 1877 906 1980 γοῦν
923 1871 1036 1954 οὐδεὶς
1053 1867 1178 1950 ἑαυτὸν
1195 1869 1349 1976 ἀνέδειξε
1367 1873 1439 1947 τῶν
1458 1869 1494 1968 ἁ]

205 2016 324 2072 64οι
342 1999 581 2101 ιπροφητῶν,
600 1995 685 2072 ἀλλ’
705 1992 786 2073 οὐδὲ
806 1994 826 2072 ὁ
848 1993 1018 2098 λαμπρὸς
1041 1997 1101 2074 καὶ
1126 1993 1237 2097 μέγας
1259 1999 1333 2073 τῶν
1350 1991 1493 2074 ἀποστό

371 2114 479 2222 χορός
501 2115 627 2198 ἑαυτὸν
643 2123 692 2201 είς
715 2124 822 2197 τοῦτο
848 2115 1030 2217 κεκληκὼς
1056 2117 1250 2198 ἁλώσεται.
1290 2119 1475 2220 ἀνεδείχθη

371 2240 430 2322 διὰ
464 2239 649 2342 θελήσεως
691 2249 756 2321 τοῦ
793 2246 961 2344 Χριστοῦ
1002 2241 1226 2324 κολάσαντος
1265 2245 1315 2325 είς
1357 2242 1494 2320 άποστο

371 2362 499 2450 αὐτοὺς
521 2367 599 2446 κατ’
618 2365 743 2464 ὄνομα,
761 2368 819 2445 καὶ
846 2367 928 2446 καθ’
949 2365 1022 2463 ἕνα,
1041 2363 1135 2445 καθά
1159 2372 1276 2472 φησιν
1293 2365 1394 2470 ε’ντῇ
1417 2398 1494 2466 προ.

371 2489 460 2596 μένῃ
487 2491 672 2598 παροιμίᾳ.
724 2489 831 2588 ’ίσμεν
860 2488 933 2594 γὰρ
966 2489 1064 2574 ὅπως
1095 2491 1134 2569 ἐν
1163 2488 1363 2596 εὐαγγελίῳ
1394 2490 1446 2596 τῷ
1478 2521 1494 2566 ι

354 2620 566 2696 ’Ματθαΐον
584 2616 756 2717 συνετέθη
774 2615 840 2716 μέν
858 2616 989 2723 ἑφεξῆς
1006 2615 1054 2696 τὰ
1071 2623 1144 2696 τῶν
1163 2613 1382 2696 άποστόλων
1400 2615 1491 2714 όνόμ

202 2739 326 2868 {ffb-
374 2734 433 2818 εἶτ’
451 2739 555 2824 εὐθὺς
571 2738 797 2840 ε’πενὴνεκται
816 2743 879 2840 τῆς
904 2739 1134 2846 άναῤῥήσεως
1154 2741 1174 2820 ὃ
1192 2739 1335 2844 τρόπος·
1368 2751 1390 2788 “
1404 2741 1493 2821 τοάυ

204 2861 424 2922 ε.ι.ιιο’
607 2863 1022 2912 ⁶⁶*‘”·'
1167 2868 1177 2892 ‘
1303 2863 1463 2910 ⁸⁶⁶*

203 2909 300 3002 vm·
373 2897 446 2968 γαρ
483 2871 578 2970 φησι
647 2898 731 2949 τους
761 2868 899 2946 δωδεκα
956 2866 1133 2972 ανεδειξεν
1160 2901 1181 2945 ο
1213 2871 1351 2967 Σωτηρ,
1422 2899 1484 2949 ους

339 2999 396 3068 b“
413 2986 644 3073 ἀποστόλους
665 2987 889 3087 ὠνόμασευ.”
920 2992 1164 3096 ἀρχουτιῶντα
1186 2997 1376 3093 τοιγαροῦν
1394 2987 1460 3070 τὸν
1479 3009 1492 3067 ι’

372 3123 536 3214 πληκτον
555 3119 766 3216 Φαρισαῖον,
786 3115 844 3192 καὶ
862 3115 905 3192 οὐ
922 3115 1073 3216 μετρίως
1097 3113 1349 3212 ε’κκεκαυμένον
1368 3115 1464 3214 δρῶν
1482 3148 1491 3192 ι

371 3236 414 3317 τὸ
439 3241 503 3336 τῆς
528 3239 716 3340 ἡγεμονίας
738 3235 852 3336 ὄνομά
876 3271 916 3316 τε
938 3240 997 3316 καὶ
1019 3243 1182 3340 πρᾶγμα,
1201 3234 1361 3317 διδάσκει
1384 3270 1491 3341 χρησ.

371 3360 499 3441 ἑαυτὸν
525 3360 612 3442 ὄντα
644 3364 703 3442 καὶ
740 3369 804 3440 τοῦ
835 3361 1077 3464 καθηγεῖσθαί
1104 3395 1179 3441 τισι
1208 3359 1368 3467 χορηγὸν
1395 3363 1457 3440 καὶ
1484 3395 1490 3440 ·.

370 3491 477 3564 τοῦτο
497 3483 626 3592 ῥᾳδίως
653 3484 865 3588 εἷσκομιξειν
891 3485 1077 3590 ίσχιίοντα.
1115 3481 1194 3589 θάρα
1217 3483 1290 3588 γάρ
1317 3481 1368 3564 ὧν
1388 3487 1456 3584 τῆς
1482 3490 1490 3563 ί

372 3641 411 3686 τε
432 3611 491 3686 καὶ
513 3608 608 3692 θείας
631 3609 754 3708 αὐλῆς,
776 3607 972 3716 είσδέξεται
991 3607 1057 3708 μὲν
1073 3606 1139 3688 τόν
1155 3607 1361 3710 ἐπιτήδειον,
1380 3610 1490 3688 άπατι

372 3730 411 3810 δὲ
429 3737 481 3840 τῷ
498 3731 549 3832 μὴ
565 3734 715 3842 τοιοιίτιρ
733 3731 800 3834 τὴν
817 3739 867 3817 είς
882 3733 925 3813 τὸ
943 3733 1032 3814 εἴσω
1049 3731 1222 3838 πάροδον.

410 3995 433 4036 1.
452 3979 541 4050 α’ξίαυς
557 3980 625 4050 τάχα
642 3981 697 4036 τοῖς
714 3977 802 4034 αὖτοῖς
818 3977 949 4050 ὄφελείας
966 3977 1083 4050 ε’λθμψιι
1100 3981 1197 4049 τρόπος
1215 3977 1250 4036 Β.
1264 3977 1417 4034 emendavit
1435 3997 1451 4034 e
1470 3979 1488 4034 Ε

372 4049 426 4106 vid.
440 4050 513 4106 Aub.
526 4061 552 4104 et
564 4050 601 4104 ita
612 4067 636 4106 a.
649 4049 701 4104 nisi
713 4049 786 4122 quod
799 4049 834 4106 ὣς
846 4049 955 4104 omittit.
1091 4067 1119 4117 4.
1137 4052 1220 4120 μόνος
1231 4067 1256 4106 a.
1399 4063 1426 4120 7.
1444 4073 1471 4105 τι
1485 4073 1488 4102 ι

373 4120 470 4176 Statim
482 4121 658 4190 ι’τισημαίνειν
669 4139 693 4175 a.
821 4138 862 4188 14.
879 4117 1025 4190 ἁλώσεται]
1039 4119 1186 4189 εὑρίσκεται
1198 4137 1222 4174 a.
1348 4137 1391 4191 19.
1410 4121 1488 4190 ητευθ

371 4187 417 4247 εἶτ’
429 4191 505 4249 εὐθὺς
517 4191 669 4248 emendavit
682 4189 773 4245 Holst.
893 4206 936 4244 22.
955 4189 1137 4260 ἐκκαιομένου
1149 4189 1182 4244 B.
1197 4189 1246 4246 Ht.
1259 4190 1364 4246 favente
1377 4199 1405 4245 et
1418 4209 1443 4245 a.
1458 4193 1488 4263 ἐγ

371 4261 448 4330 μένον
459 4262 533 4317 Aub.
661 4277 676 4316 ο
698 4301 705 4315 .
723 4261 829 4332 ὀνόματι
842 4259 876 4316 Β.
891 4259 940 4315 Ht.
953 4258 1033 4330 ὄνομά
1044 4282 1073 4314 τε
1085 4260 1236 4316 emendavit
1247 4279 1263 4317 e
1276 4261 1336 4316 eat.
1348 4270 1380 4315 ut
1393 4261 1487 4317 adnou

372 4331 445 4386 Aub.
498 4335 606 4405 πρᾶγμα
618 4333 659 4388 καὶ
671 4279 752 4402 θυομα
764 4350 788 4387 ιι.
893 4347 936 4398 ²⁴·
953 4331 996 4385 ml
1008 4331 1083 4402 ρήιιι
1095 4349 1150 4388 οιο.
1162 4349 1186 4387 ιι.
1288 4347 1332 4402 ι5.
1350 4334 1398 4402 τῆς
1411 4334 1487 4404 ἱερᾶς

371 4401 455 4474 θείας]
468 4405 513 4474 τῆς
525 4403 671 4476 ίπεράστον
682 4403 725 4460 καὶ
736 4403 806 4474 lepis
818 4419 842 4458 a.
856 4401 915 4458 cat.
929 4401 1005 4458 Harl.
