3274 5118
111 350 233 420 xv.25.
296 337 356 404 IN
385 339 700 410 S.JOANNEM.
746 343 845 410 LIB.
866 343 908 409 X.
954 343 1058 409 CAP.
1081 342 1130 408 11.
1246 340 1309 405 605

113 500 216 610 νόμιρ
230 502 408 586 δείκνυσιν
425 508 595 611 ἐναργῶς·
624 505 724 609 πλὴν
742 508 784 588 οῦ
803 507 862 588 διά
879 505 986 588 τοῦτό
1000 513 1120 613 φαμεν
1130 510 1311 607 προειπεῖν

112 628 231 707 ἐκεῖνα
258 627 322 710 τὸν
351 627 473 729 νόμον,
507 631 566 712 ’ίνα
597 630 640 712 τὸ
669 639 742 712 τῶν
769 631 951 712 Ἰουδαίων
982 628 1173 738 ἐξάπτοιτο
1202 635 1311 728 μῖσος

112 752 246 836 ἀδίκως
276 752 369 832 κατά
401 788 440 836 τε
473 763 538 836 τοῦ
569 760 661 836 Υῖοῦ
688 759 746 835 καὶ
777 764 842 836 τοῦ
871 753 1029 858 Πατρός,
1058 753 1143 833 ἀλλ’
1166 753 1310 854 ἐπείπερ

113 873 268 972 ἔμελλεν
292 875 443 958 ἔσεσθαι
465 879 549 982 παρ’
571 880 699 970 αὐτῶν,
719 877 1109 986 προαναπεφιόνηκενὸ
1135 883 1227 962 θεῖος
1252 879 1339 957 καὶο

77 996 209 1100 5ῖερὸς
246 997 363 1101 νόμος,
401 999 503 1082 οὐδὲν
539 1008 612 1082 τῶν
648 1001 830 1101 ἐσομένων
866 1001 1043 1104 ἠγνοηκὸς
1080 999 1122 1082 τὸ
1160 1007 1311 1100 Πνεῦμα

114 1122 263 1208 δεικνύς.
311 1125 512 1230 γέγραπται
539 1123 611 1230 γάρ
638 1128 676 1206 ἐν
702 1126 826 1236 βίβλῳ
853 1131 1017 1233 ψαλμῶν
1044 1127 1083 1206 ἐκ
1110 1125 1311 1228 προσώπου

113 1250 282 1348 Χριστοῦ
304 1247 370 1348 τὴν
392 1256 464 1330 τῶν
482 1251 664 1330 Ἰουδαίων
681 1249 853 1332 ἀπόνοιαν
877 1249 1130 1347 ἐπαιτιωμένου
1158 1250 1216 1328 καῖ
1244 1247 1307 1326 λέ·

114 1401 255 1470 γοντος,
269 1370 324 1452 ὅτι
343 1383 364 1420 “
373 1379 481 1473 μῖσος
500 1373 621 1453 ἀδικον
634 1372 814 1474 ἐμίσησάν
827 1371 906 1472 με.”
936 1379 1013 1456 πῶς
1027 1371 1099 1476 γάρ
1110 1373 1175 1452 οῦκ
1189 1371 1310 1452 ἀδικον
1354 1391 1396 1442 P·-
1407 1389 1478 1441 xxiv·

113 1498 247 1588 μῖσος;
278 1501 356 1580 πεῦς
374 1495 411 1576 δέ
430 1496 494 1576 οῦκ
519 1495 828 1603 ἐξεπικράνθησαν
846 1495 993 1600 δωρεάν,
1011 1496 1048 1576 οἵ
1070 1529 1112 1598 γε
1134 1503 1310 1575 τοσοῦτον
1357 1471 1395 1524 ¹⁹'

60 1656 101 1696 ιο
115 1617 361 1720 ἀφεστηκότες
378 1629 442 1700 τοῦ
458 1623 586 1726 χρῆναι
604 1627 732 1720 μισεῖν,
752 1607 843 1700 ὅσον
860 1619 944 1721 ἧκεν
963 1625 1071 1700 εἰπεῖν
1090 1623 1138 1704 εῖς
1155 1618 1221 1719 τὴν
1238 1625 1310 1699 τῶν

115 1745 165 1824 εῖς
188 1741 317 1828 αῦτοῦς
336 1743 540 1847 γεγονότων
558 1745 683 1851 φύσιν,
703 1747 751 1830 ὡς
770 1751 890 1850 φιλεῖν
908 1750 1053 1843 μᾶλλον
1070 1741 1137 1844 τὴν
1154 1745 1342 1824 ἀπασῶνᾶ

115 1863 286 1944 ἀνωτάτω
304 1866 478 1968 σπουδὴν,
498 1870 555 1947 καὶ
573 1870 720 1970 ἀγαπᾶν
738 1873 785 1951 είς
806 1855 849 1946 τὸ
867 1865 1069 1961 βούλεσθαι
1090 1877 1309 1948 κατακολου-

116 1993 191 2067 θεῖν
208 1990 313 2096 αῦτῷ.
354 1991 461 2070 ποίαν
480 1989 552 2092 γάρ
571 1987 616 2070 ἄν
634 2025 688 2076 τις
714 1989 790 2094 ἔχοι
808 1997 872 2069 τοῦ
890 1989 1019 2089 μίσους
1045 1987 1111 2088 τὴν
1129 1989 1308 2097 ἀφορμὴν,

116 2111 253 2214 λεγέτω
279 2111 472 2216 παρελθιῦν
491 2115 511 2193 ὁ
533 2120 611 2198 ταῖς
628 2115 837 2196 Ἰουδαϊκοῖς
864 2113 1054 2196 ἀπειθείαις
1081 2120 1306 2216 συνηγορῶν·

63 2268 101 2326 15
116 2236 154 2314 τί
182 2243 255 2317 τῶν
291 2236 492 2340 γεγονότων
522 2236 580 2316 διὰ
608 2241 785 2338 Χριστοῦ,
815 2237 945 2334 μίσους
975 2237 1087 2339 ἤγουν
1118 2239 1307 2342 ἀπεχθείας

116 2360 242 2469 ἀξιον,
273 2360 329 2440 ὅτι
356 2359 511 2441 θανάτου
539 2363 597 2440 καὶ
625 2365 765 2467 φθορᾶς
792 2359 972 2466 ἐξείλετο;
1016 2358 1070 2439 ὅτι
1100 2360 1309 2467 πλεονεξίας

116 2484 308 2592 ἀπήλλαξε
327 2488 546 2584 διαβολικῆς,
559 2487 617 2564 καὶ
635 2482 701 2584 τὴν
719 2487 782 2583 τῆς
801 2485 974 2588 ἁμαρτίας
989 2481 1167 2564 κατέλυσε
1182 2517 1310 2586 τυραν-

117 2611 207 2700 νίδα,
236 2612 295 2690 καὶ
324 2606 366 2689 τῦ
395 2611 527 2688 δοῦλον
555 2612 602 2693 ὡς
630 2605 720 2709 πρὸς
749 2608 894 2714 υίότητα
922 2605 988 2707 τὴν
1017 2610 1065 2692 ὡς
1096 2605 1187 2709 πρὸς
1215 2607 1310 2687 Θεὸν

116 2729 349 2832 ἀνεκόμισεν;
378 2731 434 2812 ὅτι
451 2733 490 2812 ἐκ
508 2733 782 2840 φιλανθρωπίας
799 2735 858 2811 καὶ
877 2732 1137 2830 ἀμνησικακίας
1156 2730 1310 2816 δικαίους

63 2893 103 2933 20
117 2857 275 2961 ἀπέφηνε
290 2854 373 2940 τοῦς
391 2863 468 2940 ταῖς
485 2857 672 2956 ἁμαρτίαις
691 2853 987 2957 νενεκρωμένους,
1026 2854 1080 2936 ὅτι
1100 2855 1339 2952 Πνεῦματοςο

116 2981 242 3080 Ἀγίου
269 2982 327 3060 καὶ
356 2981 452 3063 θείας
480 2978 625 3086 φύσεως
650 2977 811 3084 ἀπέδειξε
839 2975 1037 3074 κοινωνοῦς,
1067 2980 1125 3056 καὶ
1156 2976 1243 3058 αῦτὸ
1271 2978 1309 3057 δέ

117 3105 199 3202 ἡμῖν
227 3101 270 3182 τὸ
297 3109 369 3182 τῶν
397 3103 510 3203 ἁγίων
539 3099 709 3202 ἀγγέλων
737 3100 983 3206 προύξένησεν
1012 3097 1221 3202 οἰκητήριον,
1252 3104 1310 3179 καὶ

116 3225 275 3326 βάσιμον
294 3225 494 3328 ἀνθρώποις
515 3221 626 3330 έδειξε
648 3222 711 3303 τὸν
730 3223 902 3326 οῦρανόν;
930 3228 1007 3306 πῶς
1026 3224 1089 3302 οῦν
1107 3223 1157 3302 ἐτι
1176 3224 1311 3303 δίκαιον

116 3355 301 3448 μισεῖσθαι
326 3348 390 3430 τὸν
408 3345 545 3428 τούτων
564 3347 648 3446 ἡμῖν
666 3344 843 3449 γεγονότα
867 3344 1027 3452 χορηγὸν
1046 3349 1102 3426 καὶ
1126 3347 1310 3448 πρύτανιν,

66 3496 104 3556 25
118 3476 174 3554 καῖ
208 3474 287 3578 οῦχὶ
319 3481 465 3573 μᾶλλον
501 3469 688 3574 ἀσιγήτοις
723 3471 961 3576 εῦφημεῖσθαι
994 3469 1219 3576 δοξολογίαις
1253 3475 1310 3550 καὶ

117 3595 375 3697 ἀκαταλήκτοις
420 3595 661 3701 εῦχαριστίαις
706 3593 1016 3696 ἀντιγεραίρεσθαι
1061 3593 1145 3696 παρ’
1186 3595 1309 3694 ἡμῶν;

117 3722 200 3800 ἀλλ’
220 3719 321 3800 οῦδὲν
343 3717 440 3820 οἶμαι
468 3717 532 3799 τὸν
560 3717 733 3820 Ιῦίτεγκτον
760 3719 977 3816 μεθίστησιν
995 3717 1169 3797 Ἰουδαῖον
1195 3725 1244 3802 εῖς
1269 3717 1311 3798 τὸ

116 3843 316 3938 βούλεσθαι
334 3831 479 3950 φρονεῖν
497 3839 590 3944 ἀπερ
608 3840 676 3921 ἔδει
694 3845 852 3946 φρονεῖν.
890 3845 1057 3946 μεμίσηκε
1082 3839 1154 3944 γάρ
1181 3839 1309 3950 δωρεάν,

117 3965 157 4046 δν
179 3965 224 4073 ἐξ
248 3965 337 4068 ὅλης
364 3967 518 4048 διανοίας
545 3967 691 4066 ἀγαπᾶν
718 3963 785 4044 ἔδει
811 3969 957 4061 μᾶλλον
984 3968 1042 4044 καὶ
1072 3973 1149 4049 ταῖς
1179 3967 1217 4045 ἐκ
1246 3970 1340 4065 τῆςα
1357 3994 1475 4050 nou.

66 4123 105 4184 30
118 4089 306 4175 εὐπειθείας
334 4087 575 4194 καταστέφειν
600 4092 727 4187 τιμαῖς.
765 4085 865 4186 πλὴν
890 4090 957 4166 κάν
983 4087 1098 4194 τούτῳ
1124 4087 1309 4190 χρησίμως

118 4215 137 4294 ὁ
159 4213 289 4318 Κύριος
316 4210 441 4292 ἐαυτὸν
463 4213 527 4292 οῦκ
554 4203 763 4314 ἦγνοηκέναι
791 4211 922 4313 δέδειχε
950 4207 1016 4308 τὴν
1040 4215 1112 4289 τῶν
1129 4211 1310 4292 Ἰουδαίων

153 4448 178 4488 υ.
195 4431 378 4502 eamn.
391 4428 473 4486 cord.
487 4427 699 4520 ιμπυιιυυ.
779 4445 820 4514 .³·
838 4427 1008 4509 mmm.
1023 4425 1106 4484 ους.
1197 4433 1308 4516 ,μοι
1328 4409 1331 4418 ’

118 4519 166 4575 pro
178 4501 238 4574 παρ’
252 4501 339 4558 Cord.
452 4514 478 4570 5.
498 4497 802 4574 ηγναηκδςροςὶδιικννς
813 4496 1057 4570 ιτατιεροαιιῦοτά.
1170 4517 1197 4572 9.
1215 4499 1307 4572 μισας]

122 4581 149 4639 -1-
164 4573 293 4645 ἐμίσησαν
305 4571 356 4628 Ed.
369 4572 453 4628 invito
466 4573 499 4628 E.
