3200 5092
366 427 379 436 .
443 322 488 388 80
747 323 786 390 B.
809 323 1022 391 CYRILLI
1050 325 1339 393 ALEXANDR.

278 499 338 555 510
349 498 389 555 Α·
415 495 526 591 nipe,
545 486 743 588 τουτέστιν,
763 488 849 570 όταν
866 493 930 589 τῆς
949 491 1002 571 ἐπ’
1021 493 1098 590 ἐμοὶ
1116 498 1245 594 μικρᾶς
1262 526 1301 571 τε
1322 493 1382 572 καὶ
1406 523 1472 595 χαι

445 611 712 712 ἀπσπαόσησθε
747 612 964 720 διαλήφεως,
995 615 1083 695 ὅταν
1115 614 1262 720 ὑψηλόν
1289 649 1328 694 τε
1364 617 1425 693 καὶ
1464 649 1472 691 ι

444 734 653 842 φρονήσητε
678 739 759 840 περὶ
785 739 881 836 ἐμοῦ,
901 739 959 818 καὶ
979 738 1076 820 Θεὸν
1096 741 1136 819 ἐκ
1159 745 1256 819 θεοῦ
1281 736 1470 844 πεφηνότα

444 894 546 960 σητε,
565 866 595 941 εί
620 867 679 941 καὶ
702 861 836 963 γέγονα
860 863 903 942 δι’
925 865 1015 961 ὑμᾶς
1038 863 1228 967 ἅνθρωπος
1253 863 1335 941 καθ’
1356 862 1460 960 ὑμᾶς,

444 982 528 1064 κόδε
548 985 796 1086 διαγνώσεσθε
814 993 956 1092 σαφῶς,
975 987 1030 1068 ὅτι
1055 987 1126 1090 ε’γιό
1152 991 1222 1085 εὶμι
1246 985 1289 1066 τὸ
1307 990 1387 1088 φῶς
1406 990 1472 1061 τοῦ

444 1114 550 1187 τοῦτο
577 1107 649 1210 γὰρ
676 1115 726 1194 είς
754 1113 844 1209 ὑμᾶς
870 1109 999 1213 ἔλεγον
1026 1112 1167 1214 ἀρτίως·
1205 1111 1244 1190 τί
1268 1106 1341 1212 γὰρ
1369 1104 1415 1186 ἂν
1439 1104 1472 1184 ἔτ

444 1230 567 1329 λύσαι,
590 1236 696 1338 φησὶ,
719 1231 784 1314 τὸν
811 1233 906 1318 ὅλως
933 1236 1205 1340 παραδεχθέντα
1228 1231 1323 1312 Θεὸν
1349 1228 1472 1333 ὑπόρχ

441 1352 554 1453 θινὸν,
573 1361 631 1435 καὶ
651 1363 731 1462 φῶς
747 1355 835 1437 εἶναι
855 1365 919 1438 τοῦ
943 1355 1108 1456 κόσμον;
1137 1358 1180 1436 οὐ
1197 1354 1269 1460 γὰρ
1287 1353 1331 1454 δὴ
1349 1351 1443 1456 πρὸς
1462 1387 1472 1430 ι

445 1478 748 1584 κατοιχηθὴσεταί
768 1515 822 1566 τις
844 1481 974 1579 μανίαν
997 1484 1056 1560 καὶ
1082 1478 1234 1582 θρόσος,
1260 1483 1309 1562 ὡς
1336 1480 1396 1556 καὶ
1423 1475 1472 1555 τότ

276 1582 380 1712 effi,
410 1611 585 1706 broMuiv
599 1605 680 1684 “‘H
700 1605 877 1708 μαρτυρία
895 1639 965 1685 σου
983 1605 1048 1684 οὐκ
1065 1603 1165 1684 ἔστιν
1183 1600 1354 1703 ἀληθής·”
1376 1604 1472 1706 ψευδ

443 1725 517 1830 γὸρ
535 1729 698 1825 οὐδαμῶς
715 1730 771 1834 ἐφ’
791 1726 922 1831 οἷσπερ
940 1726 985 1807 διν
1002 1728 1094 1834 λε’γη
1112 1726 1205 1811 Θεὸς
1223 1726 1332 1832 φύσει
1351 1729 1410 1804 καὶ
1429 1727 1472 1802 ἀλ

492 1847 607 1932 Ἔστι
643 1852 763 1931 τοίνυν
795 1852 1069 1955 προδηλότατον
1102 1855 1160 1930 καὶ
1193 1854 1232 1930 ἐκ
1269 1857 1341 1930 τῶν
1373 1857 1438 1930 τοῦ

441 1973 621 2080 ῥημάτων,
650 1973 705 2054 ὅτι
732 1973 890 2076 σμικρὸν
916 1975 1058 2080 ἔχοντες
1085 1975 1139 2055 ἐπ’
1164 1975 1260 2082 αι’πῷ
1287 1972 1353 2073 τὴν
1381 1974 1472 2053 ὑτόν

442 2101 633 2204 ἄνθρωπον
651 2096 739 2178 εἶναι
758 2099 904 2202 γυμνὸν,
924 2099 1056 2204 ἔρημόν
1073 2135 1112 2181 τε
1135 2104 1200 2201 τῆς
1226 2098 1317 2180 κατὰ
1342 2097 1457 2206 φύσιν

442 2225 736 2322 διενθυμοόμενοι,
773 2222 918 2309 πάντως
961 2223 1077 2324 δήπου
1113 2229 1171 2304 καλ
1213 2221 1465 2322 ἀπιστήσομεν

441 2349 548 2454 αὐτῷ,
574 2350 632 2426 καὶ
662 2349 703 2426 οὐ
732 2345 1009 2454 παραδεξόμεθα
1040 2352 1192 2450 Σωτῆρα
1222 2351 1281 2428 καὶ
1311 2343 1472 2448 λυτρωτη

441 2469 480 2550 τί
504 2470 547 2550 τὸ
571 2473 729 2551 ἐντεῦθεν
741 2503 752 2569 ;
786 2475 851 2569 τῆς
878 2474 1023 2558 ἐλπίδος
1051 2471 1369 2570 ἀποπεπτῶκαμεν.
1424 2475 1453 2548 εὶ

411 2593 598 2679 ῠπίστεως
625 2595 648 2695 ἡ
676 2597 849 2701 σωτηρία,
876 2595 1016 2701 φρούδη
1046 2595 1084 2676 δὲ
1116 2597 1138 2696 ἡ
1170 2597 1303 2691 πίστις,
1331 2592 1369 2673 τί
1394 2591 1436 2672 τὸ
1464 2601 1471 2670 ι

441 2719 517 2816 ἔτι;
559 2719 788 2804 πιστεύοντες
820 2717 858 2801 δὲ
886 2723 945 2801 καὶ
973 2727 1021 2804 εἰς
1054 2720 1149 2825 ὕφος
1181 2719 1340 2820 αἴροντες
1370 2715 1413 2796 τὸ
1447 2723 1471 2796 θ

439 2841 503 2925 τὸν
524 2847 729 2945 Μονογενῆ,
754 2847 813 2922 καὶ
840 2849 869 2922 εί
898 2843 1045 2946 γε’γονεν
1072 2843 1271 2946 ὥνθρωπος,
1297 2842 1342 2947 ἐξ
1367 2841 1471 2943 οὐρίαι

439 2964 637 3072 ἐρχόμενοι,
659 2970 717 3046 καὶ
735 2965 777 3046 τὸ
795 2965 1035 3070 παγχάλεπον
1052 2975 1116 3047 τοῦ
1138 2967 1220 3062 βίον
1245 2963 1443 3048 διαθέοντες
1466 3001 1470 3044 τ

438 3088 529 3194 πρὸς
554 3089 620 3191 τὴν
642 3090 717 3170 ἅνω
742 3088 1036 3192 μεθορμισόμεθα
1063 3089 1184 3190 πόλιν,
1207 3089 1272 3175 τὸς
1299 3091 1338 3169 ἐκ
1366 3099 1430 3170 τοῦ
1456 3125 1470 3170 ι

437 3213 542 3316 τιμὸς
561 3217 634 3295 ε’κεῖ
648 3213 881 3314 κομιούμενοι.

852 3439 993 3487 ΑΛΛΩΣ
1023 3439 1073 3485 ΤΟ
1104 3439 1223 3488 mo,

473 3625 579 3694 Ὀταν
607 3623 762 3708 ὑψώσητε
788 3625 846 3694 τὸν
874 3625 943 3693 υἱὸν
970 3630 1026 3693 τοῦ
1051 3623 1230 3715 ἀνθρώπου
1256 3625 1332 3694 τότε
1359 3626 1469 3702 τνώοει

403 3795 425 3861 d
952 3751 1019 3827 ὲςώ
1046 3749 1123 3829 εἰμι.

494 3931 659 4011 Πολλοῖς
685 3961 724 4007 τε
752 3929 811 4007 καὶ
839 3928 987 4029 ἀγαθοῖς
1015 3921 1286 4027 περιαιτλήσας
1318 3919 1437 4024 λόγοις
1467 3963 1468 3976 ’

435 4050 617 4130 Ἰουδαίων
635 4051 759 4150 θυμὸν,
775 4055 994 4158 σφριγῶντα
1010 4047 1124 4130 πόλιν
1143 4046 1244 4128 οὐδὲν
1262 4047 1368 4148 ἦττον
1385 4049 1456 4153 ὁρᾷ.

454 4299 496 4407 dt.
514 4283 571 4354 ε’μοδ
588 4283 692 4358 μικρᾶς]
706 4285 778 4354 ι’μοῖς
793 4308 837 4354 μικ
854 4288 885 4343 ἃς
898 4286 987 4411 qumi
1003 4285 1060 4357 ε’μοῖ
1076 4285 1198 4356 σμικρός)
1213 4285 1246 4378 1’33
1259 4285 1316 4354 ἐμοὶ
1332 4285 1418 4408 ραρὲς
1428 4291 1467 4337 c.⁴

433 4372 461 4494 ἔί
479 4373 529 4494 ε’γιώ
542 4425 593 4493 εἶμι
604 4428 634 4478 τὸ
646 4355 1094 4484 διὸίεΙδΪίΙὸδοιθίίοὸίίίίὸοιςαοο.
1105 4377 1132 4425 ⁴·
1150 4359 1192 4413 καὶ
1204 4379 1226 4412 a
1237 4374 1347 4497 §mactans-
1355 4373 1389 4480 ⁰Br.
1401 4373 1467 4478 Θὸίὸ

438 4509 480 4564 ¹3·
499 4492 539 4547 ἐπ’
552 4495 702 4549 emendavit
714 4497 787 4551 Aub.
800 4498 904 4552 favente
916 4517 941 4554 ο.
953 4498 996 4554 ὑπ’
1009 4498 1042 4554 B.
1056 4499 1107 4555 flt.
1274 4513 1315 4569 15.
1333 4493 1439 4567 πάντας]
1455 4515 1467 4558 γ

436 4577 480 4634 οη.
498 4565 588 4634 λόγοις
600 4575 770 4634 assumptum
782 4584 815 4620 ex
829 4567 862 4622 B.
