3200 5092
76 345 191 414 viimo.
252 349 311 414 IN
344 351 384 416 S.
411 350 689 419 JOANNEM.
735 353 830 420 LIB.
847 353 887 419 V.
934 353 1037 419 CAP.
1054 355 1095 418 V.
1247 355 1291 417 43

72 513 168 618 τιγάν
184 515 301 618 ἤγουν
321 519 535 628 διαχρύσῳ
557 521 731 600 παίεσθαι
751 519 900 630 ῥάβδῳς
931 523 973 602 ού
991 521 1063 624 γὰρ
1081 519 1123 602 τὸ
1141 525 1292 600 τοιοῖσδε

71 644 192 736 ποθεῖν,
224 639 335 720 ἀλλὰ
376 641 429 723 τὸ
470 649 652 743 μηδαμῶς
688 651 815 724 παθεῖν
852 643 1003 747 ἀγαθόν.
1052 645 1292 750 ε’λεγχομένου

70 771 249 864 τοιγαροῦν
267 774 340 846 τοῦ
361 771 482 863 Υῖοῦ,
503 766 687 866 δυνάμεώς
712 803 750 847 τε
770 771 833 848 καὶ
859 768 994 874 σοφίας
1019 771 1185 864 ε’πιδεοῦς,
1205 767 1291 848 ὅταν

70 887 230 988 φαίνηταί
264 922 304 966 τι
346 889 448 991 παρ’
486 893 598 970 αὐτοῦ
633 889 771 988 λαβὼν,
805 895 864 972 καὶ
900 895 938 971 έν
969 891 1108 976 τούτοις
1139 891 1291 988 σύμπαν

45 1009 200 1110 δέχοντος
223 1011 300 1112 ἤδη
327 1011 379 1093 τὸ
410 1015 666 1116 κατηγόρημα,
682 1022 759 1098 πῶς
785 1017 849 1094 οὐκ
871 1017 990 1114 εὔηθες
1016 1019 1143 1118 κομιδῇ
1168 1012 1290 1115 λόγοις

68 1133 149 1228 ἡμᾶς
184 1134 323 1220 εἐύλοις
366 1145 613 1240 κατακροτεῖν
644 1137 725 1222 τοῦς
761 1139 1016 1241 ἀκροωμένους,
1048 1142 1107 1217 καὶ
1143 1145 1217 1222 τοῖς
1250 1136 1321 1244 ε’ξο

69 1255 196 1357 ἀπάτης
228 1259 437 1360 εὑρήμασι
469 1260 725 1364 περιπλάττειν
755 1259 798 1341 τὸ
831 1262 999 1363 ἔγκλημα
1029 1261 1088 1342 διὰ
1119 1269 1184 1342 τοῦ
1219 1267 1292 1341 δεῖν

68 1379 197 1460 οἴεσθαι
221 1389 305 1462 τῶν
326 1383 405 1480 μέν
426 1386 559 1464 ἄλλων
577 1385 711 1482 οὐδένα,
729 1385 840 1483 μόνον
863 1385 900 1465 δέ
926 1384 990 1464 τὸν
1010 1385 1157 1488 Πατέρα
1184 1418 1293 1463 κατα-

68 1505 230 1607 δέχεσθαι
250 1507 462 1612 χορηγόν;
495 1507 662 1610 θαυμάζω
681 1508 717 1588 δὲ
736 1508 844 1606 ὅπως,
860 1511 975 1588 καίτοι
993 1511 1185 1592 δοκοῦντας
1205 1505 1293 1587 εἶναι

36 1629 213 1732 Ιῡσῦφοῧς,
243 1635 312 1710 καὶ
349 1631 488 1732 λόγοις
517 1639 591 1716 τοῖς
620 1633 751 1738 έξωθεν
779 1633 821 1712 οῦ
853 1633 1002 1734 μετρίως
1031 1632 1316 1738 ἐξησκημένους

68 1751 151 1848 πρὸς
167 1753 213 1832 τὸ
234 1757 440 1834 δύνασθαι
460 1759 722 1853 διενθνμεῖσθαι
743 1755 865 1860 πικρὰ,
884 1759 1024 1835 κάκεῖνο
1042 1752 1218 1852 διέλαθεν,
1239 1755 1294 1834 ὅτι

70 1873 127 1954 τὸν
156 1887 225 1956 τοῦ
260 1884 376 1958 Θεοῦ
415 1881 477 1958 καὶ
510 1877 657 1980 Πατρός
686 1879 1032 1983 κατασμικρύνοντες
1066 1883 1291 1982 χαρακτῆρα,

72 2001 245 2098 τουτέστι,
265 2000 342 2082 τὸν
362 2000 471 2099 Υίδν,
491 2005 555 2082 ούκ
580 2005 687 2082 αύτοῦ
708 2012 895 2101 τοσοῦτον,
919 2003 1009 2082 ὅσον
1027 2003 1159 2082 ἐκείνου
1184 2037 1292 2102 κατη-

74 2131 187 2222 γορεῖν
218 2127 432 2226 ἐγνώκατε,
467 2126 510 2205 οῦ
546 2131 607 2205 καὶ
642 2127 722 2206 ἔστι
757 2125 952 2232 χαρακτὴρ,
985 2129 1098 2210 οὕτως
1129 2126 1221 2231 ἔχειν
1253 2126 1297 2232 ἐξ
1307 2141 1329 2206 d

36 2271 65 2326 15
77 2247 232 2348 ἀικίγκηι·
251 2251 483 2352 ὀφείλοντος
502 2254 550 2334 ὡς
568 2249 614 2329 ἀν
631 2252 669 2330 ἐν
687 2255 765 2358 Υίῲ
784 2253 1023 2354 διαφαίνηται.
1052 2327 1058 2332 ,

128 2431 150 2467 ,,
166 2370 286 2450 Ἀλλ’
308 2373 532 2464 ἐκβιάσεταί
549 2407 605 2470 σε,
624 2376 750 2480 φησὶν,
767 2373 790 2472 ἡ
815 2382 880 2454 τοῦ
897 2379 988 2455 Υῖοῦ
1010 2371 1126 2479 φωνὴ,
1143 2371 1235 2475 πρὸς
1252 2369 1295 2451 τὸ

81 2555 99 2588 a
117 2499 174 2574 καὶ
192 2499 265 2599 οὐχ
287 2493 427 2576 ἑκόντα
451 2504 631 2576 συναινεῖν
649 2496 701 2581 οἷς
719 2504 828 2578 εἰπεῖν
846 2499 909 2577 οὐκ
926 2497 1148 2603 ἀπηξίωσεν.
1189 2493 1297 2580 αὐτὸς

80 2679 100 2714 ,,
116 2619 187 2720 γάρ
206 2620 318 2700 οὐδὲν
337 2621 386 2728 ἐξ
407 2622 535 2702 ἑαυτοῦ
551 2629 665 2701 ποιεῖν
683 2623 926 2724 ὡμολόγηκεν,
945 2619 1122 2700 ἀλλὰκαὶ
1141 2617 1233 2721 ἅπερ
1252 2615 1296 2698 ἀν

83 2803 103 2836 ,,
120 2743 339 2824 διδάσκοιτο
358 2743 461 2847 παρὰ
479 2753 544 2824 τοῦ
562 2749 659 2825 Θεοῦ
676 2749 735 2825 καὶ
755 2746 911 2850 Πατρός,
930 2752 1044 2824 ταῦτα
1063 2743 1224 2822 λαλεῖν.”

41 2889 73 2928 ²0
134 2865 267 2946 Ἀλλὰ
296 2870 364 2947 σοὶ
392 2868 468 2966 μέν,
497 2864 527 2947 ὦ
553 2875 701 2969 γενναῖε,
729 2873 788 2948 καὶ
815 2866 862 2948 τά
889 2874 1009 2952 καλῶς
1037 2867 1202 2970 εἰρημένα
1230 2867 1291 2944 δο-

85 2989 244 3071 κούντων
268 2991 369 3096 ἔχειν
387 2993 452 3071 οὐκ
477 2994 607 3092 ὀρθῶς,
629 2993 771 3096 ε’πείπερ
797 2989 946 3094 ἠρνήσω
970 2997 1033 3092 τῆς
1058 2991 1225 3091 ἀληθείας
1253 2987 1296 3069 τὸ

86 3121 174 3218 φῶς
205 3116 313 3214 ἡμεῖς
341 3113 381 3194 δέ
407 3113 521 3195 πόλιν
543 3113 610 3214 τὴν
636 3116 772 3195 ἑαυτῶν
795 3117 1014 3214 βαδιούμεθα
1042 3114 1141 3213 ὁδὸν,
1163 3114 1223 3192 καὶ
1249 3110 1296 3192 τά

87 3239 229 3340 συνήθη
249 3243 311 3317 καὶ
331 3237 426 3342 φιλά
445 3238 677 3346 φρονήσομεν
693 3241 775 3340 περὶ
793 3247 857 3318 τοῦ
877 3245 1108 3342 Μονογενοῦς
1126 3234 1216 3335 μετὰ
1232 3240 1326 3335 τῆςε

89 3363 306 3462 τρεπούσης
324 3361 411 3460 η’μῖν
428 3362 611 3458 εὐσεβείας
629 3369 703 3446 τοῖς
720 3363 961 3466 προκειμένοις
975 3358 1292 3465 προσβάλλοντες.

47 3491 117 3568 2δεῖ
145 3483 318 3586 μὲνγὰρ
346 3485 482 3586 εἴρηκεν
510 3488 530 3565 ὁ
558 3485 771 3587 Μονογενής
797 3481 902 3566 Οὐθὲν
931 3490 994 3566 ἀπ’
1023 3487 1169 3592 ἐμαυτοῦ
1200 3483 1297 3580 πιιιῖ,

92 3607 297 3706 λαμβάνων
317 3607 356 3687 δέ
381 3605 425 3688 τό
453 3609 629 3688 δύνασθαι
652 3607 753 3712 παρὰ
775 3617 839 3688 τοῦ
864 3613 960 3688 Θεοῦ
984 3612 1041 3688 καὶ
1063 3605 1219 3711 Πατρός,
1239 3611 1298 3686 καὶ

91 3737 324 3834 τερατουργῶ
358 3733 417 3810 καὶ
449 3730 680 3834 θαυμάζομαι,
714 3729 759 3831 ἦν
786 3731 851 3830 μέν
877 3766 930 3815 τις
964 3734 1022 3810 καὶ
1055 3733 1147 3811 οὕτω
1185 3730 1298 3832 λόγος

92 3855 189 3935 οῦδὲν
222 3857 326 3940 ὅλως
361 3855 556 3960 ὀφείλοντα
593 3854 651 3933 διὰ
684 3862 789 3934 τοῦτο
821 3859 1098 3957 κατηγορεῖσθαι
1131 3855 1298 3934 δεικνύων

94 3979 208 4078 αὐτόν,
226 3977 335 4080 πλὴν
357 3977 465 4084 ἔδοξέ
486 4011 562 4062 πως
589 3975 636 4056 ἀν
660 3977 981 4082 εὐπροσωπότερον
999 3977 1083 4077 ἡμῖν
1102 3977 1296 4079 ἀντιπράτ-

125 4183 148 4222 τ.
164 4165 225 4236 μηθ
238 4165 352 4222 ἅλατι.
366 4161 428 4218 cm
442 4161 521 4218 Harl.
611 4161 652 4217 16.
671 4185 703 4219 οε
717 4171 885 4234 οειυαιρὶιςω
898 4181 930 4217 ex
945 4161 978 4216 B.
1071 4161 1112 4216 18.
1131 4161 1223 4214 ἑαυτοῦ
1237 4157 1296 4216 Βα.

96 4237 164 4292 dni
177 4237 271 4292 Heln.
286 4235 343 4290 Ed.
406 4233 577 4304 ὅμολάγηοεν
588 4251 613 4288 ι.
738 4250 781 4288 20.
800 4235 844 4288 σοί
856 4252 879 4288 a.
893 4233 952 4288 Cat.
968 4233 1045 4288 Harl.
1057 4245 1084 4285 et
1096 4231 1135 4285 sic
1146 4229 1298 4284 emendavit

98 4307 185 4382 Πομ
201 4309 239 4365 σῦ
261 4307 295 4362 Β.
318 4304 374 4362 Ed.
436 4302 581 4358 δοκούντων
599 4303 632 4358 Β.
648 4303 805 4358 δοκείτωσον
822 4321 846 4358 ο.
864 4303 923 4360 Cat.
942 4303 1019 4359 Harl.
1036 4303 1160 4357 δοκοῦντα
1180 4301 1227 4357 Πῑ.
1247 4301 1296 4356 Ed.

98 4395 132 4448 23.
146 4381 211 4452 φίλα
229 4377 414 4470 φρονήσαιεν
431 4373 717 4462 Β.Ιφιλοφρονίγσομεν
731 4374 783 4428 Ed.
832 4374 929 4429 Statim
946 4375 1006 4444 περὶ
1023 4381 1192 4441 assumptum
1211 4391 1242 4427 ex
1265 4372 1297 4427 B.

94 4443 640 4580 Πιΐθιᾚάῦθωροῗάυύεόίάῗόίῑῗδ
648 4443 908 4578 δύνμάύθάιηίίῖᾞ
921 4442 1296 4585 ςοοῇςίθΠοξῦῦῦἪιίόΠυΠ

90 4617 112 4652 τι
122 4595 277 4656 ΜΡ

674 4687 695 4732 G
711 4686 730 4734 2
