3238 5114
294 319 359 383 656
598 317 1195 385 B.cYR1LL1ALEXANDR.
1350 332 1505 399 m.33.

294 489 442 586 γνῶσιν.
470 483 663 586 πεποίημαι
681 482 763 588 γὰρ,
782 485 887 590 φησὶ,
908 485 981 563 νυνὶ
998 480 1090 584 πρὸς
1108 484 1198 581 ὑμᾶς
1216 477 1300 563 τούς
1318 481 1505 561 τοιούτους·

296 603 439 707 λόγους,
463 607 570 710 εἰρήνην
593 607 685 712 ἔχειν
712 609 741 689 ἓν
769 609 841 713 ἐμοὶ
870 611 1144 709 παραινῶν,καί
1171 605 1214 684 ἵν’
1234 602 1381 702 εἰδείητε
1409 600 1504 704 πρὸς

267 730 411 838 οτούτερ
429 737 561 836 σαφῶς
585 729 640 810 ότι
661 728 828 836 μοχθημά
846 730 911 828 μὲν
929 733 1012 828 ὑμῖν
1029 727 1076 810 τά
1094 730 1124 810 ἒν
1141 736 1188 838 τῷ
1208 731 1326 837 κόσμῳ
1345 725 1497 825 συμβή-

295 888 409 952 σεται,
435 857 493 934 καὶ
521 854 696 962 θλίψεσιν
724 854 918 956 ὁμιλήσετε
945 854 988 934 δι’
1009 852 1069 952 ἐμὲ
1095 859 1263 935 πολλοῖς.
1304 849 1410 950 πλὴν
1433 853 1500 956 οιίχ

295 977 489 1058 ἁλώσεσθε
506 985 580 1063 τοῖς
598 983 734 1064 δεινοῖς·
775 975 843 1082 ἐγά
860 976 932 1082 γάρ
951 979 1103 1072 νενίκηκα
1121 975 1172 1057 τίν
1192 979 1326 1079 κόσμοι.
1509 1001 1525 1060 5

350 1103 458 1183 Ἀλλ’
487 1102 545 1183 ἵνα
572 1137 634 1182 σοι
652 1101 772 1210 σαφὲς
789 1101 844 1182 ὅτι
872 1102 1035 1202 μάλιστα
1062 1098 1205 1199 ποιήσω
1230 1099 1272 1178 τὸ
1297 1099 1494 1202 εἰρημένον,

295 1225 380 1329 φέρε
400 1223 605 1329 δήπρῶτον
624 1225 787 1330 λε’γωμεν
803 1228 843 1306 τί
859 1223 901 1307 τὸ
920 1225 1012 1332 ἔχειν
1030 1225 1130 1304 ε’στίν
1149 1226 1258 1330 εἰρήνην
1276 1225 1307 1304 ἐν
1325 1228 1491 1332 Χριστῷ.

295 1347 398 1447 ὁμὲν
420 1347 492 1452 γὰρ
517 1350 665 1448 κόσμος,
684 1351 763 1451 ἤτοι
789 1357 862 1430 τῶν
886 1353 924 1430 ἐν
952 1346 1080 1457 κόσμιρ
1107 1345 1332 1451 πραγμάτων
1350 1351 1385 1426 οἰ
1410 1348 1492 1449 ε’ρα-

294 1475 391 1570 σταί,
419 1471 486 1573 τὴν
512 1473 578 1573 μὲν
604 1471 695 1577 πρὸς
726 1471 913 1574 ἀλλήλους
945 1471 1086 1577 εἰρήνην
1112 1470 1380 1571 ἐπιτηδεύουσιν
1414 1469 1494 1551 ἔσθ’

295 1595 365 1693 ὅτε,
382 1595 483 1696 πλὴν
500 1598 543 1676 ού
564 1594 708 1682 πάντως
733 1599 771 1677 ἐν
790 1602 963 1705 Χριστῷ..
996 1595 1072 1676 οἰον
1090 1594 1176 1702 φέρε
1201 1599 1322 1690 εἰπεῖν,
1343 1599 1379 1673 οἰ
1405 1593 1497 1697 πρὸς
1509 1631 1540 1671 ιο

262 1717 359 1808 ᾱτάς
386 1721 424 1798 ἐκ
454 1726 527 1800 τῶν
554 1719 735 1820 σωμάτων
762 1721 972 1827 φιληδονίας
999 1719 1152 1817 ἔκλυτοι,
1179 1724 1252 1801 τοῖς
1280 1713 1497 1819 ὁμοτρόποις

294 1846 365 1920 εἰσί
395 1840 453 1922 διά
481 1850 587 1924 τοῦτο
617 1846 786 1948 φίλτατοι
814 1847 871 1925 καί
898 1846 982 1924 λίαν
1007 1843 1113 1942 ἡδεῖς·
1156 1843 1176 1921 ὁ
1200 1837 1396 1946 χρημάτων
1425 1847 1498 1920 τῶν

295 1962 397 2046 ούδέν
424 1968 520 2075 αι’πῷ
547 1967 805 2070 προσηκόντων
829 1971 1019 2066 ἐπιθυμῶν,
1041 1964 1212 2071 ύπάρχωυ
1235 1999 1275 2045 τε
1302 1963 1361 2044 διά
1389 1973 1497 2044 τοῦτο

293 2090 510 2192 πλεονέκτης
536 2089 559 2192 ἢ
583 2092 855 2190 κλεπτίστατος,
878 2093 960 2172 καθ’
986 2087 1115 2190 ἡδονήν
1142 2089 1245 2168 ἔσται
1271 2087 1418 2172 πάντως
1445 2089 1497 2195 τῷ

294 2210 360 2314 τὴν
387 2213 473 2314 ’ία-ην
500 2215 597 2320 αὐτῷ
624 2215 749 2294 κακίαν
775 2215 1024 2315 ἐπιτηδεύοντι.
1069 2212 1286 2292 “Ἕκασπον
1307 2209 1390 2314 γάρ·
1404 2211 1494 2319 ζῷον
1508 2245 1539 2302 15

295 2348 317 2384 “
335 2340 461 2446 ἀγαπᾷ
478 2337 520 2419 τὸ
538 2337 661 2436 ὅμοιον
678 2340 783 2447 αὐτῷ,
801 2337 893 2419 κατὰ
911 2335 953 2417 τὸ
966 2335 1223 2439 γεγραμμένον,
1236 2339 1295 2416 καί
1312 2341 1364 2442 τῷ
1383 2336 1494 2443 ὁμοίερ

295 2470 317 2508 “
335 2463 443 2542 αὐτοῦ
470 2461 840 2565 προσκολληθήσεται
867 2459 992 2563 ἀνήρ.”
1030 2463 1118 2540 ἀλλ’
1137 2461 1175 2539 ἐν
1198 2459 1336 2542 τούτοις
1358 2455 1490 2554 ἅπασι,

294 2583 337 2664 τό
364 2584 500 2685 σεμνὸν
527 2591 591 2686 τῆς
618 2587 754 2689 εἰρήνης
781 2584 895 2684 ὄνομα
926 2583 1174 2684 καπηλεύεται·
1212 2585 1272 2662 καί
1303 2581 1443 2682 ἀληθής
1473 2585 1493 2661 ὁ

295 2705 417 2811 λόγος·
458 2712 517 2789 ε’πί
544 2706 583 2788 δὲ
609 2716 681 2790 τῶν
706 2711 818 2813 ἁγίων
835 2711 901 2814 οὐχ
929 2710 1054 2792 οὕτως.
1089 2709 1131 2788 ού
1152 2706 1223 2811 γάρ
1246 2705 1404 2808 ἁμαρτία
1432 2709 1494 2805 τῆς

295 2833 433 2934 εἰρήνης
450 2832 471 2912 ὃ
489 2833 702 2934 σύνδεσμος,
722 2832 822 2914 ἀλλά
845 2834 978 2931 πίστις,
996 2835 1109 2930 ε’λπίς,
1128 2829 1251 2935 ἀγάπη
1274 2833 1332 2910 καί
1358 2833 1423 2928 τῆς
1445 2834 1493 2913 εἰς
1505 2861 1538 2900 ²0

266 2953 391 3036 οθεδν
421 2958 604 3052 εὐσεβείας
639 2957 661 3058 ἡ
694 2957 852 3056 δύναμις.
906 2959 964 3036 καὶ
994 2955 1100 3036 τοῦτό
1130 2957 1231 3035 ἐστιν
1260 2955 1299 3035 ἐν
1326 2957 1490 3060 Χριστῷ.

295 3081 492 3186 κεφάλαιον
513 3081 587 3160 ὀὖν
616 3081 700 3180 ἡμῖν
734 3077 879 3160 πάντων
915 3087 989 3160 τῶν
1025 3083 1174 3181 ἀγαθῶν
1205 3079 1228 3178 ἡ
1264 3080 1302 3157 ἐν
1338 3079 1492 3184 Χριστῷ

295 3204 452 3310 πέφηνεν
470 3201 601 3306 εἰρήνη,
625 3202 692 3304 τὴν
719 3209 767 3288 εἰς
794 3202 982 3304 ἀλλήλους
1010 3201 1155 3306 ἀγάτιην
1182 3199 1346 3308 ἀδελφὴν
1368 3199 1493 3303 ὥσπερ

195 3373 202 3386 ·
296 3327 376 3406 τινά
398 3327 680 3428 συνεισάγουσα.
717 3327 851 3412 παντὸς
868 3325 906 3407 δὲ
928 3337 992 3408 τοῦ
1011 3329 1106 3408 θείου
1127 3326 1238 3425 νόμου
1254 3322 1321 3424 τὴν
1338 3325 1488 3428 πλήρω-

128 3720 189 3771 CM
204 3720 229 3770 S.

127 3789 147 3837 J
148 3803 203 3836 οωι.
214 3786 249 3836 iv.

130 3865 169 3903 το.

130 4087 250 4144 94η.

295 3485 358 3530 σιν
376 3451 467 3556 ἔχειν
486 3451 505 3529 ὁ
526 3456 674 3535 Παῦλος
692 3449 758 3551 τὴν
776 3452 920 3552 ἀγάπηυ
939 3451 1064 3558 φησίν.
1103 3449 1157 3530 ὅτι
1185 3448 1223 3529 δὲ
1249 3455 1324 3532 τοῖς
1344 3449 1490 3549 ἀγαπᾶν
1505 3474 1535 3534 25

295 3609 358 3654 σιν
385 3574 570 3674 ἀλλήλους
593 3575 719 3678 ἕψεται
744 3573 789 3674 δὴ
806 3574 950 3660 πάντως
976 3573 1019 3655 τὸ
1042 3577 1101 3654 καί
1124 3572 1232 3654 αὐτὸν
1250 3571 1322 3675 πρὸ
1346 3572 1493 3651 πάντων

295 3701 484 3801 ἀγαπήσω
502 3695 566 3776 τὸν
584 3696 689 3795 Θεὸν,
708 3699 772 3776 ούκ
789 3698 1006 3803 ἀμφίλογον,
1025 3695 1192 3777 Ἰωάννου
1210 3693 1379 3800 λε’γοντος
1397 3696 1446 3777 ὡς
1464 3691 1497 3772 εἰ

295 3857 349 3908 τις
373 3818 562 3925 ἀγαπήσαι
586 3817 649 3900 τὸν
673 3821 848 3929 ἀδελφὸν,
870 3820 978 3902 αὑτὸν
996 3821 1111 3923 δήπου
1137 3820 1281 3904 πάντως
1309 3817 1492 3922 ἀγαπήσει

295 3944 484 4028 τὸνθεόν.
1418 3965 1426 3970 “

265 4103 284 4144 ο
351 4067 532 4172 Δηλοῖδὲ
557 4068 601 4171 δή
623 4103 658 4150 τι
683 4072 741 4150 καί
765 4067 807 4149 τό
830 4069 964 4172 ἕτερον,
987 4072 1081 4177 φημὶ
1100 4067 1144 4169 δὴ
1161 4065 1274 4150 πάλιν
1291 4065 1334 4148 τό
1353 4061 1533 4176 Θλίψινρο

296 4193 390 4294 ἔχετε
417 4194 447 4275 ἓν
471 4203 519 4304 τῷ
545 4195 674 4303 κόσμῳ·
716 4190 821 4274 ἀλλά
846 4191 992 4301 θαρσεῖτε
1017 4189 1085 4296 Sy&
1105 4194 1257 4287 νενίκηκα
1280 4191 1332 4272 τίν
1351 4191 1489 4298 κόσμον.

330 4503 356 4551 4.
375 4482 407 4538 δι’
420 4483 464 4552 ε’μί
474 4484 587 4540 πολλοῖς
598 4481 650 4539 hoc
662 4482 755 4538 ordine
767 4481 800 4538 Ε.
921 4517 925 4531 ·
1126 4495 1152 4554 5.
1170 4483 1220 4555 γὰρ
1233 4489 1401 4552 assumptum
1414 4499 1448 4536 ex
1461 4481 1493 4537 E.

295 4567 320 4626 7.
338 4555 450 4626 λέγομεν
462 4553 495 4608 Ε.
711 4569 751 4622 13.
771 4553 845 4608 οὐδὲν
857 4553 889 4608 Ε.
902 4553 980 4622 μηδὲν
993 4551 1045 4606 Ed.
