3248 5112
170 277 236 340 466
344 261 351 274 ‘
474 275 747 344 αουαιυια
776 273 1066 341 ALEXANDR.
1175 267 1372 347 xiv.1⁶,17.

173 435 269 537 ὅμως
291 439 357 540 τὴν
376 443 505 528 ἐντοῖς
524 443 608 522 καθ’
629 441 732 542 ἡμᾶς,
750 445 800 526 είς
818 440 885 540 τὴν
904 446 977 520 τῶν
995 437 1084 544 ῦπέρ
1102 442 1214 519 ταῦτα
1234 443 1375 533 πληρο-

173 564 304 668 φορίαν
323 563 514 672 δεχόμενοι,
533 563 696 669 καθάπερ
722 565 761 644 ἐν
782 563 951 672 ἐσόπτρῳ
979 566 1038 644 καὶ
1063 564 1101 644 ἐν
1123 560 1304 663 αἰνίγματι
1328 551 1376 634 τά

174 692 252 768 θεῖα
270 696 418 790 νοοῦμεν
435 687 630 795 μυστήρια.

90 871 95 884 “
146 885 164 931 e

127 993 163 1051 ¹⁶
179 998 274 1076 Κάν-ὠ
300 999 463 1089 ἐρωτήσω
490 1000 546 1067 τὸν
563 999 707 1089 Πατέρα,
726 997 780 1064 καί
807 998 909 1064 ἄλλον
931 999 1143 1087 παράκλητον
1166 991 1267 1060 δώσει
1293 985 1376 1071 ὑμῖν,

128 1123 162 1186 ¹7
227 1125 281 1191 ἵνα
310 1120 329 1217 ᾗ
357 1126 428 1202 μεθ’
450 1125 540 1203 ὑμῶν
565 1121 612 1190 εἰς
639 1123 696 1193 τόν
722 1121 899 1203 αἰῶνα,τό
927 1127 1054 1200 πνεῦμα
1080 1127 1138 1188 τῆς
1165 1115 1334 1196 ἀλαθείας,
1358 1114 1409 1180 65

228 1251 246 1318 ό
266 1252 385 1328 κόσμοι
404 1251 442 1317 οὐ
462 1251 595 1317 δύναται
614 1245 736 1331 λαβεῖν,
754 1251 805 1316 ὅτι
823 1249 861 1314 οὐ
881 1247 1002 1338 θεωρεῖ
1022 1246 1101 1313 αὐτὸ
1125 1245 1202 1312 οὐδὲ
1227 1240 1377 1319 τινώακει

228 1375 318 1442 αὐτὸ·
348 1372 438 1454 ὑμεῖς
465 1374 640 1451 Γινώσκετε
667 1373 759 1456 αὐτὸ,
778 1377 828 1444 ὅτι
855 1375 928 1464 παρ’
952 1369 1025 1452 ὑμῖν
1049 1373 1140 1450 μένει
1167 1369 1221 1438 καὶ
1247 1369 1281 1435 ἐν
1303 1361 1376 1444 ὑμῖν

227 1500 328 1567 ἔσται.

233 1669 450 1773 Ἀυαμίσγει
473 1671 587 1752 πάλιν
604 1677 655 1780 τῷ
680 1678 872 1776 θεοπρεπεΐ
896 1671 939 1752 τό
963 1669 1198 1774 ἀνθρώπινον,
1216 1667 1275 1748 καὶ
1298 1665 1379 1745 οὔτε

177 1794 270 1897 πρὸς
288 1793 443 1898 ἀκρατον
461 1797 641 1903 ἀναφαιτᾷ
665 1801 730 1897 τῆς
755 1795 921 1896 θεότητος
949 1794 1073 1902 δόξαν,
1095 1794 1175 1873 οῦτε
1196 1788 1268 1890 μὴν
1286 1790 1376 1869 ὀλο·
1394 1817 1433 1860 10

179 1915 323 2021 κλήρους
340 1926 415 2003 τοῖς
436 1923 500 2019 τῆς
518 1918 795 2023 ἀνθρωπότητος
812 1920 1223 2026 με’τροιςέμφιλοχωρεῖ,
1242 1912 1380 2018 ἔρχεται

13 2056 132 2115 ΒΟΘΔ.
151 2038 219 2121 8δέ
248 2041 290 2122 δι’
314 2045 451 2150 ἀμφοῖν
480 2042 695 2152 παραδόξως
723 2078 762 2123 τε
791 2041 866 2142 ἅμα
895 2045 953 2124 καὶ
983 2041 1218 2145 κεκραμένως,
1238 2037 1379 2140 ἐπείπερ

180 2167 282 2246 ἐστὶν
299 2167 337 2244 ἐν
355 2167 474 2273 ταῦτηῖ
493 2168 586 2252 Θεός
604 2202 642 2248 τε
661 2175 719 2248 καὶ
739 2167 940 2270 ἅνθρωπος.
981 2164 1075 2251 Θεὸς
1092 2162 1158 2264 μέν
1175 2161 1247 2267 γὰρ
1271 2160 1379 2266 ἦυτῇ

181 2288 301 2397 φύσει,
312 2291 469 2394 καθόπερ
483 2292 522 2370 ἐκ
537 2289 682 2394 Πατρός
701 2287 838 2394 καρπός
856 2293 914 2370 καὶ
932 2289 1159 2392 ἀπαύγασμα
1176 2291 1241 2387 τῆς
1255 2285 1381 2368 οὐσίας

181 2413 302 2493 αῦτοῦ·
351 2413 540 2518 ἅνθρωπος
577 2413 614 2496 δέ
651 2414 774 2512 πόλιν,
814 2411 903 2495 καθὸ
943 2414 1069 2516 γε’γονε
1105 2411 1217 2518 σάρξ.
1275 2413 1434 2496 λαλεῖτε

179 2545 372 2642 τοιγαροῦν
399 2541 447 2623 ὦς
476 2537 570 2623 Θεός
603 2573 642 2618 τε
675 2541 766 2638 ὁμοῦ
798 2541 857 2618 καὶ
888 2539 1087 2642 ἅνθρωπος,
1115 2538 1208 2618 οὕτω
1237 2531 1309 2638 γὰρ
1337 2529 1383 2632 ἦν

180 2665 337 2764 τηρῆσαι
365 2668 487 2746 καλῶς
513 2667 559 2768 τῇ
587 2660 679 2762 μετὰ
704 2661 842 2766 σαρκὸς
869 2662 1049 2769 οἰκονομίᾳ
1074 2660 1157 2744 τοῦς
1181 2659 1383 2762 πρέποντας

181 2785 326 2886 λόγους.
376 2784 476 2885 πλὴν
506 2785 615 2867 ἐκεῖνό
648 2793 769 2894 φαμεν
801 2783 868 2886 τὴν
894 2793 958 2866 τοῦ
986 2783 1218 2888 προκειμένου
1248 2786 1380 2884 διερευ-

183 2913 312 2992 νῶντες
339 2906 500 3009 δύναμιν·
528 2909 583 2990 ὅτι
607 2913 664 2990 καῖ
690 2919 753 2990 νῦν
772 2912 792 2990 ό
813 2908 946 3013 Κύριος
973 2909 1074 3009 ἡμῶν
1091 2905 1292 3010 ἀναγκαίως
1318 2903 1384 3005 τὴν

183 3034 265 3134 περὶ
282 3041 347 3113 τοῦ
361 3037 457 3114 Θεοῦ
476 3037 534 3114 καὶ
556 3033 702 3138 Πατρός
721 3033 941 3134 είσκεκόμικε
958 3032 1113 3134 μνήμην,
1127 3039 1175 3117 είς
1194 3028 1384 3130 οἰκοδομὴν
1398 3061 1438 3105 ιο

152 3161 250 3256 bnis
266 3157 424 3241 πίστεως
448 3160 507 3238 καὶ
529 3165 578 3242 είς
595 3155 638 3239 τὸ
656 3157 806 3265 σφόδρα
823 3155 1014 3242 λυσιτελὲς
1034 3165 1109 3242 τοῖς
1130 3155 1382 3260 ἀκροωμένοις,

186 3278 347 3382 καθάπερ
374 3281 437 3360 οῦν
458 3281 637 3389 ἀποδείξει
662 3281 798 3386 προϊὸν
821 3282 841 3360 ό
867 3278 990 3385 λόγος.
1031 3277 1150 3380 ἐπειδὴ
1177 3277 1250 3383 γάρ
1277 3285 1386 3360 αἰτεῖν

186 3404 278 3503 ἡμᾶς
297 3400 483 3484 ἐκέλευσεν
501 3407 559 3487 ἐπὶ
577 3411 628 3513 τῷ
654 3405 802 3505 ὀνόματι
827 3405 1022 3503 αὐτοῦκαὶ
1047 3402 1111 3484 τόν
1127 3411 1201 3488 ταῖς
1226 3402 1386 3509 ἀρχαίοις

187 3526 351 3628 ἀσυνήθη
373 3527 507 3632 τρόπον
524 3533 587 3631 τῆς
613 3533 819 3634 προσευχῆς
846 3526 937 3628 μετὰ
961 3533 1034 3608 τῶν
1051 3527 1179 3608 ἄλλων
1196 3525 1384 3623 ἐθέσπισε,

187 3652 318 3732 δώσειν
345 3651 718 3756 κατεπαγγειλάμενος
756 3656 815 3732 καὶ
847 3649 949 3752 μάλα
980 3651 1184 3755 προθύμως,
1213 3649 1305 3755 ἅπερ
1342 3650 1387 3731 ἀν
1400 3678 1439 3740 25
1531 3708 1535 3729 .

186 3775 365 3876 ἐθέλωμεν
392 3785 531 3872 λαβεῖν·
566 3778 625 3858 ’ίυα
652 3775 703 3880 μὴ
732 3773 853 3877 δοκοίη
881 3773 940 3856 διά
966 3775 1102 3856 τούτων
1129 3773 1172 3855 τό
1199 3783 1264 3856 τοῦ
1292 3780 1388 3856 Θεοῦ

188 3901 247 3978 καὶ
267 3897 413 4003 Πατρός
429 3907 677 4004 παρωθεῖσθαι
694 3900 905 4004 πρόσωπον,
923 3901 1035 4002 ἤγουν
1052 3905 1304 4005 παραιρεῖσθαι
1321 3897 1389 3998 τὴν

161 4031 254 4104 ατοῦ
275 4023 438 4108 τεκόντος
463 4023 572 4105 αὐτὸν
590 4025 769 4133 ἐξουσίαν,
788 4024 854 4126 τὴν
872 4027 929 4104 ἐπὶ
952 4031 1029 4108 ταῖς
1052 4031 1125 4104 τῶν
1143 4025 1256 4127 ἁγίων
1274 4029 1386 4129 φιλο-

189 4149 318 4245 τιμίοιις
360 4152 463 4256 φημὶ,
500 4149 683 4254 χρήσιμον
724 4146 833 4232 αῦτὸν
867 4145 1101 4254 συγχορηγὸν
1138 4147 1288 4228 ἔσεσθαι
1329 4149 1389 4226 καὶ

19 3394 102 3458 Supra

17 3475 69 3511 νει.
87 3475 124 3525 14.

226 4443 250 4498 7.
269 4427 351 4499 ὑμεῖς]
369 4435 396 4494 -Ι-
412 4428 440 4483 a?
454 4427 506 4483 Ed.
518 4429 603 4484 invito
617 4428 649 4484 Ε.
816 4445 858 4485 12.
875 4429 1051 4502 κεκρυμμένος
1063 4446 1086 4484 c.
1101 4427 1183 4486 (λινᾶ.
1197 4435 1227 4484 ut
1238 4427 1351 4484 adnout
1361 4437 1389 4486 et

190 4499 262 4554 Aub.
371 4516 414 4555 ιτ.
432 4498 478 4556 οῦν
489 4509 661 4572 assumptum
673 4517 706 4557 οτι
719 4501 753 4556 E.
