3200 5092
433 327 476 392 66
735 331 775 394 Β.
798 329 1006 396 CYRILLI
1037 329 1324 396 ALEXANDR.

383 600 421 661 35
439 585 483 650 Ὀ
511 586 627 652 δοῦλος
654 589 692 653 οὐ
720 592 809 666 μένει
834 590 870 656 ἐν
896 595 936 681 n]
965 587 1051 680 οἰκίᾳ
1079 587 1126 654 εἷο
1152 589 1210 657 τὸν
1237 586 1351 654 αἰῶνα·
1379 589 1398 654 ὁ
1424 585 1469 650 Υἰι

894 711 942 781 εἷο
968 715 1025 780 τδν
1053 711 1169 778 αἰῶνα.

489 893 746 998 Ἀυελεύθερον
773 893 964 1003 ἀποφήνας
996 901 1054 974 καὶ
1088 892 1157 974 ὐπὸ
1187 893 1351 974 δουλείαν
1384 891 1470 972 ὄντα

405 1015 498 1096 οτύν
518 1025 596 1102 ταῖς
620 1019 809 1122 ἁμαρτίαις
833 1019 968 1124 ἔνοχον,
987 1017 1140 1120 ἐπιλέγει
1164 1017 1361 1122 χρησίμως,
1381 1019 1439 1094 καὶ
1463 1049 1469 1092 ·.

433 1138 537 1218 ἐσται
564 1146 616 1248 τῷ
643 1140 710 1241 τὴν
735 1141 901 1222 δουλείαν
926 1139 1139 1244 ἠγαπηκότι,
1157 1141 1196 1219 τί
1220 1141 1253 1219 δ’
1275 1140 1320 1218 αὐ
1346 1137 1460 1218 πάλιν

432 1259 532 1363 παρὰ
550 1267 647 1342 Θεοῦ
670 1269 745 1348 τοῖς
768 1271 873 1358 βιοῦν
896 1264 1077 1360 ἑλομένοις
1102 1259 1266 1361 ἐννόμως,
1286 1264 1345 1340 καὶ
1370 1261 1408 1339 ἐν
1428 1265 1469 1338 υίι

433 1382 493 1462 διὰ
524 1391 631 1465 τοῦτο
663 1387 997 1489 κατατεταγμείιοις.
1040 1387 1089 1466 ‘O
1117 1382 1182 1485 μέν
1209 1383 1281 1486 γὰρ
1309 1379 1425 1469 δοῦλός
1454 1411 1469 1487 η

431 1503 519 1611 μένει
539 1509 569 1588 ἐν
587 1512 628 1616 τῇ
649 1513 741 1619 οίιιίηι
760 1517 804 1596 είς
825 1509 876 1590 τίν
897 1509 1013 1590 aava·
1046 1511 1105 1589 καί
1129 1505 1202 1610 γάρ
1226 1506 1270 1608 δὴ
1296 1509 1356 1586 καί
1380 1505 1469 1585 ἀντω

432 1629 565 1714 σκότος
599 1634 782 1734 δραμεῖται
813 1629 856 1712 τδ
888 1631 1075 1739 ἐξώτερον,
1109 1633 1183 1710 ἐκεῖ
1216 1631 1314 1713 δίκας
1352 1629 1469 1709 ἀποτίι

433 1755 665 1858 ἀνελευθέρου
684 1755 784 1858 ζωῆς,
803 1755 891 1859 μένει
911 1755 949 1835 δέ
968 1764 983 1836 o‘
1002 1757 1079 1841 Τίος
1098 1762 1142 1840 είς
1160 1754 1213 1834 τῦι
1231 1753 1349 1833 αἰῶνα.
1388 1757 1421 1831 οί
1441 1785 1469 1852 γι

433 1884 478 1982 τῇ
496 1882 560 1977 τῆς
580 1880 759 1962 υἱοθεσίας
783 1877 1060 1960 ἀπολαύσαντες
1083 1875 1182 1983 δόξῃ,
1201 1883 1374 1975 μενοῦσιν
1391 1877 1429 1953 ἐν
1446 1909 1469 1953 π

268 2017 384 2078 64οὰ
405 2005 541 2098 οθεοῦ,
564 2005 628 2100 τῆς
653 2007 746 2104 ἱερᾶς
769 2007 842 2081 τῶν
863 1998 1103 2104 πρωτοτόκων
1125 2002 1237 2097 αὐλῆς
1263 2000 1338 2078 κατ’
1359 1997 1469 2076 οὐδέυι

433 2121 679 2228 ἐξωθούμενοι,
708 2125 847 2228 μακρὸν
875 2123 913 2203 δέ
945 2130 1091 2222 μᾶλλον
1119 2127 1177 2202 καὶ
1205 2119 1388 2221 ἀμήρυτον
1416 2124 1469 2198 aid

433 2253 560 2342 βοντες
579 2249 617 2325 ἐν
635 2247 737 2351 αὐτῇ.
778 2245 949 2346 συνήσειν
976 2245 1013 2326 δέ
1041 2243 1083 2325 τὸ
1110 2243 1308 2347 λεγόμενον
1325 2247 1469 2347 ἀκριβῶς

434 2368 656 2470 εὐαγγελίοις
674 2367 892 2472 παραβολὴν
909 2372 1089 2470 προτιθεὶς
1107 2373 1157 2451 είς
1175 2367 1392 2469 ἀνάγνωσιν,
1406 2370 1444 2445 ἐν
1461 2401 1469 2469 η

435 2490 500 2588 μέν
526 2489 608 2576 τούς
636 2493 779 2598 ἐρίφους
806 2493 850 2598 ἐξ
875 2492 1075 2590 εὐωνύμων,
1102 2492 1140 2570 ἐκ
1165 2491 1292 2596 δεξιῶν
1315 2489 1354 2570 δέ
1379 2489 1425 2569 τά
1449 2524 1468 2568 τι

435 2617 562 2716 φησὶν,
590 2616 610 2693 5
638 2615 811 2717 Χριστὸς,
840 2617 898 2693 καί
926 2613 981 2693 ὅτι
1008 2614 1090 2697 τούς
1117 2613 1183 2713 μέν
1211 2615 1355 2720 ἐρίφους
1382 2615 1468 2692 ἀποι

267 2731 392 2860 ἓξὲξ·
437 2747 459 2783 “
479 2736 684 2838 Πορεύεσθε
711 2736 830 2837 λέγων
855 2742 889 2815 οὶ
917 2735 1150 2838 κατηραμένοι
1182 2743 1229 2820 είς
1257 2735 1299 2816 τὸ
1327 2745 1400 2837 πῦρ
1425 2733 1468 2814 τὸ

436 2869 458 2906 “
476 2857 518 2938 τὸ
546 2859 811 2957 ἡτοιμασμένον
836 2863 887 2965 τῷ
914 2859 1077 2966 διαβόλῳ
1106 2865 1164 2938 καὶ
1192 2865 1264 2942 τοῖς
1293 2856 1464 2959 ἀγγέλοις

402 2979 587 3087 ῦσυνάξει
606 2979 644 3060 δέ
661 2981 752 3085 πρὸς
770 2979 897 3061 ἑαυτὸν
913 2979 959 3061 τά
977 2982 1157 3085 πρόβατα,
1177 2985 1235 3060 καί
1253 2980 1418 3078 ἀσμένως
1441 2987 1467 3059 εί

269 3139 309 3190 1b.
322 3151 364 3202 ³4»
437 3113 459 3151 “
479 3111 592 3183 Δεῦτε
621 3101 735 3183 πάλιν
763 3107 930 3198 ἀναβοῶν
957 3111 991 3184 οἱ
1023 3104 1255 3206 εὐλογημένοι
1282 3112 1347 3183 τοῦ
1377 3109 1467 3204 Πατ,

437 3237 459 3274 “
477 3225 775 3329 κληρονομήσατε
813 3226 879 3326 τήν
916 3227 1183 3327 ἡτοιμασμένην
1221 3229 1303 3325 ὑμῖν
1339 3235 1467 3322 βασιλι

956 3349 967 3378 ε
1028 3347 1039 3378 κ
1112 3349 1124 3378 κ
1209 3357 1226 3374 „

436 3361 458 3396 “
477 3354 684 3449 καταβολῆς
709 3349 883 3449 κύσμου.”
913 3355 972 3430 δια
996 3385 1060 3449 μεν
1078 3384 1150 3453 γαρ
1177 3385 1250 3430 των
1267 3350 1411 3456 ἐρίφων,
1431 3351 1454 3448 ἡ

435 3477 509 3550 τῶν
535 3473 868 3576 φιλαμαρτημόνων
893 3475 1064 3572 δηλοῦται
1091 3472 1246 3570 πληθύς·
1291 3471 1350 3551 διὰ
1378 3471 1416 3551 δὲ
1444 3506 1466 3550 τ

435 3592 570 3687 βάτων,
591 3593 611 3671 5
629 3601 702 3673 τῶν
720 3595 968 3690 εὐσεβούντων
987 3595 1106 3700 χορὸς,
1125 3593 1287 3697 καθάπερ
1305 3596 1387 3701 ἐρίῳ
1406 3597 1466 3672 τινῖ

436 3714 663 3814 δικαιοσύνης
690 3723 817 3822 καρπῷ
846 3717 1161 3820 καταβριθόμενος.
1206 3719 1334 3796 οὐκοῦν
1362 3719 1382 3796 5
1411 3715 1466 3814 μὲν

436 3839 600 3922 δουλείας
628 3833 758 3943 αἶσχος
785 3839 972 3941 ἀράμενος,
998 3843 1062 3938 τῆς
1089 3846 1163 3920 τῶν
1187 3841 1347 3941 οὐρανῶν
1371 3847 1464 3935 βασι

474 4065 499 4101 1.
515 4045 827 4118 ‘0-5]‘055-555a.
949 4052 1040 4117 ιι.τῇ
1071 4049 1198 4119 ’κ’-δόξῃ
1212 4049 1246 4104 Β.
1259 4051 1305 4118 τῆς
1317 4049 1465 4118 της-δόξω

436 4117 549 4186 -δόξης
563 4116 614 4170 Ed.
662 4118 826 4190 ιῦπροσώπφ
841 4117 873 4171 Β.
887 4118 1039 4172 emendavit
1083 4128 1102 4174 t.
1196 4135 1237 4189 13.
1256 4118 1387 4188 ἀμήρυτον
1398 4136 1465 4171 emel

436 4185 566 4308 ιέμύρητον
583 4186 615 4241 Β.
632 4185 763 4268 ἀμύθητον
778 4187 828 4268 fit.
847 4187 898 4242 Ed.
964 4190 1099 4258 τρίβοντες
1116 4189 1268 4276 αριθαθανίί
1284 4187 1358 4243 Αιιί).
1377 4189 1465 4256 τρίβον

438 4265 535 4412 οίίιῗ
548 4255 1464 4396 ¹E³S¹J¹¹⁸223³22¹323255f1⁸32mzssafflsssstzssss'ff.5⁰sssn¹3¹„3⁰55

437 4394 598 4511 ευοήήελίοις
608 4395 762 4462 παραβολήν
773 4397 942 4464 προτηθεῖσις
955 4397 988 4450 Β.
1001 4419 1030 4450 ευ
1040 4419 1071 4466 τη
1084 4419 1138 4453 τοις
1150 4399 1312 4468 εναγγελίοις
1327 4419 1348 4451 τ
1365 4397 1464 4451 οτιθείσ

438 4460 475 4513 είς
518 4469 537 4512 t.
552 4459 604 4514 Ed.
723 4478 764 4534 15.
784 4463 878 4532 στήσει
892 4465 924 4518 Β.
939 4467 988 4521 Ht.
1042 4467 1111 4520 ἐιν
1123 4467 1195 4521 Aub.
1317 4468 1464 4521 ι.ἐιεδε“ί

442 4541 483 4595 17.
502 4526 707 4597 ἀποπέμψασθαι
721 4531 753 4587 Β.
769 4532 818 4586 Ht.
830 4533 981 4590 emendavit
993 4489 1073 4590 555⁰
