3118 5132
330 327 396 391 σοι
634 325 674 390 ο.
698 283 914 394 cmm
936 329 1223 396 ALEXANDR.
1398 327 1529 414 κίεις,

332 491 461 601 φόβον,
479 491 735 596 ἀσθενέστεροί
748 525 826 576 πως
852 492 904 573 ἔτι
927 493 1019 596 πρὸς
1044 494 1225 580 κινδύνους
1242 492 1339 596 ἦσαν
1356 495 1391 572 οἱ
1408 495 1532 591 μαθη

330 616 400 698 ταί.
431 613 489 696 διὰ
507 621 614 696 τοῦτο
632 615 825 721 χαριέντως
845 619 865 696 5
887 618 1032 722 Κύριος,
1051 617 1107 700 ὅτι
1123 614 1421 722 σταυρωθήσεται
1441 648 1532 696 κατ

330 736 473 844 καιροὺς
496 740 516 819 5
543 739 692 843 Πέτρος,
715 738 846 847 ἕψεταί
869 774 909 821 τε
937 739 1030 822 κατά
1057 750 1164 824 τοῦτο
1189 741 1287 850 αὐτῷ
1310 737 1532 820 συνατινεύι

329 865 392 944 καί
412 869 539 972 φησιν·
570 862 624 944 ότι
648 860 686 942 δέ
711 865 787 944 νυνὶ
812 864 903 967 πρὸς
926 867 1051 968 ἀγῶνα
1076 866 1164 951 τέως
1187 863 1252 947 τὸν
1269 870 1453 945 τοσοῦτον
1477 864 1532 942 οὐ

162 1005 277 1064 vm.
300 987 536 1092 οᾶθραυστον
554 986 626 1093 ἔχει
651 985 715 1067 τὸν
733 996 828 1086 νοῦν,
846 990 1026 1090 ἀποδηλοῖ
1047 988 1166 1092 λέγων
1176 986 1294 1070 ’Όπου
1313 984 1381 1091 ε’γά
1399 985 1532 1090 ὀπάγι

329 1118 363 1194 οὐ
391 1107 537 1194 θθιιισιιθ
561 1147 620 1218 μοι
650 1111 697 1192 νῦν
724 1109 961 1210 ἀκολουθῆσαι,
989 1109 1224 1208 ἀκολουθήσεις
1254 1107 1291 1194 δέ
1319 1109 1466 1219 ὕστερον.
1521 1148 1532 1190 ε

326 1237 399 1342 γάρ
424 1235 475 1338 μὴ
499 1234 563 1318 τὸν
581 1243 645 1316 τοῦ
665 1233 809 1339 Πέτρου
827 1233 984 1318 θάνατον
1002 1239 1042 1318 ἐν
1059 1234 1199 1321 τούτοις
1222 1235 1307 1336 ἡμῖν
1325 1235 1346 1314 5
1363 1232 1532 1336 Χριστὸ

326 1361 575 1459 θπαινέττεται,
597 1367 662 1440 τοῦ
689 1357 733 1460 δὴ
760 1359 877 1465 χάριν,
901 1361 1015 1442 καίτοι
1042 1367 1116 1442 τῶν
1143 1360 1271 1441 ἀλλων
1298 1357 1410 1462 ἀγέων
1439 1359 1531 1440 ἀπο

326 1486 474 1568 στόλων
499 1484 654 1590 ἐχόντων
681 1485 719 1564 ἐν
744 1481 942 1590 ὑποσχέσει
966 1483 1009 1566 τὸ
1037 1483 1263 1566 συνέσεσθαί
1286 1517 1325 1564 τε
1353 1484 1413 1563 καὶ
1441 1484 1532 1562 ἀκο·

325 1617 469 1692 λουθεῖν
496 1611 592 1716 αι’πῷ
619 1606 711 1688 κατὰ
738 1606 802 1688 τδν
828 1608 1159 1708 τῆςάναστάσεως
1187 1606 1355 1710 δηλονότι
1387 1606 1532 1712 καιρὸνΙ

324 1731 661 1834 ἀποκαθισταμένης
696 1731 815 1816 αὐτοῖς
847 1736 912 1832 τῆς
943 1733 1124 1836 ἀκηράτου
1158 1731 1259 1836 ζωῆς,
1291 1733 1351 1814 καὶ
1381 1737 1460 1813 τῶν
1499 1735 1532 1813 ἐι

323 1860 470 1940 ἐλπίσιν
497 1860 655 1960 ἀγαθῶν,
684 1861 732 1940 εἰς
758 1855 871 1956 μόνον
898 1856 940 1938 τὸ
968 1865 1032 1938 τοῦ
1062 1857 1205 1962 Πέτρου
1231 1855 1434 1962 πρόσωπον
1464 1854 1532 1956 τὴι

323 1991 387 2065 τοῦ
405 1982 520 2086 λόγου
538 1980 747 2083 περιίστησι
766 1979 941 2079 δύναμιν,
973 1983 1058 2062 ἀλλ’
1079 1981 1159 2062 ἐστι
1185 1978 1380 2084 πρόδηλον,
1399 1979 1458 2060 ότι
1480 1986 1532 2089 τερ

289 2107 455 2216 δΠέτρερ
485 2101 754 2210 προαγγέλλων
781 2101 824 2184 τὸ
856 2107 895 2185 ἐν
923 2104 1083 2208 ὑπέροις
1114 2107 1211 2213 αὐτῷ
1239 2101 1532 2206 συμβησόμενον

322 2229 465 2337 χρόνοις
502 2231 770 2332 αἰνιγματωδῶς
807 2229 1032 2338 θπεμφαίνει.
1091 2233 1150 2310 καὶ
1186 2238 1276 2332 γοῦν
1312 2230 1355 2310 δι’
1394 2229 1532 2334 ἐτέρων

155 2360 278 2494 ξέᾞῑῑ·
322 2355 554 2462 σαφέστερον
590 2350 677 2433 αὐτὸ
715 2351 916 2452 δεδήλωκεν
931 2353 1063 2435 ,εἰπόν
1096 2363 1118 2400 “
1130 2350 1223 2434 Ὅτε
1260 2351 1304 2460 ᾖς
1339 2353 1532 2458 νεώτερος,

185 2464 192 2490 '
236 2464 244 2481 ⁹
323 2491 345 2527 “
363 2477 525 2582 ἐζώννυες
553 2475 708 2557 σεαυτὸν
735 2478 793 2556 καὶ
821 2474 1042 2580 περιεπάτεις
1068 2476 1160 2558 ὅπου
1186 2479 1328 2579 ἤθελες·
1370 2477 1460 2558 ὅταν
1491 2477 1532 2560 δέ

320 2615 341 2650 “
360 2599 541 2707 γηράσῃς,
555 2603 704 2684 ἐκτενεῖς
731 2597 795 2684 τάς
822 2598 942 2705 χεῖράς
967 2634 1050 2699 σου,
1071 2603 1131 2682 καὶ
1155 2601 1266 2682 ἄλλοι
1291 2599 1458 2704 ζῶσουοέ
1479 2634 1529 2682 σε

318 2737 340 2774 “
357 2728 416 2806 καὶ
444 2723 646 2805 ἀποέσουσέ
669 2757 715 2803 σε
743 2721 835 2803 ὅπου
863 2724 904 2802 οὐ
933 2723 1059 2808 θέλεις.
1097 2733 1205 2806 τοῦτο
1233 2725 1272 2805 δέ
1300 2722 1386 2824 εἶπε,
1406 2727 1522 2830 φησὶ,

318 2859 341 2897 “
359 2847 548 2950 σημαίνων
568 2844 660 2955 ποθερ
688 2845 832 2955 θανάτῳ
861 2845 1010 2953 δοξάσει
1037 2847 1102 2928 τὸν
1126 2846 1258 2931 θεόν.”
1299 2854 1329 2929 εἰ
1358 2846 1430 2951 γάρ
1461 2849 1529 2929 καί

318 2975 419 3054 ἐστιν
447 2969 514 3074 ἡδὺ
546 2977 620 3056 τοῖς
648 2971 765 3074 ἁγίοις
798 2968 840 3050 τὸ
872 2969 1030 3076 πάσχειν
1062 2969 1150 3075 ἀπέρ
1178 2976 1355 3075 Χριστοῦ,
1383 2970 1470 3051 ἀλλ’
1500 2973 1521 3050 5

288 3097 479 3182 οκένδυνος
510 3097 553 3176 οὐ
586 3092 738 3196 θελητὸς
769 3092 846 3194 μέν,
875 3093 1035 3202 φορητὸς
1068 3096 1104 3174 δ’
1136 3095 1200 3174 οὖν
1230 3095 1327 3195 ὅμως
1358 3093 1445 3175 όταν
1477 3095 1524 3202 ἐξ

317 3221 476 3324 ἀνάγκης
494 3226 602 3300 τινῶν
617 3218 838 3327 ἐπιφέρηται.
880 3217 938 3297 διά
956 3227 1063 3299 τοῦτο
1081 3221 1140 3298 καὶ
1157 3217 1375 3322 προστάττει
1392 3253 1514 3323 προσ·

316 3343 497 3448 εθχεσθαι,
515 3343 574 3423 ἵνα
592 3339 643 3444 μὴ
661 3342 874 3442 ἐμπέσωμεν
892 3345 942 3426 εἰς
962 3337 1178 3446 πειρασμόν.

263 3621 299 3686 37
315 3611 404 3686 Λὲτει
430 3611 521 3696 αὐτῷ
547 3612 566 3678 ὁ
591 3609 716 3700 Πέτρος
745 3607 848 3698 Κύριε,
876 3607 961 3675 διοτί
988 3609 1026 3676 οὐ
1054 3607 1191 3686 δύναμαί
1217 3631 1269 3676 σοι
1297 3611 1350 3676 νῦν
1375 3607 1529 3680 ἀκολου-τ

541 3741 656 3817 ostoun
690 3732 750 3800 τάν
776 3735 880 3821 ψυχήν
907 3756 968 3810 μου
996 3733 1078 3824 ὑπὲρ
1102 3738 1159 3802 σοῦ
1184 3735 1287 3800 θήσω.

369 3907 421 3990 Τι’
440 3907 482 3988 τό
507 3905 659 4006 κωλύον,
679 3909 806 4013 φησὶν,
825 3906 847 4008 ἢ
867 3907 905 3987 τί
920 3907 961 3988 τὸ
981 3907 1142 4015 ἐξεῖργον
1160 3911 1381 4004 ἀκολουθεῖν,
1399 3901 1508 4014 τὸνῷ

312 4029 550 4138 προτεθνάναι
584 4039 648 4112 τοῦ
681 4029 904 4111 διδασκάλου
936 4031 1086 4130 σκοπὸς,
1117 4033 1176 4112 καὶ
1213 4033 1251 4111 ἐν
1283 4029 1507 4136 καυχήματος

278 4155 413 4266 ἀπάξει
438 4153 673 4258 λελόγισται;
708 4151 814 4238 τέλος
837 4152 903 4252 μέν
924 4154 996 4257 γὰρ
1023 4156 1187 4236 κινδύνου
1214 4152 1359 4252 παντὸς,
1382 4157 1439 4233 καὶ
1465 4152 1505 4233 τὸ

311 4277 509 4384 ἀκρότατον
527 4275 652 4382 ὥσπερ
676 4281 739 4378 τῆς
765 4283 837 4357 τῶν
856 4275 1057 4358 διωκόντων
1075 4277 1253 4358 ἀτιθάσου
1279 4277 1499 4384 πλεονεξίας,
1515 4303 1528 4360 3

345 4499 370 4554 6.
390 4499 499 4568 δύναμαί
510 4521 554 4554 σοι
566 4499 628 4567 (οἱα)
642 4497 674 4553 Ε.
770 4511 795 4569 7.
814 4497 923 4554 θθνοτον
937 4497 968 4552 Ε.
982 4495 1033 4552 Εθ.
1047 4497 1291 4570 ως.θανθτουΕθ.
1388 4497 1414 4552 8.
1432 4498 1499 4552 ὑπαι-

309 4572 418 4628 νίττετοι
431 4571 463 4626 Ε.
477 4571 625 4640 ὑπῃνίττετο
641 4567 690 4624 Ed.
