3118 5132
322 323 388 387 378
627 324 664 388 Β.
690 322 899 388 CYRILLI
929 321 1221 388 ALEXANDR.
1323 319 1389 385 xiii.
1400 339 1462 405 31,
1481 333 1535 404 32

291 491 382 572 ηκαὶ
419 485 567 591 σφόδρα
602 485 744 568 πλατὺν
781 485 867 566 ὶέναι
903 487 967 567 τὸν
1004 487 1128 588 λόγον,
1164 493 1237 567 τῶν
1273 485 1402 588 ἀρτίως
1442 483 1538 580 ἡμΐι

324 611 623 712 ἀπηριθμημένων
640 609 865 712 πραγμάτων
883 613 957 691 κατ’
978 609 1079 691 οὐδὲν
1097 609 1301 710 ἡττωμένην
1322 605 1388 706 τὴν
1410 605 1539 710 δόξαν

296 745 301 756 ⁸
322 733 489 836 ἐχόντων.
530 742 607 819 πῶς
632 735 694 813 οὖν
716 733 787 836 ἀρα
813 733 986 815 λοιπὸνὸ
1014 738 1072 814 καὶ
1099 732 1215 815 πάλαι
1243 730 1539 838 δεδοξασμένος,

322 855 447 937 ἑαυτὸν
484 861 559 938 νυνὶ
597 856 815 965 δεδοξάσθαι
853 859 952 965 φησί
963 890 974 956 ;
1019 857 1235 964 δεδόξασται
1270 855 1343 958 γάρ
1381 857 1441 933 καὶ
1490 856 1539 930 δι’

322 981 460 1083 ἐτέρων,
479 985 538 1061 καὶ
567 988 786 1084 θεοπρεποῦς
812 981 980 1089 ἐξουσίας
1008 981 1197 1088 ὑπόληψιν
1224 981 1316 1085 ἔχων
1343 979 1540 1084 ἐφαίνετο·

322 1103 364 1183 τὸ
389 1103 504 1207 γεμὴν
521 1109 584 1205 τῆς
607 1105 715 1212 δόξης
740 1105 877 1185 τέλειον
900 1107 959 1185 καὶ
984 1109 1048 1204 τῆς
1073 1105 1232 1188 εὐκλείας
1255 1101 1298 1183 τὸ
1322 1105 1468 1202 πλήρες
1499 1101 1540 1177 ἐν

322 1228 441 1336 ἐκείνῳ
459 1228 603 1314 πάντως
621 1228 675 1330 ἦν,
695 1233 801 1338 ἐντῷ
820 1236 947 1310 παθεῖν
965 1229 1074 1309 αὐτὸν
1093 1228 1180 1330 ὑπέρ
1204 1231 1269 1328 τῆς
1292 1234 1356 1307 τοῦ
1381 1223 1541 1317 κόσμου

322 1349 422 1452 ζωῆς,
442 1355 500 1432 καὶ
523 1354 565 1432 δι’
583 1355 712 1433 ’ἑαυτοῦ
737 1357 800 1452 τῆς
826 1352 996 1432 ἁπάντων
1013 1351 1248 1434 ἀναστάσεως
1266 1350 1541 1446 καινατομῆσαι

294 1473 387 1554 οτὸν
403 1473 549 1578 τρόπον.
589 1474 844 1578 βασανίζοντες
861 1474 933 1578 γάρ
952 1479 1000 1560 ὡς
1018 1476 1068 1556 ἐνι
1087 1481 1207 1559 καλῶς
1229 1482 1293 1554 τοῦ
1317 1473 1393 1551 κατ’
1414 1467 1542 1548 αὑτὸν

321 1598 522 1702 μυστηρίου
558 1597 622 1678 τὸν
651 1599 776 1702 λόγον,
808 1600 875 1705 οὐχ
907 1601 1021 1707 ἐαυτῷ
1052 1598 1173 1703 τυχὸν,
1207 1597 1286 1678 οὐδὲ
1318 1595 1447 1699 κυρίως
1487 1594 1536 1672 δι’

322 1720 447 1800 ἑαυτὸν
465 1728 640 1802 τεθνεῶτα
658 1720 904 1830 κατοψόμεθα,
923 1725 1009 1802 ἀλλ’
1031 1721 1119 1826 ὑπέρ
1138 1722 1284 1822 ἀπάσης
1302 1725 1366 1820 τῆς
1385 1723 1538 1821 ἀνθρω-

321 1842 476 1944 πότητος
503 1852 630 1926 παθεῖν
651 1851 776 1926 τεκαὶ
804 1851 949 1950 δράσαι,
966 1846 1009 1926 τό
1032 1881 1070 1927 τε
1097 1845 1213 1932 πάθος
1240 1842 1339 1941 αὐτὸ,
1357 1846 1417 1923 καὶ
1444 1841 1534 1941 μετ’

322 1969 432 2048 ἐκεῖνο
464 1967 530 2068 τήν
557 1966 773 2050 ἀνάστασιν.
823 1969 968 2071 τέθνηκε
995 1968 1060 2068 μέν
1088 1970 1160 2073 γάρ
1190 1967 1281 2050 κατά
1309 1967 1374 2068 τὴν
1401 1965 1536 2069 σάρκα

321 2096 385 2192 τῆς
410 2091 579 2173 ἁπάντων
597 2093 687 2197 ζωῆς
711 2091 925 2198 ἀντίῤῥοπον
946 2092 1012 2194 τήν
1031 2095 1123 2173 ἰδίαν
1141 2091 1358 2190 ἀποδεικνὺς,
1376 2096 1435 2170 καὶ
1461 2095 1535 2188 τῆς

321 2218 471 2321 ἀρχαίας
499 2218 630 2318 ἐκείνης
658 2220 882 2322 ἀποπληρῶν
909 2219 998 2318 ἀρᾶς
1026 2220 1064 2297 ἐν
1091 2220 1204 2324 ἐαυτῷ
1231 2215 1297 2318 τήν
1323 2216 1476 2314 δύναμιν
1510 2219 1532 2295 ὁ

321 2338 468 2420 πάντων
491 2339 668 2448 ἀντάξιος.
709 2342 897 2444 ἐγήγερται
924 2339 962 2420 δέ
989 2339 1103 2422 πάλιν
1130 2343 1168 2422 ἐκ
1198 2348 1332 2444 νεκρῶν
1353 2347 1399 2424 εἲς
1427 2339 1526 2439 ἀκή-

290 2487 312 2552 d
322 2462 433 2565 ρατόν
451 2497 530 2542 τινα
555 2468 612 2542 καὶ
639 2464 889 2564 ἀκατάληκτον
908 2462 1010 2566 ζωήν,
1030 2463 1120 2564 ὅλην
1138 2467 1176 2544 ἐν
1198 2469 1311 2572 ἐαυτῷ
1335 2463 1530 2547 διανιστάς

324 2584 390 2684 τήν
418 2586 544 2692 φύσιν.
595 2586 699 2692 ἅπαξ
727 2586 799 2690 γάρ
830 2587 1032 2685 ἀποθανὼν,
1062 2588 1154 2668 κατὰ
1185 2587 1227 2668 τὸ
1260 2588 1527 2691 γεγραμμένον,

326 2719 347 2756 “
366 2709 480 2788 οὐκέτι
498 2708 730 2810 ἀποθνήσκει·
761 2710 915 2794 θάνατος
940 2713 1049 2792 αὐτοῦ
1074 2710 1189 2791 οὐκέτι
1214 2711 1373 2814 κυριεύει.
1411 2708 1528 2813 ὃγάρ

325 2841 346 2877 “
365 2828 529 2930 ἀπέθανε,
554 2838 599 2937 τῇ
627 2835 784 2940 ἁμαρτίᾳ
811 2833 986 2914 ἀπέθανεν
1013 2835 1173 2942 ἐφάπαξ,
1199 2834 1219 2915 δ
1248 2835 1286 2916 δέ
1313 2835 1370 2940 ζῇ,
1397 2833 1443 2938 ζῇ
1473 2869 1546 2940 τῳτ

324 2963 346 3001 “
365 2955 482 3062 θεῲ.”
530 2964 636 3036 τοῦτο
677 2960 735 3036 καὶ
771 2957 827 3062 ἐφ’
865 2957 950 3056 ἡμῖν
986 2959 1105 3042 αὐτοῖς
1145 2957 1278 3058 ἀληθές
1317 2959 1420 3038 ἔσται
1465 2956 1527 3036 διὰ

323 3078 501 3180 Χριστόν.
540 3079 809 3183 ἐγερθησόμεθα
833 3078 906 3184 γάρ
930 3081 981 3161 ἐτι
1006 3086 1055 3165 εἶς
1080 3079 1235 3163 θάνατον
1260 3085 1348 3187 οὐχὶ,
1368 3083 1452 3161 ἀλλ’
1474 3086 1527 3164 είς

323 3199 415 3305 ζωὴν
432 3203 498 3302 τὴν
516 3203 726 3305 ἀπέραντον,
744 3210 774 3284 εἰ
799 3208 858 3284 καὶ
882 3203 1008 3305 πολλὴ
1033 3205 1123 3304 μετὰ
1147 3215 1254 3286 τοῦτο
1275 3213 1348 3284 τῶν
1366 3207 1521 3284 ἀνιστα-

322 3325 439 3422 μένων
466 3327 488 3426 ἡ
517 3327 683 3434 διαφορὰ,
706 3325 798 3408 κατά
825 3363 867 3431 γε
893 3327 935 3408 τὸ
963 3330 1001 3408 ἐν
1028 3328 1118 3436 δόξῃ
1146 3331 1250 3436 φημὶ,
1273 3333 1330 3409 καὶ
1358 3327 1424 3428 τήν
1448 3335 1524 3410 τοῖς

324 3447 479 3529 ἑκάστου
496 3449 641 3552 τρόποις
660 3453 955 3556 χρεωστουμένην
973 3455 1168 3533 ἀντίδοσιν.
1199 3451 1387 3554 γενόμενος
1403 3453 1524 3531 τοίνυν
1541 3480 1546 3518 2

326 3581 348 3618 “
367 3569 520 3671 ὑπήκοος
547 3579 598 3680 τῷ
622 3578 710 3681 ’Θεῷ
737 3579 795 3654 καὶ
825 3580 944 3678 Πατρὶ
972 3576 1077 3681 με’χρι
1105 3576 1271 3673 θανάτου,
1299 3573 1456 3656 θανάτου
1484 3573 1522 3653 δέ

296 3703 347 3775 e“
365 3696 556 3798 σταυροῦ,”
571 3695 663 3774 κατά
681 3695 747 3795 τὴν
762 3707 826 3780 τοῦ
846 3699 1000 3781 Παύλου
1019 3699 1153 3806 φωνὴν,
1170 3699 1391 3806 ὑπερυψεόθη
1409 3697 1522 3780 πάλιν

325 3815 452 3912 λαβὼν
483 3816 526 3898 τὸ
558 3818 672 3918 ὄνομα
704 3819 746 3902 τὸ
779 3821 868 3926 ὑπέρ
900 3831 974 3904 πᾶν
1006 3824 1130 3924 ὄνομα.
1181 3827 1201 3904 ὁ
1233 3822 1305 3927 γάρ
1340 3825 1522 3922 νομισθεὶς

323 3941 512 4046 ἅνθρωπος
536 3939 624 4023 εἶναι
649 3945 773 4050 ψιλὸς,
797 3946 1071 4054 ὑπερεδοξάσθη
1095 3949 1189 4045 λίαν,
1209 3945 1303 4032 Θεὸς
1327 3945 1439 4030 ὄντως
1463 3946 1521 4025 καὶ

323 4065 411 4150 Υἱὸς
429 4075 493 4146 τοῦ
513 4072 609 4148 Θεοῦ
628 4066 718 4147 κατά
736 4067 909 4168 ἀλήθειαν
927 4071 1227 4172 ἀναδεδειγμένος,
1247 4072 1311 4150 οὐκ
1330 4075 1379 4155 είς
1401 4068 1546 4150 καινδνΞ

323 4189 466 4297 ἀξίωμα
490 4191 704 4292 κεκλημένος
731 4191 774 4271 τὸ
803 4189 891 4272 εἶναι
919 4195 1030 4300 φύσει
1054 4191 1158 4292 θεὸς,
1181 4195 1265 4274 ἀλλ’
1286 4201 1334 4278 είς
1362 4193 1451 4297 ὅπερ
1478 4190 1520 4292 ἦν

156 2703 230 2753 Rom.
237 2702 271 2753 vi.

157 2783 182 2834 η,
192 2782 230 2818 ιο.

359 4425 402 4480 23.
420 4409 508 4478 πολλή
521 4409 554 4466 E.
565 4411 635 4466 πολὺ
647 4409 699 4465 Εδ.
771 4410 815 4467 26.
834 4411 944 4467 θανάτου
956 4411 1015 4538 Ἢ
1030 4412 1130 4485 θανάτῳ
1143 4412 1176 4467 Ε.
1249 4414 1443 4486 28-p.379,2
1458 4413 1520 4468 citat

323 4480 442 4534 collectio
455 4481 667 4538 testimoniorum
675 4483 732 4554 μοι
744 4500 823 4556 saepe
835 4483 879 4538 cit.
894 4481 996 4554 (coda
1016 4482 1044 4540 d.
1060 4497 1155 4555 14533,
1168 4483 1215 4540 sol.
1228 4501 1245 4551 4
1257 4485 1296 4554 v).
1375 4500 1420 4555 30.
1439 4479 1517 4551 Θεοῦ]

324 4555 342 4580 “
351 4549 493 4608 hominiu'’
507 4550 566 4624 Syr.
