3248 5112
93 345 157 413 xiv.
172 367 224 430 αι.
391 351 449 418 IN
481 355 514 420 S.
537 351 559 417 J
564 353 794 422 OANNEM.
838 355 934 421 LIB.
957 354 1000 421 K
1224 347 1289 414 503

92 521 280 602 παντελῶς
304 517 543 604 ἀναπαύσεως
565 521 604 601 ἐν
619 520 744 606 αὐτοῖς
767 521 944 624 εὑρίσκειν
961 517 1025 602 τὸν
1042 517 1151 601 Θεύν·
1184 525 1291 598 τοῦτο

93 637 166 742 γάρ
181 641 262 720 ἐστι
278 639 321 721 τὸ
339 649 459 723 κλῖναι
476 641 544 742 τὴν
562 642 740 750 κεφαλήν.

150 766 418 868 Καθαρίσωμεν
439 766 559 848 τοίνυν
583 764 656 848 ἀπὸ
682 764 818 852 παντὸς
845 774 1039 867 μολυσμοῦ
1065 765 1132 852 τάς
1157 766 1292 846 ἑαυτῶν

92 886 250 989 καρδίας·
292 889 386 970 οὕτω
418 887 491 992 γάρ
522 893 617 972 οῦτω
652 894 712 972 καὶ
744 893 782 972 ἐν
813 891 900 991 ἡμῖν
931 892 1069 992 οἰκήσει
1099 888 1204 988 Θεὸς,
1233 889 1293 968 καὶ

60 1019 79 1081 5
94 1011 258 1109 ἀμείνους
275 1012 368 1113 ἡμᾶς
387 1011 535 1115 ἀπάοης
551 1014 715 1119 ἐπηρείας
733 1017 916 1124 ἀποφανεῖ
930 1019 1153 1114 διαβολικῆς,
1170 1047 1290 1113 μακα·

92 1135 190 1238 ρίους
216 1169 255 1216 τε
282 1137 342 1216 καὶ
369 1135 549 1240 ζηλωτοὺς
575 1136 780 1242 ε’ργιίσεται,
807 1143 866 1219 καὶ
893 1137 1082 1224 κοινωνούς
1113 1137 1322 1245 ἀποδείξαι
1342 1157 1460 1216 em.

94 1262 159 1358 τῆς
176 1259 272 1346 θείας
289 1261 398 1342 αι’ττοῦ
415 1264 474 1342 καὶ
492 1259 648 1367 ἀῤῥήτου
666 1260 826 1369 φύσεως.

98 1516 156 1584 Καὶ
185 1519 205 1586 ὁ
232 1518 331 1596 λότοο
358 1519 397 1588 ὃν
424 1519 562 1587 ἀκούετε
588 1519 648 1586 οὐκ
674 1518 762 1588 ἔστιν
789 1519 879 1602 ἒμόο,
903 1519 991 1587 ἀλλὰ
1017 1523 1075 1586 τοῦ
1102 1517 1293 1599 πὲμψαντδι

589 1669 629 1725 με
656 1646 798 1736 Πατρός.

43 1847 84 1888 10
152 1813 348 1908 Οίκονομεῖ
376 1844 411 1890 τι
438 1806 552 1891 πάλιν
578 1815 652 1890 τῶν
679 1810 893 1912 ἀναγκαίων,
921 1813 980 1891 καὶ
1012 1809 1220 1892 καλούντων
1246 1815 1296 1895 είς

97 1932 276 2038 ὀρθότητα
303 1939 504 2037 λογισμῶν,
523 1935 582 2014 καὶ
608 1935 651 2015 δι’
672 1929 723 2014 ῶν
744 1933 900 2033 ἔμελλον
921 1934 1185 2039 εὐμαθεστέρου
1203 1933 1296 2040 ἔχειν

98 2057 256 2139 διάνοιαν
284 2063 333 2143 είς
363 2058 406 2138 τὸ
435 2058 595 2139 συνιέναι
623 2063 744 2142 καλῶς
771 2065 836 2138 τοῦ
865 2057 1066 2163 μυστηρίου
1094 2059 1138 2139 τῦ
1167 2059 1294 2155 βάθος,

96 2181 327 2286 παρακομίζει
351 2171 466 2263 πάλιν
488 2186 537 2267 είς
561 2180 687 2280 μέσον.
727 2179 884 2285 στηρίζει
908 2181 947 2263 δὲ
970 2189 1043 2263 τῶν
1061 2181 1329 2286 ἀκροωμένωνυ

97 2305 163 2387 τὸν
187 2313 282 2405 νοῦν,
299 2307 358 2386 ἵνα
381 2305 432 2406 μη
455 2311 533 2391 ταῖς
550 2305 731 2386 Ἰουδαίων
752 2307 920 2404 ἀμαθίαις
946 2303 1292 2408 συγκαθελκόμενοι,

46 2463 84 2523 15
99 2431 158 2508 καὶ
184 2436 262 2514 ταῖς
288 2431 429 2510 ἐκείνων
454 2431 635 2514 ὑπονοίαις
661 2427 708 2511 τά
732 2428 798 2509 ’ίσα
825 2436 917 2510 νοεῖν
941 2429 1205 2533 ἀγαπήσαντες,
1230 2427 1297 2524 τὴν

97 2553 205 2655 ἀγίαν
223 2556 282 2634 καὶ
304 2551 540 2658 εῦαγγελικήν
561 2588 653 2638 τινες
677 2551 876 2658 ἀτιμάζοιεν
900 2555 1101 2646 παίδευσιν·
1130 2550 1151 2634 δ
1179 2551 1218 2634 δὲ
1246 2559 1294 2634 εῦ-

96 2685 177 2758 πεῖν
194 2677 387 2779 βούλομαι,
398 2683 529 2784 σαφῶς
547 2680 626 2758 ε’στι
643 2686 817 2758 τοιοῦτον.
850 2678 870 2758 ὁ
889 2675 997 2778 νόμος
1014 2676 1164 2784 μὲνγὰρ
1183 2677 1293 2760 σκιάν
1337 2671 1406 2790 ffb·
1419 2689 1444 2724 ¹·

98 2799 191 2904 ἔχων
218 2804 278 2882 καὶ
313 2801 427 2884 τύπον
452 2813 474 2850 “
487 2801 593 2908 με’χρι
624 2809 749 2907 καιροῦ
784 2799 1034 2905 διορθῶσεως”
1059 2803 1290 2902 ἐπικείμενον,
1337 2822 1464 2874 mimo.

98 2922 190 3004 κατά
217 2923 283 3025 τὴν
306 2935 370 3006 τοῦ
397 2926 550 3006 Παύλου
577 2924 712 3033 φωνὴν,
731 2925 995 3028 “παιδαγωγῦς
1022 2927 1123 3026 ἡμῶν
1146 2925 1293 3029 γε’γονεν
1337 2942 1395 2994 (λιι
1408 2943 1443 2998 iii.

45 3091 86 3131 20
100 3061 121 3099 “
139 3055 188 3136 είς
219 3050 416 3155 Χριστὸν,”
444 3052 503 3130 καὶ
538 3049 806 3154 προμελίτησιν
837 3045 963 3152 ῶσπερ
999 3047 1080 3128 τινά
1116 3053 1179 3149 τῆς
1214 3049 1292 3130 κατ’
1340 3023 1379 3073 ²4

97 3175 283 3272 εὐσέβειαν
299 3177 426 3280 ἀρετῆς
449 3171 652 3276 εἰσεκόμιζε.
692 3171 963 3277 προγύμνασμα
981 3172 1098 3252 τοίνυν
1115 3175 1179 3272 τῆς
1197 3173 1290 3272 ἀλη-

98 3303 183 3384 θοῦς
207 3303 267 3380 καὶ
292 3299 330 3379 ε’ν
347 3295 523 3398 πνεύματι
546 3297 714 3401 λατρείας
737 3295 783 3376 τά
807 3295 865 3376 διά
885 3299 1073 3382 Μωυσέως
1095 3294 1205 3376 εἰπών
1221 3329 1324 3394 um

98 3423 164 3503 οῦκ
191 3421 236 3504 ἀν
263 3421 416 3527 ἀμάρτοι
442 3431 506 3502 τοῦ
533 3419 744 3526 πρέποντος.
788 3419 847 3501 διά
873 3423 946 3526 γάρ
973 3456 1028 3503 τοι
1054 3431 1161 3504 τοῦτο
1193 3455 1290 3502 τετε·

100 3547 247 3628 λείωκεν
265 3548 285 3626 ὁ
305 3545 413 3646 νόμος
430 3543 541 3627 οὐδέν·
569 3547 591 3625 ὁ
609 3543 647 3625 δὲ
663 3544 795 3648 Κύριος
813 3545 914 3646 ἡμῶν
923 3546 1066 3648 Ἰησοῦς
1083 3547 1105 3626 ὁ
1121 3545 1295 3650 Χριστὸς,

47 3702 89 3764 25
101 3670 216 3751 οῦκίτι
232 3667 457 3774 πραγμάτων
475 3667 621 3768 εἰκόνας,
640 3669 726 3750 ἀλλ’
747 3667 859 3771 αὐτὴν
877 3669 961 3770 ἡμῖν
979 3667 1188 3778 ἀναφανδὸν
1207 3668 1293 3750 ύπί-

101 3791 195 3901 δειξε
219 3792 286 3894 τὴν
309 3793 491 3894 ἀλήθειαν,
510 3794 574 3874 ούκ
598 3795 636 3874 ε’ν
657 3793 781 3896 τύποις
808 3793 859 3874 ἔτι
887 3797 947 3876 καὶ
962 3793 1136 3911 ρχῆματι
1162 3791 1205 3875 τὸ
1232 3797 1297 3894 τῆς

100 3919 227 4022 ἀρετῆς
271 3915 517 4026 καταγράφων
558 3915 660 4016 εἶδος,
697 3917 785 4022 ὅπερ
827 3920 937 3999 ε’ποιέι
979 3922 1155 4019 Μωυσῆς,
1196 3915 1297 3999 ἀλλά

99 4039 239 4144 γυμνὴν
267 4037 392 4145 ῶσπερ
419 4043 478 4121 καὶ
504 4043 648 4150 ἐμφανῆ
676 4039 863 4140 καθιστάς,
887 4045 945 4123 καὶ
971 4041 1096 4144 πλήρη
1123 4039 1214 4145 πρδς
1241 4041 1297 4121 εῦ-

99 4165 247 4260 σέβειαν
274 4165 338 4246 τὸν
365 4165 558 4268 ἀνθρωπον
585 4167 781 4246 ἀποτελῶν.
821 4161 866 4266 ἦν
891 4165 953 4246 οῦν
978 4163 1049 4268 ἀρα
1076 4171 1149 4244 τῶν
1176 4163 1298 4245 τύπων

46 4328 89 4389 30
101 4295 149 4376 εἷς
166 4288 338 4392 ἀλήθειαν
355 4288 605 4396 μεταχώρησις
624 4291 683 4370 καὶ
702 4285 943 4390 μετάπλασις,
961 4293 1035 4368 τῶν
1053 4285 1112 4368 διά
1131 4293 1297 4392 Χριστοῦ

105 4526 189 4638 ”ml
200 4510 312 4638 ἶμιλέον
324 4509 389 4567 EAE.
403 4508 453 4566 Ed.
466 4525 522 4582 mg.
533 4509 645 4580 δμιλλιν
657 4507 710 4565 Ed.
1051 4505 1092 4564 16.
1110 4505 1254 4578 ἀτιμάζιιεν
1266 4505 1299 4564 Ε.

141 4621 149 4638 .
166 4603 247 4639 ιπειν
284 4621 292 4637 .
