<?xml version="1.0" encoding="UTF-8"?>
<!DOCTYPE html PUBLIC "-//W3C//DTD XHTML 1.0 Transitional//EN"
    "http://www.w3.org/TR/xhtml1/DTD/xhtml1-transitional.dtd">
<html xmlns="http://www.w3.org/1999/xhtml" xml:lang="en" lang="en">
 <head>
  <title>
</title>
<meta http-equiv="Content-Type" content="text/html;charset=utf-8" />
  <meta name='ocr-system' content='tesseract 3.04.00' />
  <meta name='ocr-capabilities' content='ocr_page ocr_carea ocr_par ocr_line ocrx_word'/>
</head>
<body>
  <div class='ocr_page' id='page_1' title='image "./sanctipatrisnos02pusegoog_0677.png"; bbox 0 0 3274 5118; ppageno 0'>
   <div class='ocr_carea' id='block_1_1' title="bbox 119 324 1321 394">
    <p class='ocr_par' dir='ltr' id='par_1_1' title="bbox 119 324 1321 394">
     <span class='ocr_line' id='line_1_1' title="bbox 119 324 1321 394; baseline 0.001 -6"><span class='ocrx_word' id='word_1_1' title='bbox 119 324 185 390; x_wconf 82' lang='lat' dir='ltr'>xvi.</span> <span class='ocrx_word' id='word_1_2' title='bbox 201 327 249 391; x_wconf 90' lang='lat'>16.</span> <span class='ocrx_word' id='word_1_3' title='bbox 296 325 354 392; x_wconf 91' lang='lat' dir='ltr'>IN</span> <span class='ocrx_word' id='word_1_4' title='bbox 384 327 417 394; x_wconf 84' lang='lat' dir='ltr'>S.</span> <span class='ocrx_word' id='word_1_5' title='bbox 442 324 700 392; x_wconf 81' lang='lat' dir='ltr'><strong>JOANNEM.</strong></span> <span class='ocrx_word' id='word_1_6' title='bbox 746 324 843 391; x_wconf 83' lang='lat' dir='ltr'><strong>LIB.</strong></span> <span class='ocrx_word' id='word_1_7' title='bbox 867 324 928 392; x_wconf 86' lang='lat' dir='ltr'>XI.</span> <span class='ocrx_word' id='word_1_8' title='bbox 973 325 1075 394; x_wconf 81' lang='lat' dir='ltr'><strong>cAP.</strong></span> <span class='ocrx_word' id='word_1_9' title='bbox 1098 326 1146 394; x_wconf 92' lang='lat'>11.</span> <span class='ocrx_word' id='word_1_10' title='bbox 1256 324 1321 390; x_wconf 74' lang='lat'>639</span> 
     </span>
    </p>
   </div>
   <div class='ocr_carea' id='block_1_2' title="bbox 60 487 1492 3442">
    <p class='ocr_par' dir='ltr' id='par_1_2' title="bbox 60 487 1492 3442">
     <span class='ocr_line' id='line_1_2' title="bbox 119 487 1323 598; baseline 0.002 -29"><span class='ocrx_word' id='word_1_11' title='bbox 119 495 299 592; x_wconf 68' lang='grc' dir='ltr'>φυσικῶςζ</span> <span class='ocrx_word' id='word_1_12' title='bbox 337 488 463 593; x_wconf 81' lang='grc' dir='ltr'>ὥσπερ</span> <span class='ocrx_word' id='word_1_13' title='bbox 490 487 525 570; x_wconf 84' lang='grc' dir='ltr'>δ’</span> <span class='ocrx_word' id='word_1_14' title='bbox 546 487 591 571; x_wconf 80' lang='grc' dir='ltr'>ἂν</span> <span class='ocrx_word' id='word_1_15' title='bbox 615 495 742 598; x_wconf 75' lang='grc' dir='ltr'>φῶμεν</span> <span class='ocrx_word' id='word_1_16' title='bbox 766 487 834 591; x_wconf 82' lang='grc' dir='ltr'>τὴν</span> <span class='ocrx_word' id='word_1_17' title='bbox 857 491 897 570; x_wconf 80' lang='grc' dir='ltr'>ἐκ</span> <span class='ocrx_word' id='word_1_18' title='bbox 924 495 997 572; x_wconf 88' lang='grc' dir='ltr'>τιῦν</span> <span class='ocrx_word' id='word_1_19' title='bbox 1021 487 1223 595; x_wconf 75' lang='grc' dir='ltr'>ἀρωμάτων</span> <span class='ocrx_word' id='word_1_20' title='bbox 1243 494 1323 572; x_wconf 82' lang='grc' dir='ltr'>ταῖς</span> 
     </span>
     <span class='ocr_line' id='line_1_3' title="bbox 118 610 1323 719; baseline 0 -27"><span class='ocrx_word' id='word_1_21' title='bbox 118 611 304 718; x_wconf 73' lang='grc' dir='ltr'>ἡμετέραις</span> <span class='ocrx_word' id='word_1_22' title='bbox 330 611 544 719; x_wconf 83' lang='grc' dir='ltr'>ὄσφρήσεσι</span> <span class='ocrx_word' id='word_1_23' title='bbox 571 611 893 718; x_wconf 79' lang='grc' dir='ltr'>προσβάλλουσαν</span> <span class='ocrx_word' id='word_1_24' title='bbox 920 615 1079 714; x_wconf 87' lang='grc' dir='ltr'>εὑωδίαν,</span> <span class='ocrx_word' id='word_1_25' title='bbox 1107 614 1230 718; x_wconf 78' lang='grc' dir='ltr'>ἑτέραν</span> <span class='ocrx_word' id='word_1_26' title='bbox 1256 610 1323 713; x_wconf 74' lang='grc' dir='ltr'>μὲν</span> 
     </span>
     <span class='ocr_line' id='line_1_4' title="bbox 119 733 1492 842; baseline -0.001 -26"><span class='ocrx_word' id='word_1_27' title='bbox 119 733 247 841; x_wconf 79' lang='grc' dir='ltr'>ὥσπερ</span> <span class='ocrx_word' id='word_1_28' title='bbox 271 739 320 823; x_wconf 83' lang='grc' dir='ltr'>ὡς</span> <span class='ocrx_word' id='word_1_29' title='bbox 345 737 436 842; x_wconf 81' lang='grc' dir='ltr'>πρὸς</span> <span class='ocrx_word' id='word_1_30' title='bbox 460 736 563 837; x_wconf 75' lang='grc' dir='ltr'>αὐτὰ,</span> <span class='ocrx_word' id='word_1_31' title='bbox 581 743 611 817; x_wconf 80' lang='grc' dir='ltr'>εί</span> <span class='ocrx_word' id='word_1_32' title='bbox 635 743 714 823; x_wconf 83' lang='grc' dir='ltr'>ταῖς</span> <span class='ocrx_word' id='word_1_33' title='bbox 738 737 907 823; x_wconf 74' lang='grc' dir='ltr'>ἐπινοίαις</span> <span class='ocrx_word' id='word_1_34' title='bbox 932 739 1010 839; x_wconf 86' lang='grc' dir='ltr'>δοίη</span> <span class='ocrx_word' id='word_1_35' title='bbox 1034 772 1089 824; x_wconf 88' lang='grc' dir='ltr'>τις</span> <span class='ocrx_word' id='word_1_36' title='bbox 1113 736 1169 836; x_wconf 84' lang='grc' dir='ltr'>δν,</span> <span class='ocrx_word' id='word_1_37' title='bbox 1186 770 1354 842; x_wconf 86' lang='grc' dir='ltr'>προεκ·ο</span> <span class='ocrx_word' id='word_1_38' title='bbox 1376 756 1492 817; x_wconf 74' lang='lat' dir='ltr'>om.</span> 
     </span>
     <span class='ocr_line' id='line_1_5' title="bbox 119 858 1458 971; baseline -0.001 -32"><span class='ocrx_word' id='word_1_39' title='bbox 119 858 265 942; x_wconf 81' lang='grc' dir='ltr'>κύπτειν</span> <span class='ocrx_word' id='word_1_40' title='bbox 282 859 397 964; x_wconf 81' lang='grc' dir='ltr'>γεμὴν</span> <span class='ocrx_word' id='word_1_41' title='bbox 415 863 483 968; x_wconf 86' lang='grc' dir='ltr'>οὑχ</span> <span class='ocrx_word' id='word_1_42' title='bbox 500 859 628 966; x_wconf 76' lang='grc' dir='ltr'>ἑτέρως</span> <span class='ocrx_word' id='word_1_43' title='bbox 653 860 763 942; x_wconf 77' lang='grc' dir='ltr'>οἴοιτο</span> <span class='ocrx_word' id='word_1_44' title='bbox 786 859 898 966; x_wconf 80' lang='grc' dir='ltr'>τυχὸν</span> <span class='ocrx_word' id='word_1_45' title='bbox 915 859 938 962; x_wconf 83' lang='grc' dir='ltr'>ἢ</span> <span class='ocrx_word' id='word_1_46' title='bbox 956 867 1029 942; x_wconf 81' lang='grc' dir='ltr'>τῶν</span> <span class='ocrx_word' id='word_1_47' title='bbox 1047 861 1092 971; x_wconf 79' lang='grc' dir='ltr'>ἐξ</span> <span class='ocrx_word' id='word_1_48' title='bbox 1107 858 1226 966; x_wconf 78' lang='grc' dir='ltr'>δνπέρ</span> <span class='ocrx_word' id='word_1_49' title='bbox 1243 862 1324 941; x_wconf 92' lang='grc' dir='ltr'>ε’στι</span> <span class='ocrx_word' id='word_1_50' title='bbox 1427 923 1431 932; x_wconf 83' lang='grc'>.</span> <span class='ocrx_word' id='word_1_51' title='bbox 1450 903 1458 938; x_wconf 82' lang='grc' dir='ltr'>ι</span> 
     </span>
     <span class='ocr_line' id='line_1_6' title="bbox 83 981 1325 1092; baseline -0.002 -24"><span class='ocrx_word' id='word_1_52' title='bbox 83 983 315 1089; x_wconf 77' lang='grc' dir='ltr'>5δεχομένην</span> <span class='ocrx_word' id='word_1_53' title='bbox 332 981 399 1084; x_wconf 85' lang='grc' dir='ltr'>τὴν</span> <span class='ocrx_word' id='word_1_54' title='bbox 416 986 566 1085; x_wconf 80' lang='grc' dir='ltr'>δύναμιν</span> <span class='ocrx_word' id='word_1_55' title='bbox 586 990 637 1070; x_wconf 83' lang='grc' dir='ltr'>είς</span> <span class='ocrx_word' id='word_1_56' title='bbox 661 983 809 1092; x_wconf 73' lang='grc' dir='ltr'>ἔνδειξιν</span> <span class='ocrx_word' id='word_1_57' title='bbox 829 987 966 1085; x_wconf 80' lang='grc' dir='ltr'>ἑαυτῆς,</span> <span class='ocrx_word' id='word_1_58' title='bbox 985 987 1050 1067; x_wconf 88' lang='grc' dir='ltr'>οὑκ</span> <span class='ocrx_word' id='word_1_59' title='bbox 1074 987 1191 1068; x_wconf 80' lang='grc' dir='ltr'>οὖσαν</span> <span class='ocrx_word' id='word_1_60' title='bbox 1208 984 1325 1089; x_wconf 83' lang='grc' dir='ltr'>γεμὴν</span> 
     </span>
     <span class='ocr_line' id='line_1_7' title="bbox 120 1107 1320 1216; baseline 0.003 -30"><span class='ocrx_word' id='word_1_61' title='bbox 120 1108 245 1212; x_wconf 82' lang='grc' dir='ltr'>ἑτέραν</span> <span class='ocrx_word' id='word_1_62' title='bbox 281 1107 340 1190; x_wconf 81' lang='grc' dir='ltr'>διὰ</span> <span class='ocrx_word' id='word_1_63' title='bbox 375 1107 418 1189; x_wconf 87' lang='grc' dir='ltr'>τὸ</span> <span class='ocrx_word' id='word_1_64' title='bbox 462 1109 506 1216; x_wconf 79' lang='grc' dir='ltr'>ἐξ</span> <span class='ocrx_word' id='word_1_65' title='bbox 544 1109 663 1189; x_wconf 83' lang='grc' dir='ltr'>αὑτῶν</span> <span class='ocrx_word' id='word_1_66' title='bbox 698 1143 739 1189; x_wconf 94' lang='grc' dir='ltr'>τε</span> <span class='ocrx_word' id='word_1_67' title='bbox 779 1110 838 1189; x_wconf 82' lang='grc' dir='ltr'>καὶ</span> <span class='ocrx_word' id='word_1_68' title='bbox 880 1110 918 1189; x_wconf 86' lang='grc' dir='ltr'>ἐν</span> <span class='ocrx_word' id='word_1_69' title='bbox 952 1110 1072 1194; x_wconf 86' lang='grc' dir='ltr'>αὑτοῖς</span> <span class='ocrx_word' id='word_1_70' title='bbox 1110 1109 1320 1216; x_wconf 80' lang='grc' dir='ltr'>πεφυκέναι·</span> 
     </span>
     <span class='ocr_line' id='line_1_8' title="bbox 120 1229 1323 1335; baseline 0 -24"><span class='ocrx_word' id='word_1_71' title='bbox 120 1229 283 1312; x_wconf 85' lang='grc' dir='ltr'>τοιοῦτόν</span> <span class='ocrx_word' id='word_1_72' title='bbox 298 1265 344 1330; x_wconf 88' lang='grc' dir='ltr'>τι,</span> <span class='ocrx_word' id='word_1_73' title='bbox 362 1239 508 1330; x_wconf 80' lang='grc' dir='ltr'>μᾶλλον</span> <span class='ocrx_word' id='word_1_74' title='bbox 527 1231 565 1313; x_wconf 74' lang='grc' dir='ltr'>δὲ</span> <span class='ocrx_word' id='word_1_75' title='bbox 587 1233 647 1312; x_wconf 80' lang='grc' dir='ltr'>καὶ</span> <span class='ocrx_word' id='word_1_76' title='bbox 672 1229 759 1335; x_wconf 81' lang='grc' dir='ltr'>ὑπὲρ</span> <span class='ocrx_word' id='word_1_77' title='bbox 786 1239 904 1330; x_wconf 85' lang='grc' dir='ltr'>τοῦτο,</span> <span class='ocrx_word' id='word_1_78' title='bbox 923 1229 1065 1332; x_wconf 75' lang='grc' dir='ltr'>νοήσεις</span> <span class='ocrx_word' id='word_1_79' title='bbox 1086 1233 1149 1314; x_wconf 76' lang='grc' dir='ltr'>ἐπί</span> <span class='ocrx_word' id='word_1_80' title='bbox 1168 1267 1209 1313; x_wconf 94' lang='grc' dir='ltr'>τε</span> <span class='ocrx_word' id='word_1_81' title='bbox 1227 1237 1323 1312; x_wconf 83' lang='grc' dir='ltr'>θεοῦ</span> 
     </span>
     <span class='ocr_line' id='line_1_9' title="bbox 120 1353 1324 1459; baseline 0.006 -24"><span class='ocrx_word' id='word_1_82' title='bbox 120 1358 181 1435; x_wconf 86' lang='grc' dir='ltr'>καὶ</span> <span class='ocrx_word' id='word_1_83' title='bbox 206 1363 271 1436; x_wconf 91' lang='grc' dir='ltr'>τοῦ</span> <span class='ocrx_word' id='word_1_84' title='bbox 294 1357 424 1459; x_wconf 83' lang='grc' dir='ltr'>Ἀγίου</span> <span class='ocrx_word' id='word_1_85' title='bbox 448 1354 670 1456; x_wconf 84' lang='grc' dir='ltr'>Πνεὺματος.</span> <span class='ocrx_word' id='word_1_86' title='bbox 710 1357 817 1436; x_wconf 82' lang='grc' dir='ltr'>οἱονεὶ</span> <span class='ocrx_word' id='word_1_87' title='bbox 843 1354 917 1459; x_wconf 83' lang='grc' dir='ltr'>γὰρ</span> <span class='ocrx_word' id='word_1_88' title='bbox 944 1353 1044 1456; x_wconf 84' lang='grc' dir='ltr'>ὀσμή</span> <span class='ocrx_word' id='word_1_89' title='bbox 1072 1391 1127 1442; x_wconf 91' lang='grc' dir='ltr'>τις</span> <span class='ocrx_word' id='word_1_90' title='bbox 1153 1357 1232 1437; x_wconf 81' lang='grc' dir='ltr'>ἐστὶ</span> <span class='ocrx_word' id='word_1_91' title='bbox 1258 1359 1324 1456; x_wconf 80' lang='grc' dir='ltr'>τῆς</span> 
     </span>
     <span class='ocr_line' id='line_1_10' title="bbox 120 1476 1324 1584; baseline 0.001 -26"><span class='ocrx_word' id='word_1_92' title='bbox 120 1479 248 1564; x_wconf 81' lang='grc' dir='ltr'>οὐσίας</span> <span class='ocrx_word' id='word_1_93' title='bbox 266 1479 385 1578; x_wconf 83' lang='grc' dir='ltr'>αὑτοῦ,</span> <span class='ocrx_word' id='word_1_94' title='bbox 403 1478 504 1584; x_wconf 77' lang='grc' dir='ltr'>ζῶσά</span> <span class='ocrx_word' id='word_1_95' title='bbox 528 1514 567 1560; x_wconf 90' lang='grc' dir='ltr'>τε</span> <span class='ocrx_word' id='word_1_96' title='bbox 594 1482 653 1560; x_wconf 81' lang='grc' dir='ltr'>καὶ</span> <span class='ocrx_word' id='word_1_97' title='bbox 677 1476 846 1584; x_wconf 61' lang='grc' dir='ltr'>ε’ναρρὴς,</span> <span class='ocrx_word' id='word_1_98' title='bbox 867 1479 1124 1584; x_wconf 62' lang='grc' dir='ltr'>διακομίᾷιυσα</span> <span class='ocrx_word' id='word_1_99' title='bbox 1144 1481 1191 1584; x_wconf 79' lang='grc' dir='ltr'>τῇ</span> <span class='ocrx_word' id='word_1_100' title='bbox 1208 1479 1324 1560; x_wconf 79' lang='grc' dir='ltr'>κτίσει</span> 
     </span>
     <span class='ocr_line' id='line_1_11' title="bbox 60 1599 1320 1706; baseline 0.005 -28"><span class='ocrx_word' id='word_1_101' title='bbox 60 1637 106 1678; x_wconf 89' lang='lat'>10</span> <span class='ocrx_word' id='word_1_102' title='bbox 120 1599 168 1682; x_wconf 78' lang='grc' dir='ltr'>τὰ</span> <span class='ocrx_word' id='word_1_103' title='bbox 194 1601 294 1706; x_wconf 78' lang='grc' dir='ltr'>παρὰ</span> <span class='ocrx_word' id='word_1_104' title='bbox 320 1611 385 1684; x_wconf 92' lang='grc' dir='ltr'>τοῦ</span> <span class='ocrx_word' id='word_1_105' title='bbox 408 1608 517 1704; x_wconf 85' lang='grc' dir='ltr'>Θεοῦ,</span> <span class='ocrx_word' id='word_1_106' title='bbox 541 1607 600 1684; x_wconf 83' lang='grc' dir='ltr'>καὶ</span> <span class='ocrx_word' id='word_1_107' title='bbox 626 1607 691 1704; x_wconf 75' lang='grc' dir='ltr'>τῆς</span> <span class='ocrx_word' id='word_1_108' title='bbox 718 1601 890 1684; x_wconf 80' lang='grc' dir='ltr'>ἀνωτάτω</span> <span class='ocrx_word' id='word_1_109' title='bbox 916 1610 1050 1685; x_wconf 79' lang='grc' dir='ltr'>πασῶν</span> <span class='ocrx_word' id='word_1_110' title='bbox 1074 1605 1201 1690; x_wconf 88' lang='grc' dir='ltr'>οὑσίας</span> <span class='ocrx_word' id='word_1_111' title='bbox 1227 1605 1320 1686; x_wconf 80' lang='grc' dir='ltr'>εἰσι·</span> 
     </span>
     <span class='ocr_line' id='line_1_12' title="bbox 120 1712 1355 1835; baseline 0.002 -29"><span class='ocrx_word' id='word_1_112' title='bbox 120 1731 229 1806; x_wconf 89' lang='grc' dir='ltr'>θεῖσα</span> <span class='ocrx_word' id='word_1_113' title='bbox 263 1725 307 1808; x_wconf 82' lang='grc' dir='ltr'>δι’</span> <span class='ocrx_word' id='word_1_114' title='bbox 335 1729 462 1828; x_wconf 83' lang='grc' dir='ltr'>ἑαυτῆς</span> <span class='ocrx_word' id='word_1_115' title='bbox 492 1725 559 1828; x_wconf 82' lang='grc' dir='ltr'>τὴν</span> <span class='ocrx_word' id='word_1_116' title='bbox 589 1726 743 1835; x_wconf 74' lang='grc' dir='ltr'>μέθεξιν.</span> <span class='ocrx_word' id='word_1_117' title='bbox 793 1731 824 1807; x_wconf 83' lang='grc' dir='ltr'>εἰ</span> <span class='ocrx_word' id='word_1_118' title='bbox 856 1725 930 1832; x_wconf 79' lang='grc' dir='ltr'>γὰρ</span> <span class='ocrx_word' id='word_1_119' title='bbox 962 1727 985 1827; x_wconf 86' lang='grc' dir='ltr'><strong><em>ἡ</em></strong></span> <span class='ocrx_word' id='word_1_120' title='bbox 1018 1712 1092 1808; x_wconf 81' lang='grc' dir='ltr'>τῶν</span> <span class='ocrx_word' id='word_1_121' title='bbox 1122 1725 1355 1830; x_wconf 74' lang='grc' dir='ltr'>άρωμάτωνδ</span> 
     </span>
     <span class='ocr_line' id='line_1_13' title="bbox 121 1847 1324 1956; baseline 0.002 -28"><span class='ocrx_word' id='word_1_122' title='bbox 121 1850 274 1950; x_wconf 86' lang='grc' dir='ltr'>εὑοσμία</span> <span class='ocrx_word' id='word_1_123' title='bbox 300 1847 366 1950; x_wconf 83' lang='grc' dir='ltr'>τὴν</span> <span class='ocrx_word' id='word_1_124' title='bbox 388 1851 481 1932; x_wconf 77' lang='grc' dir='ltr'>ἰδίαν</span> <span class='ocrx_word' id='word_1_125' title='bbox 503 1849 613 1956; x_wconf 84' lang='grc' dir='ltr'>ίσχὺν</span> <span class='ocrx_word' id='word_1_126' title='bbox 636 1847 919 1949; x_wconf 81' lang='grc' dir='ltr'>ἐναπομάττεται</span> <span class='ocrx_word' id='word_1_127' title='bbox 948 1857 1022 1934; x_wconf 86' lang='grc' dir='ltr'>τοῖς</span> <span class='ocrx_word' id='word_1_128' title='bbox 1049 1849 1245 1952; x_wconf 79' lang='grc' dir='ltr'>ἐσθήμασι,</span> <span class='ocrx_word' id='word_1_129' title='bbox 1264 1854 1324 1931; x_wconf 80' lang='grc' dir='ltr'>καὶ</span> 
     </span>
     <span class='ocr_line' id='line_1_14' title="bbox 122 1971 1322 2079; baseline 0.003 -27"><span class='ocrx_word' id='word_1_130' title='bbox 122 1973 375 2078; x_wconf 80' lang='grc' dir='ltr'>μετασκευάζει</span> <span class='ocrx_word' id='word_1_131' title='bbox 393 1972 528 2079; x_wconf 87' lang='grc' dir='ltr'>τρόπον</span> <span class='ocrx_word' id='word_1_132' title='bbox 545 1973 626 2055; x_wconf 78' lang='grc' dir='ltr'>τινὰ</span> <span class='ocrx_word' id='word_1_133' title='bbox 649 1971 742 2078; x_wconf 80' lang='grc' dir='ltr'>πρὸς</span> <span class='ocrx_word' id='word_1_134' title='bbox 765 1971 895 2073; x_wconf 80' lang='grc' dir='ltr'>ἑαυτὴν</span> <span class='ocrx_word' id='word_1_135' title='bbox 912 1971 959 2055; x_wconf 78' lang='grc' dir='ltr'>τὰ</span> <span class='ocrx_word' id='word_1_136' title='bbox 976 1975 1014 2054; x_wconf 84' lang='grc' dir='ltr'>ἐν</span> <span class='ocrx_word' id='word_1_137' title='bbox 1032 1973 1085 2060; x_wconf 81' lang='grc' dir='ltr'>οἷς</span> <span class='ocrx_word' id='word_1_138' title='bbox 1103 1973 1150 2056; x_wconf 82' lang='grc' dir='ltr'>δν</span> <span class='ocrx_word' id='word_1_139' title='bbox 1169 1974 1322 2077; x_wconf 86' lang='grc' dir='ltr'>γε’νοιτο,</span> 
     </span>
     <span class='ocr_line' id='line_1_15' title="bbox 122 2095 1388 2208; baseline 0.004 -33"><span class='ocrx_word' id='word_1_140' title='bbox 122 2102 200 2182; x_wconf 82' lang='grc' dir='ltr'>πῶς</span> <span class='ocrx_word' id='word_1_141' title='bbox 224 2099 290 2178; x_wconf 87' lang='grc' dir='ltr'>οὑκ</span> <span class='ocrx_word' id='word_1_142' title='bbox 314 2095 360 2178; x_wconf 85' lang='grc' dir='ltr'>διν</span> <span class='ocrx_word' id='word_1_143' title='bbox 378 2098 531 2204; x_wconf 76' lang='grc' dir='ltr'>ἰσχύσαι</span> <span class='ocrx_word' id='word_1_144' title='bbox 554 2097 597 2179; x_wconf 86' lang='grc' dir='ltr'>τὸ</span> <span class='ocrx_word' id='word_1_145' title='bbox 617 2104 768 2198; x_wconf 84' lang='grc' dir='ltr'>Πνεῦμα</span> <span class='ocrx_word' id='word_1_146' title='bbox 792 2095 835 2178; x_wconf 80' lang='grc' dir='ltr'>τὸ</span> <span class='ocrx_word' id='word_1_147' title='bbox 850 2095 985 2200; x_wconf 78' lang='grc' dir='ltr'>Ἀγιον</span> <span class='ocrx_word' id='word_1_148' title='bbox 1001 2099 1145 2204; x_wconf 79' lang='grc' dir='ltr'>ἐπείπερ</span> <span class='ocrx_word' id='word_1_149' title='bbox 1166 2101 1268 2180; x_wconf 80' lang='grc' dir='ltr'>ε’στὶν</span> <span class='ocrx_word' id='word_1_150' title='bbox 1284 2101 1325 2180; x_wconf 82' lang='grc' dir='ltr'>ἐκ</span> <span class='ocrx_word' id='word_1_151' title='bbox 1381 2199 1388 2208; x_wconf 25' lang='grc' dir='ltr'>ἱ</span> 
     </span>
     <span class='ocr_line' id='line_1_16' title="bbox 66 2219 1322 2328; baseline 0.002 -29"><span class='ocrx_word' id='word_1_152' title='bbox 66 2237 109 2298; x_wconf 85' lang='lat'>¹5</span> <span class='ocrx_word' id='word_1_153' title='bbox 124 2224 221 2302; x_wconf 87' lang='grc' dir='ltr'>Θεοῦ</span> <span class='ocrx_word' id='word_1_154' title='bbox 243 2228 421 2328; x_wconf 80' lang='grc' dir='ltr'>φυσικῶς,</span> <span class='ocrx_word' id='word_1_155' title='bbox 442 2220 631 2307; x_wconf 88' lang='grc' dir='ltr'>κοινωνοὺς</span> <span class='ocrx_word' id='word_1_156' title='bbox 654 2225 719 2322; x_wconf 77' lang='grc' dir='ltr'>τῆς</span> <span class='ocrx_word' id='word_1_157' title='bbox 743 2219 840 2305; x_wconf 87' lang='grc' dir='ltr'>θείας</span> <span class='ocrx_word' id='word_1_158' title='bbox 864 2220 1084 2302; x_wconf 70' lang='grc' dir='ltr'>ἀποτελέσαι</span> <span class='ocrx_word' id='word_1_159' title='bbox 1105 2224 1252 2328; x_wconf 84' lang='grc' dir='ltr'>φύσεως</span> <span class='ocrx_word' id='word_1_160' title='bbox 1279 2224 1322 2304; x_wconf 87' lang='grc' dir='ltr'>δι’</span> 
     </span>
     <span class='ocr_line' id='line_1_17' title="bbox 122 2342 1320 2452; baseline 0.004 -31"><span class='ocrx_word' id='word_1_161' title='bbox 122 2343 249 2426; x_wconf 84' lang='grc' dir='ltr'>ἑαυτοῦ</span> <span class='ocrx_word' id='word_1_162' title='bbox 266 2345 350 2430; x_wconf 85' lang='grc' dir='ltr'>τοῦς</span> <span class='ocrx_word' id='word_1_163' title='bbox 367 2348 405 2426; x_wconf 86' lang='grc' dir='ltr'>ε’ν</span> <span class='ocrx_word' id='word_1_164' title='bbox 423 2345 475 2430; x_wconf 79' lang='grc' dir='ltr'>οἷς</span> <span class='ocrx_word' id='word_1_165' title='bbox 493 2345 538 2426; x_wconf 83' lang='grc' dir='ltr'>ἂν</span> <span class='ocrx_word' id='word_1_166' title='bbox 555 2347 721 2450; x_wconf 71' lang='grc' dir='ltr'>γε’νοιτος</span> <span class='ocrx_word' id='word_1_167' title='bbox 753 2342 892 2448; x_wconf 81' lang='grc' dir='ltr'>καρπὸς</span> <span class='ocrx_word' id='word_1_168' title='bbox 916 2345 980 2425; x_wconf 84' lang='grc' dir='ltr'>οὑν</span> <span class='ocrx_word' id='word_1_169' title='bbox 1001 2345 1073 2450; x_wconf 75' lang='grc' dir='ltr'>ἄρα</span> <span class='ocrx_word' id='word_1_170' title='bbox 1097 2349 1157 2426; x_wconf 82' lang='grc' dir='ltr'>καὶ</span> <span class='ocrx_word' id='word_1_171' title='bbox 1182 2381 1320 2452; x_wconf 82' lang='grc' dir='ltr'>χαρακ-</span> 
     </span>
     <span class='ocr_line' id='line_1_18' title="bbox 122 2466 1324 2576; baseline 0.001 -21"><span class='ocrx_word' id='word_1_172' title='bbox 122 2466 191 2571; x_wconf 76' lang='grc' dir='ltr'>τὴρ</span> <span class='ocrx_word' id='word_1_173' title='bbox 220 2472 285 2569; x_wconf 84' lang='grc' dir='ltr'>τῆς</span> <span class='ocrx_word' id='word_1_174' title='bbox 317 2468 557 2556; x_wconf 78' lang='grc' dir='ltr'>ὑποστάσεως</span> <span class='ocrx_word' id='word_1_175' title='bbox 591 2477 657 2552; x_wconf 92' lang='grc' dir='ltr'>τοῦ</span> <span class='ocrx_word' id='word_1_176' title='bbox 691 2467 935 2574; x_wconf 79' lang='grc' dir='ltr'>γεννήσαντος</span> <span class='ocrx_word' id='word_1_177' title='bbox 967 2467 1141 2576; x_wconf 80' lang='grc' dir='ltr'>ὑπάρχων</span> <span class='ocrx_word' id='word_1_178' title='bbox 1169 2471 1190 2551; x_wconf 82' lang='grc' dir='ltr'><strong>ὁ</strong></span> <span class='ocrx_word' id='word_1_179' title='bbox 1222 2467 1324 2569; x_wconf 82' lang='grc' dir='ltr'>Υίδς,</span> 
     </span>
     <span class='ocr_line' id='line_1_19' title="bbox 121 2589 1327 2702; baseline 0.002 -31"><span class='ocrx_word' id='word_1_180' title='bbox 121 2589 242 2672; x_wconf 84' lang='grc' dir='ltr'>πάντα</span> <span class='ocrx_word' id='word_1_181' title='bbox 274 2591 321 2674; x_wconf 78' lang='grc' dir='ltr'>τὰ</span> <span class='ocrx_word' id='word_1_182' title='bbox 352 2594 462 2675; x_wconf 85' lang='grc' dir='ltr'>αὑτοῦ</span> <span class='ocrx_word' id='word_1_183' title='bbox 492 2591 585 2675; x_wconf 79' lang='grc' dir='ltr'>κατὰ</span> <span class='ocrx_word' id='word_1_184' title='bbox 617 2592 734 2702; x_wconf 77' lang='grc' dir='ltr'>φύσιν</span> <span class='ocrx_word' id='word_1_185' title='bbox 762 2591 943 2695; x_wconf 80' lang='grc' dir='ltr'>ἐπάγεται.</span> <span class='ocrx_word' id='word_1_186' title='bbox 996 2591 1056 2673; x_wconf 78' lang='grc' dir='ltr'>διὰ</span> <span class='ocrx_word' id='word_1_187' title='bbox 1090 2591 1197 2674; x_wconf 86' lang='grc' dir='ltr'>τοῦτό</span> <span class='ocrx_word' id='word_1_188' title='bbox 1230 2599 1327 2702; x_wconf 80' lang='grc' dir='ltr'>φησι</span> 
     </span>
     <span class='ocr_line' id='line_1_20' title="bbox 124 2712 1326 2834; baseline 0.006 -41"><span class='ocrx_word' id='word_1_189' title='bbox 124 2716 247 2798; x_wconf 81' lang='grc' dir='ltr'>Πάντα</span> <span class='ocrx_word' id='word_1_190' title='bbox 263 2716 331 2798; x_wconf 79' lang='grc' dir='ltr'>’ίσα</span> <span class='ocrx_word' id='word_1_191' title='bbox 349 2717 418 2818; x_wconf 69' lang='grc' dir='ltr'>ἔχει</span> <span class='ocrx_word' id='word_1_192' title='bbox 438 2726 453 2800; x_wconf 84' lang='grc' dir='ltr'>ὑ</span> <span class='ocrx_word' id='word_1_193' title='bbox 474 2715 590 2826; x_wconf 72' lang='grc' dir='ltr'>Πατῇρ</span> <span class='ocrx_word' id='word_1_194' title='bbox 609 2713 681 2826; x_wconf 73' lang='grc' dir='ltr'>ἐμά</span> <span class='ocrx_word' id='word_1_195' title='bbox 699 2717 784 2800; x_wconf 77' lang='grc' dir='ltr'>ἐστι·</span> <span class='ocrx_word' id='word_1_196' title='bbox 815 2712 876 2798; x_wconf 72' lang='grc' dir='ltr'>διδ</span> <span class='ocrx_word' id='word_1_197' title='bbox 894 2717 988 2834; x_wconf 72' lang='grc' dir='ltr'>τοῦτο</span> <span class='ocrx_word' id='word_1_198' title='bbox 1011 2715 1101 2799; x_wconf 77' lang='grc' dir='ltr'>εἷπον</span> <span class='ocrx_word' id='word_1_199' title='bbox 1119 2722 1195 2826; x_wconf 76' lang='grc' dir='ltr'>ὑμῖν</span> <span class='ocrx_word' id='word_1_200' title='bbox 1212 2725 1261 2799; x_wconf 79' lang='grc' dir='ltr'>’ὅτι</span> <span class='ocrx_word' id='word_1_201' title='bbox 1284 2719 1326 2800; x_wconf 79' lang='grc' dir='ltr'>ιἰι</span> 
     </span>
     <span class='ocr_line' id='line_1_21' title="bbox 71 2838 1355 2949; baseline 0.002 -29"><span class='ocrx_word' id='word_1_202' title='bbox 71 2878 111 2920; x_wconf 81' lang='grc' dir='ltr'>οο</span> <span class='ocrx_word' id='word_1_203' title='bbox 124 2843 179 2922; x_wconf 77' lang='grc' dir='ltr'>τοῦ</span> <span class='ocrx_word' id='word_1_204' title='bbox 200 2842 280 2947; x_wconf 68' lang='grc' dir='ltr'>ἐμοῦ</span> <span class='ocrx_word' id='word_1_205' title='bbox 304 2839 482 2949; x_wconf 75' lang='grc' dir='ltr'>λαμβάνει</span> <span class='ocrx_word' id='word_1_206' title='bbox 506 2849 567 2923; x_wconf 70' lang='grc' dir='ltr'>καὶ</span> <span class='ocrx_word' id='word_1_207' title='bbox 593 2845 790 2945; x_wconf 73' lang='grc' dir='ltr'>ἀναγγελεῖ</span> <span class='ocrx_word' id='word_1_208' title='bbox 814 2844 899 2947; x_wconf 70' lang='grc' dir='ltr'>ὑμῖν,</span> <span class='ocrx_word' id='word_1_209' title='bbox 918 2838 961 2922; x_wconf 84' lang='grc' dir='ltr'>τὸ</span> <span class='ocrx_word' id='word_1_210' title='bbox 981 2845 1132 2940; x_wconf 87' lang='grc' dir='ltr'>Πνεῦμα</span> <span class='ocrx_word' id='word_1_211' title='bbox 1157 2839 1355 2944; x_wconf 83' lang='grc' dir='ltr'>δηλονότιο</span> 
     </span>
     <span class='ocr_line' id='line_1_22' title="bbox 123 2962 1324 3072; baseline 0.006 -27"><span class='ocrx_word' id='word_1_212' title='bbox 123 2962 166 3045; x_wconf 80' lang='grc' dir='ltr'>τὸ</span> <span class='ocrx_word' id='word_1_213' title='bbox 194 2967 237 3044; x_wconf 83' lang='grc' dir='ltr'>δι’</span> <span class='ocrx_word' id='word_1_214' title='bbox 264 2966 374 3046; x_wconf 88' lang='grc' dir='ltr'>αὑτοῦ</span> <span class='ocrx_word' id='word_1_215' title='bbox 401 2999 441 3046; x_wconf 92' lang='grc' dir='ltr'>τε</span> <span class='ocrx_word' id='word_1_216' title='bbox 469 2967 529 3047; x_wconf 78' lang='grc' dir='ltr'>καὶ</span> <span class='ocrx_word' id='word_1_217' title='bbox 556 2966 595 3044; x_wconf 80' lang='grc' dir='ltr'>ἐν</span> <span class='ocrx_word' id='word_1_218' title='bbox 622 2966 728 3072; x_wconf 75' lang='grc' dir='ltr'>αὑτῷ,</span> <span class='ocrx_word' id='word_1_219' title='bbox 754 2966 798 3043; x_wconf 87' lang='grc' dir='ltr'>δι’</span> <span class='ocrx_word' id='word_1_220' title='bbox 823 2963 866 3044; x_wconf 79' lang='grc' dir='ltr'>οὑ</span> <span class='ocrx_word' id='word_1_221' title='bbox 893 2969 968 3048; x_wconf 83' lang='grc' dir='ltr'>τοῖς</span> <span class='ocrx_word' id='word_1_222' title='bbox 997 2965 1112 3066; x_wconf 83' lang='grc' dir='ltr'>ἁγίοις</span> <span class='ocrx_word' id='word_1_223' title='bbox 1142 2968 1190 3051; x_wconf 81' lang='grc' dir='ltr'>ὡς</span> <span class='ocrx_word' id='word_1_224' title='bbox 1216 2965 1324 3052; x_wconf 85' lang='grc' dir='ltr'>αὑτδς</span> 
     </span>
     <span class='ocr_line' id='line_1_23' title="bbox 123 3083 1325 3192; baseline 0.002 -24"><span class='ocrx_word' id='word_1_225' title='bbox 123 3089 256 3170; x_wconf 83' lang='grc' dir='ltr'>ἐνοικεῖ.</span> <span class='ocrx_word' id='word_1_226' title='bbox 298 3088 441 3192; x_wconf 81' lang='grc' dir='ltr'>οὐγὰρ</span> <span class='ocrx_word' id='word_1_227' title='bbox 468 3089 589 3192; x_wconf 80' lang='grc' dir='ltr'>ἕτερον</span> <span class='ocrx_word' id='word_1_228' title='bbox 615 3087 699 3191; x_wconf 88' lang='grc' dir='ltr'>παρ’</span> <span class='ocrx_word' id='word_1_229' title='bbox 726 3083 836 3167; x_wconf 84' lang='grc' dir='ltr'>αὑτὸν</span> <span class='ocrx_word' id='word_1_230' title='bbox 859 3084 903 3168; x_wconf 80' lang='grc' dir='ltr'>τὸ</span> <span class='ocrx_word' id='word_1_231' title='bbox 931 3091 1081 3186; x_wconf 87' lang='grc' dir='ltr'>Πνεῦμα</span> <span class='ocrx_word' id='word_1_232' title='bbox 1108 3089 1228 3188; x_wconf 87' lang='grc' dir='ltr'>αὑτοῦ,</span> <span class='ocrx_word' id='word_1_233' title='bbox 1256 3086 1325 3170; x_wconf 76' lang='grc' dir='ltr'>κᾶν</span> 
     </span>
     <span class='ocr_line' id='line_1_24' title="bbox 124 3208 1323 3318; baseline 0.001 -26"><span class='ocrx_word' id='word_1_234' title='bbox 124 3210 296 3318; x_wconf 82' lang='grc' dir='ltr'>ὑπάρχειν</span> <span class='ocrx_word' id='word_1_235' title='bbox 332 3215 456 3312; x_wconf 78' lang='grc' dir='ltr'>νοῆται</span> <span class='ocrx_word' id='word_1_236' title='bbox 491 3212 572 3292; x_wconf 87' lang='grc' dir='ltr'>καθ’</span> <span class='ocrx_word' id='word_1_237' title='bbox 611 3208 717 3292; x_wconf 83' lang='grc' dir='ltr'>ἑαυτὸ</span> <span class='ocrx_word' id='word_1_238' title='bbox 749 3213 808 3290; x_wconf 80' lang='grc' dir='ltr'>καὶ</span> <span class='ocrx_word' id='word_1_239' title='bbox 838 3210 944 3296; x_wconf 79' lang='grc' dir='ltr'>ἰδίως·</span> <span class='ocrx_word' id='word_1_240' title='bbox 988 3215 1140 3312; x_wconf 87' lang='grc' dir='ltr'>Πνεῦμα</span> <span class='ocrx_word' id='word_1_241' title='bbox 1170 3209 1244 3318; x_wconf 74' lang='grc' dir='ltr'>γὰρ</span> <span class='ocrx_word' id='word_1_242' title='bbox 1279 3212 1323 3293; x_wconf 82' lang='grc' dir='ltr'>τὸ</span> 
     </span>
     <span class='ocr_line' id='line_1_25' title="bbox 125 3332 580 3442; baseline 0 -26"><span class='ocrx_word' id='word_1_243' title='bbox 125 3341 272 3436; x_wconf 90' lang='grc' dir='ltr'>Πνεῦμα</span> <span class='ocrx_word' id='word_1_244' title='bbox 298 3337 358 3417; x_wconf 78' lang='grc' dir='ltr'>καὶ</span> <span class='ocrx_word' id='word_1_245' title='bbox 386 3337 454 3442; x_wconf 88' lang='grc' dir='ltr'>οὑχ</span> <span class='ocrx_word' id='word_1_246' title='bbox 481 3332 580 3420; x_wconf 79' lang='grc' dir='ltr'>Υἱός.</span> 
     </span>
    </p>
   </div>
   <div class='ocr_carea' id='block_1_3' title="bbox 73 3573 1376 3794">
    <p class='ocr_par' dir='ltr' id='par_1_3' title="bbox 73 3573 1376 3794">
     <span class='ocr_line' id='line_1_26' title="bbox 73 3573 1376 3670; baseline -0.004 -26"><span class='ocrx_word' id='word_1_247' title='bbox 73 3596 111 3657; x_wconf 81' lang='grc' dir='ltr'>τ5</span> <span class='ocrx_word' id='word_1_248' title='bbox 136 3578 264 3670; x_wconf 80' lang='grc' dir='ltr'>Μικρὸν</span> <span class='ocrx_word' id='word_1_249' title='bbox 291 3577 342 3647; x_wconf 75' lang='grc' dir='ltr'>καί</span> <span class='ocrx_word' id='word_1_250' title='bbox 368 3579 477 3647; x_wconf 79' lang='grc' dir='ltr'>οὐκέτι</span> <span class='ocrx_word' id='word_1_251' title='bbox 504 3573 659 3668; x_wconf 78' lang='grc' dir='ltr'>θεωρεῖτέ</span> <span class='ocrx_word' id='word_1_252' title='bbox 684 3601 735 3660; x_wconf 86' lang='grc' dir='ltr'>με,</span> <span class='ocrx_word' id='word_1_253' title='bbox 763 3575 816 3644; x_wconf 83' lang='grc' dir='ltr'>καὶ</span> <span class='ocrx_word' id='word_1_254' title='bbox 842 3577 939 3646; x_wconf 85' lang='grc' dir='ltr'>πάλιν</span> <span class='ocrx_word' id='word_1_255' title='bbox 966 3576 1081 3669; x_wconf 88' lang='grc' dir='ltr'>μικρὸν</span> <span class='ocrx_word' id='word_1_256' title='bbox 1109 3577 1163 3644; x_wconf 80' lang='grc' dir='ltr'>καὶ</span> <span class='ocrx_word' id='word_1_257' title='bbox 1188 3575 1309 3660; x_wconf 76' lang='grc' dir='ltr'>ὄψεσθέ</span> <span class='ocrx_word' id='word_1_258' title='bbox 1339 3581 1376 3640; x_wconf 88' lang='grc' dir='ltr'>ι6</span> 
     </span>
     <span class='ocr_line' id='line_1_27' title="bbox 411 3703 1039 3794; baseline 0 -24"><span class='ocrx_word' id='word_1_259' title='bbox 411 3728 461 3787; x_wconf 88' lang='grc' dir='ltr'>με,</span> <span class='ocrx_word' id='word_1_260' title='bbox 487 3705 539 3774; x_wconf 86' lang='grc' dir='ltr'>ὅτι</span> <span class='ocrx_word' id='word_1_261' title='bbox 564 3704 679 3780; x_wconf 79' lang='grc' dir='ltr'>ὑπάτω</span> <span class='ocrx_word' id='word_1_262' title='bbox 704 3705 787 3794; x_wconf 79' lang='grc' dir='ltr'>πρὸς</span> <span class='ocrx_word' id='word_1_263' title='bbox 812 3704 870 3773; x_wconf 86' lang='grc' dir='ltr'>τὸν</span> <span class='ocrx_word' id='word_1_264' title='bbox 896 3703 1039 3794; x_wconf 80' lang='grc' dir='ltr'>Πατέρα.</span> 
     </span>
    </p>
   </div>
   <div class='ocr_carea' id='block_1_4' title="bbox 123 3865 1357 4104">
    <p class='ocr_par' dir='ltr' id='par_1_4' title="bbox 123 3865 1357 4104">
     <span class='ocr_line' id='line_1_28' title="bbox 178 3865 1323 3977; baseline -0.003 -27"><span class='ocrx_word' id='word_1_265' title='bbox 178 3867 454 3977; x_wconf 75' lang='grc' dir='ltr'>Ἀποκαλὺψειν</span> <span class='ocrx_word' id='word_1_266' title='bbox 470 3869 588 3954; x_wconf 85' lang='grc' dir='ltr'>αὑτοῖς</span> <span class='ocrx_word' id='word_1_267' title='bbox 614 3866 674 3949; x_wconf 83' lang='grc' dir='ltr'>διδ</span> <span class='ocrx_word' id='word_1_268' title='bbox 697 3875 762 3950; x_wconf 91' lang='grc' dir='ltr'>τοῦ</span> <span class='ocrx_word' id='word_1_269' title='bbox 785 3867 874 3950; x_wconf 80' lang='grc' dir='ltr'>ἰδίου</span> <span class='ocrx_word' id='word_1_270' title='bbox 893 3867 1103 3967; x_wconf 85' lang='grc' dir='ltr'>Πνεὺματος</span> <span class='ocrx_word' id='word_1_271' title='bbox 1130 3865 1176 3948; x_wconf 77' lang='grc' dir='ltr'>τὰ</span> <span class='ocrx_word' id='word_1_272' title='bbox 1202 3865 1323 3948; x_wconf 85' lang='grc' dir='ltr'>πάντα</span> 
     </span>
     <span class='ocr_line' id='line_1_29' title="bbox 123 3991 1357 4104; baseline -0.003 -25"><span class='ocrx_word' id='word_1_273' title='bbox 123 3996 305 4104; x_wconf 79' lang='grc' dir='ltr'>προειπὼν</span> <span class='ocrx_word' id='word_1_274' title='bbox 323 3995 396 4078; x_wconf 84' lang='grc' dir='ltr'>ὅσα</span> <span class='ocrx_word' id='word_1_275' title='bbox 417 4029 486 4101; x_wconf 92' lang='grc' dir='ltr'>περ</span> <span class='ocrx_word' id='word_1_276' title='bbox 507 3993 552 4098; x_wconf 83' lang='grc' dir='ltr'>ἦν</span> <span class='ocrx_word' id='word_1_277' title='bbox 576 3997 754 4100; x_wconf 80' lang='grc' dir='ltr'>ἀναγκαῖα</span> <span class='ocrx_word' id='word_1_278' title='bbox 774 3995 834 4075; x_wconf 86' lang='grc' dir='ltr'>καὶ</span> <span class='ocrx_word' id='word_1_279' title='bbox 851 3991 1125 4100; x_wconf 73' lang='grc' dir='ltr'>χρειωδάττατα,</span> <span class='ocrx_word' id='word_1_280' title='bbox 1143 3991 1357 4099; x_wconf 76' lang='grc' dir='ltr'>ἐξηγεῖταιᾱ</span> 
     </span>
    </p>
   </div>
   <div class='ocr_carea' id='block_1_5' title="bbox 124 4201 1323 4634">
    <p class='ocr_par' dir='ltr' id='par_1_5' title="bbox 124 4201 1323 4634">
     <span class='ocr_line' id='line_1_30' title="bbox 159 4201 1322 4280; baseline -0.006 -15"><span class='ocrx_word' id='word_1_281' title='bbox 159 4225 186 4280; x_wconf 78' lang='grc'>3.</span> <span class='ocrx_word' id='word_1_282' title='bbox 204 4209 295 4280; x_wconf 77' lang='grc' dir='ltr'>δσπιρ</span> <span class='ocrx_word' id='word_1_283' title='bbox 311 4207 347 4265; x_wconf 68' lang='grc' dir='ltr'>ὃς</span> <span class='ocrx_word' id='word_1_284' title='bbox 372 4205 438 4264; x_wconf 78' lang='grc' dir='ltr'>ὅσον</span> <span class='ocrx_word' id='word_1_285' title='bbox 449 4207 485 4266; x_wconf 78' lang='grc' dir='ltr'>διο</span> <span class='ocrx_word' id='word_1_286' title='bbox 495 4205 609 4276; x_wconf 68' lang='lat' dir='ltr'>Vaccus,</span> <span class='ocrx_word' id='word_1_287' title='bbox 622 4205 669 4262; x_wconf 80' lang='grc' dir='ltr'>οοδ</span> <span class='ocrx_word' id='word_1_288' title='bbox 681 4207 755 4264; x_wconf 74' lang='grc' dir='ltr'>δοκε</span> <span class='ocrx_word' id='word_1_289' title='bbox 788 4205 823 4262; x_wconf 79' lang='grc' dir='ltr'>ὑς</span> <span class='ocrx_word' id='word_1_290' title='bbox 837 4203 919 4260; x_wconf 70' lang='lat' dir='ltr'>habet</span> <span class='ocrx_word' id='word_1_291' title='bbox 929 4221 957 4277; x_wconf 88' lang='lat' dir='ltr'>q.</span> <span class='ocrx_word' id='word_1_292' title='bbox 993 4201 1027 4258; x_wconf 84' lang='lat' dir='ltr'>In</span> <span class='ocrx_word' id='word_1_293' title='bbox 1040 4203 1134 4274; x_wconf 70' lang='lat' dir='ltr'><strong>Epigr.</strong></span> <span class='ocrx_word' id='word_1_294' title='bbox 1146 4209 1236 4260; x_wconf 64' lang='lat' dir='ltr'>tutem</span> <span class='ocrx_word' id='word_1_295' title='bbox 1247 4218 1322 4258; x_wconf 84' lang='lat' dir='ltr'><strong>nono</strong></span> 
     </span>
     <span class='ocr_line' id='line_1_31' title="bbox 124 4205 1322 4398; baseline -0.007 -62"><span class='ocrx_word' id='word_1_296' title='bbox 124 4281 189 4336; x_wconf 71' lang='lat' dir='ltr'>haee</span> <span class='ocrx_word' id='word_1_297' title='bbox 207 4279 318 4362; x_wconf 76' lang='grc' dir='ltr'>οἱικριοο</span> <span class='ocrx_word' id='word_1_298' title='bbox 336 4205 426 4350; x_wconf 56' lang='lat' dir='ltr'>Lm</span> <span class='ocrx_word' id='word_1_299' title='bbox 443 4278 501 4333; x_wconf 77' lang='grc' dir='ltr'>εἰπε</span> <span class='ocrx_word' id='word_1_300' title='bbox 518 4278 553 4335; x_wconf 71' lang='grc' dir='ltr'>ὥς</span> <span class='ocrx_word' id='word_1_301' title='bbox 570 4277 697 4333; x_wconf 77' lang='lat' dir='ltr'>exhibent</span> <span class='ocrx_word' id='word_1_302' title='bbox 714 4295 740 4350; x_wconf 89' lang='lat' dir='ltr'>q.</span> <span class='ocrx_word' id='word_1_303' title='bbox 755 4227 871 4332; x_wconf 59' lang='grc' dir='ltr'>δὀςοαι.</span> <span class='ocrx_word' id='word_1_304' title='bbox 933 4275 957 4329; x_wconf 72' lang='grc' dir='ltr'>εἶ</span> <span class='ocrx_word' id='word_1_305' title='bbox 973 4281 1142 4362; x_wconf 64' lang='lat' dir='ltr'>uqumptum</span> <span class='ocrx_word' id='word_1_306' title='bbox 1159 4291 1193 4356; x_wconf 72' lang='lat'>,⁶¹</span> <span class='ocrx_word' id='word_1_307' title='bbox 1210 4271 1322 4398; x_wconf 63' lang='lat' dir='ltr'>qsph).</span> 
     </span>
     <span class='ocr_line' id='line_1_32' title="bbox 124 4341 1322 4426; baseline -0.007 -20"><span class='ocrx_word' id='word_1_308' title='bbox 124 4351 214 4406; x_wconf 77' lang='lat' dir='ltr'>Vecco</span> <span class='ocrx_word' id='word_1_309' title='bbox 226 4348 304 4420; x_wconf 79' lang='lat' dir='ltr'><strong>(bu).</strong></span> <span class='ocrx_word' id='word_1_310' title='bbox 429 4360 455 4420; x_wconf 80' lang='lat'>7.</span> <span class='ocrx_word' id='word_1_311' title='bbox 472 4369 497 4404; x_wconf 83' lang='grc' dir='ltr'>τι</span> <span class='ocrx_word' id='word_1_312' title='bbox 509 4347 569 4422; x_wconf 74' lang='lat' dir='ltr'>Rq.</span> <span class='ocrx_word' id='word_1_313' title='bbox 583 4347 697 4404; x_wconf 72' lang='lat' dir='ltr'>Vocem.</span> <span class='ocrx_word' id='word_1_314' title='bbox 710 4369 739 4402; x_wconf 79' lang='grc' dir='ltr'>τε</span> <span class='ocrx_word' id='word_1_315' title='bbox 751 4346 803 4402; x_wconf 83' lang='lat' dir='ltr'>Ed.</span> <span class='ocrx_word' id='word_1_316' title='bbox 909 4345 952 4400; x_wconf 84' lang='grc'>-8,</span> <span class='ocrx_word' id='word_1_317' title='bbox 971 4341 1204 4426; x_wconf 68' lang='lat' dir='ltr'>rovom.q(b1q).</span> <span class='ocrx_word' id='word_1_318' title='bbox 1242 4359 1322 4399; x_wconf 77' lang='grc' dir='ltr'>εοεαε</span> 
     </span>
     <span class='ocr_line' id='line_1_33' title="bbox 125 4413 1323 4560; baseline -0.003 -16"><span class='ocrx_word' id='word_1_319' title='bbox 125 4419 260 4546; x_wconf 52' lang='lat' dir='ltr'>W·</span> <span class='ocrx_word' id='word_1_320' title='bbox 398 4489 429 4544; x_wconf 68' lang='grc' dir='ltr'>,ι</span> <span class='ocrx_word' id='word_1_321' title='bbox 440 4415 856 4560; x_wconf 51' lang='grc' dir='ltr'>λῖθδδδθκιθ·</span> <span class='ocrx_word' id='word_1_322' title='bbox 869 4413 1252 4560; x_wconf 57' lang='grc' dir='ltr'>“;,·.“ΐ..’ἐῖῖδ;;“λ“ῗξ</span> <span class='ocrx_word' id='word_1_323' title='bbox 1261 4413 1323 4558; x_wconf 63' lang='lat'>1323:</span> 
     </span>
     <span class='ocr_line' id='line_1_34' title="bbox 127 4555 899 4634; baseline -0.003 -18"><span class='ocrx_word' id='word_1_324' title='bbox 127 4561 222 4618; x_wconf 66' lang='lat' dir='ltr'>vacco.</span> <span class='ocrx_word' id='word_1_325' title='bbox 332 4561 375 4618; x_wconf 79' lang='grc' dir='ltr'>ιδ.</span> <span class='ocrx_word' id='word_1_326' title='bbox 392 4559 587 4634; x_wconf 80' lang='grc' dir='ltr'>χριιιιδίστατιι</span> <span class='ocrx_word' id='word_1_327' title='bbox 599 4560 631 4617; x_wconf 82' lang='grc' dir='ltr'>Ε.</span> <span class='ocrx_word' id='word_1_328' title='bbox 644 4557 835 4632; x_wconf 82' lang='grc' dir='ltr'>χριιωδίστερο</span> <span class='ocrx_word' id='word_1_329' title='bbox 847 4555 899 4614; x_wconf 79' lang='lat' dir='ltr'>Ed.</span> 
     </span>
    </p>
   </div>
   <div class='ocr_carea' id='block_1_6' title="bbox 0 0 1653 5118">
    <p class='ocr_par' dir='ltr' id='par_1_6' title="bbox 0 0 1653 5118">
     <span class='ocr_line' id='line_1_35' title="bbox 0 0 1653 5118; baseline 0 0"><span class='ocrx_word' id='word_1_330' title='bbox 0 0 1653 5118; x_wconf 95' lang='lat' dir='ltr'> </span> 
     </span>
    </p>
   </div>
  </div>
 </body>
</html>
