3248 5112
176 286 240 352 xiv.
257 305 307 374 15.
363 289 420 356 IN
450 293 484 358 S.
508 293 764 360 JOANNEM.
810 292 905 358 LIB.
930 291 991 359 IX.
1035 289 1188 356 CARI.
1310 287 1373 350 465

176 448 356 561 ἀπόδειξις
385 460 449 557 τῆς
478 458 623 562 ἀγάπης
656 462 716 540 καὶ
751 457 970 542 τελειότατος
1002 461 1066 556 τῆς
1094 455 1251 538 πίστεως
1280 451 1374 555 ὅρος,

176 583 251 656 τῶν
277 581 519 683 εὐαγγελικῶν
546 581 738 686 δογμάτων
764 583 787 682 ἡ
817 581 966 685 τήρησις
995 585 1053 662 καί
1080 587 1154 660 τῶν
1181 577 1285 658 θείων
1312 581 1370 658 έν·
1386 606 1404 646 a
1423 593 1542 648 ⁸08A·

177 705 341 802 τολῶνὴ
368 707 619 812 φυλακή.καί
644 705 807 812 χαλεπόν
831 705 897 806 μὲν
919 705 1008 790 ἴσως
1035 703 1136 786 οὐδὲν
1156 703 1258 806 ἕτερα
1282 699 1374 804 πρὸς

176 824 315 910 τούτοις
333 834 441 909 εἰπεῖν
454 836 614 934 συγγενῆ
633 867 710 916 πως
728 831 857 936 ἔχοντα
874 829 940 930 τὴν
954 828 1121 926 διάνοιαν,
1132 826 1232 926 πλὴν
1250 827 1292 906 οῦ
1310 833 1373 905 τοῦ

144 947 356 1052 ὅπαρόντος
373 949 470 1051 οἶμαι
488 964 624 1057 καιροῦ.
664 954 719 1036 διδ
738 953 783 1055 δὴ
801 953 915 1036 πάλιν
932 953 1024 1034 ἰτέον
1042 955 1100 1034 έπί
1118 951 1164 1032 τὰ
1182 958 1257 1036 τοῖς
1277 984 1371 1052 προ·

177 1073 347 1172 κειμένοις
374 1078 459 1178 ἡμῖν
486 1080 762 1184 πρεπωδείττερα
792 1081 872 1161 Ἐῖυ
897 1078 1070 1182 ιίγοιτῖιτί
1095 1077 1142 1184 με
1172 1078 1277 1183 φησί,
1308 1072 1374 1160 τῖες

177 1196 316 1284 ῖντολόε
337 1237 404 1306 μου
425 1208 586 1312 τηρήσετε.
626 1204 733 1288 στίνες
760 1203 831 1308 γὰρ
859 1203 902 1302 δὴ
929 1201 1043 1284 πόλιν
1065 1204 1124 1282 καί
1152 1199 1374 1300 διαμέμνησο

177 1329 296 1408 καλῶς
315 1323 370 1406 ότι
387 1327 566 1414 πολλάκις
584 1335 658 1414 τοῖς
676 1333 802 1410 ἑαυτοῦ
819 1335 995 1428 μαθηταῖς
1011 1320 1373 1432 προσδιαλεγόμενος,

176 1442 200 1544 ἢ
230 1448 289 1526 καί
319 1451 437 1536 αὐτοῖς
465 1459 539 1538 τοῖς
567 1454 760 1550 Ἰουδαίοις,
788 1453 926 1560 ἔφασκε
955 1463 976 1500 “
990 1449 1050 1532 Τᾶ
1077 1448 1220 1556 ῥήματα
1249 1446 1274 1526 ἃ
1301 1443 1373 1547 ἐγὼ
1417 1443 1522 1566 effi,

125 1597 163 1637 10
177 1579 199 1616 “
217 1577 323 1650 λαλιῦ
341 1576 405 1655 οῦκ
424 1575 524 1657 έστιν
543 1577 611 1676 ε’μοί
628 1577 730 1656 οἰλλᾶ
746 1586 810 1657 τοῦ
832 1575 1044 1681 πέμψαντός
1067 1575 1145 1674 με·”
1177 1576 1235 1653 καί
1259 1571 1373 1652 πάλιν
1385 1578 1405 1644 b
1417 1574 1522 1703 {1⁸24

177 1703 199 1742 “
216 1694 300 1776 Ἀπ’
319 1697 472 1794 ἐμαυτοῦ
499 1701 542 1780 οῦ
570 1707 688 1798 λαλῶ,
710 1704 795 1781 ἀλλ’
816 1703 836 1780 ὁ
863 1701 1012 1807 πέμψας
1039 1733 1083 1798 με
1108 1696 1238 1800 Πατὴρ
1266 1695 1372 1780 αὐτός
1416 1705 1509 1836 {¹3⁹3

176 1827 198 1864 “
215 1852 277 1915 μοι
305 1819 455 1922 ἐντολὴν
476 1823 605 1905 δέδωκε
632 1827 670 1906 τί
694 1825 782 1906 εἰπω
810 1830 868 1905 καὶ
896 1825 935 1905 τί
956 1823 1147 1924 λαλήσω·”
1176 1825 1234 1901 καί
1259 1819 1372 1902 πάλιν

177 1952 199 1990 “
210 1939 263 2022 ‘A
277 1944 340 2024 οῦν
358 1945 428 2049 ε’γῖο
446 1955 552 2028 λαλῶ
571 1951 634 2031 οῦκ
653 1951 753 2030 ἔστιν
771 1949 848 2050 έμδ,
863 1947 964 2029 ἀλλὰ
980 1956 1045 2029 τοῦ
1062 1945 1276 2054 πέμψαντός
1293 1947 1369 2044 με.”
1416 1969 1540 2034 ctib.50·

177 2069 252 2144 νυνί
280 2065 318 2147 δέ
345 2067 389 2169 δή
414 2071 527 2152 πόλιν
549 2075 662 2154 καίτοι
688 2081 753 2153 τοῦ
774 2079 869 2155 Θεοῦ
897 2076 955 2154 καί
981 2069 1126 2175 Πατρός
1145 2069 1219 2150 ἅνω
1247 2103 1286 2148 τε
1313 2073 1373 2149 καί

127 2209 162 2269 15
176 2188 273 2269 κάτω
296 2191 378 2278 τοῦς
402 2194 535 2298 λόγους
560 2194 648 2278 εἰναι
669 2197 957 2300 διωμολογηκὼς,
975 2195 1036 2280 οῦς
1061 2192 1256 2295 ἐποιήσατο
1281 2193 1373 2298 πρὸς

175 2314 279 2413 ἡμᾶς,
301 2315 389 2402 ἰδίιις
418 2320 565 2406 ε’ντολοίς
593 2319 684 2402 εἰναί
709 2330 834 2429 φησιν,
858 2320 950 2424 ἅπερ
978 2322 1062 2420 ἡμῖν
1082 2317 1275 2418 λελόληκε.
1313 2321 1373 2398 καί

175 2439 217 2520 οῦ
242 2439 287 2542 δή
310 2474 364 2528 τις
387 2443 496 2525 αὐτὸν
521 2455 605 2527 νοῦν
628 2447 721 2552 έχων
744 2445 903 2546 οἰήσεται
931 2449 1181 2551 φενδομυθεῖν·
1221 2441 1273 2543 μή
1299 2441 1372 2546 γὰρ

175 2566 336 2648 εἰσέλθοι
353 2577 460 2649 τοῦτο
478 2570 713 2674 Χριστιανόν·
745 2569 941 2671 ἀληθεύσει
960 2569 997 2649 δὲ
1015 2565 1139 2666 πόλιν,
1158 2565 1220 2647 ἅτε
1245 2565 1289 2667 δή
1312 2568 1372 2647 καὶ

177 2691 283 2778 αὐτὸς
302 2691 472 2798 ῦτοῖρχων
490 2695 513 2795 ή
533 2694 693 2796 ἀλήθεια.
726 2693 858 2798 οὐγὰρ
877 2692 960 2774 καθ’
980 2694 1042 2772 ἕνα
1065 2699 1138 2772 τῶν
1155 2697 1401 2798 προφητῶν,ο

124 2851 163 2892 20
177 2818 225 2901 ὡς
250 2818 288 2896 έν
307 2817 470 2899 διακόνου
497 2816 598 2927 τάξει
626 2824 684 2900 καί
712 2819 898 2922 ῦπηρέτου,
916 2817 979 2897 τὸν
1000 2816 1099 2920 παρὰ
1119 2815 1264 2919 Πατρός
1288 2816 1373 2915 ἡμῖν

176 2939 433 3041 διεπόρθμευσε
461 2945 585 3044 λόγον,
607 2945 693 3022 ἀλλ’
723 2946 771 3026 ὡς
799 2941 892 3046 ἔχων
918 2941 1009 3040 πρὸς
1037 2937 1144 3020 αὐτὸν
1171 2939 1237 3038 τὴν
1264 2937 1372 3044 ἐμφέ-

174 3097 284 3166 ρειαν,
312 3069 360 3149 ὡς
386 3064 476 3164 μηδὲ
506 3063 607 3173 λόγῳ
634 3063 744 3171 τυχὸν
772 3067 927 3168 ὁρᾶσθαι
955 3062 1141 3169 διάφορον,
1166 3063 1251 3141 ἀλλ’
1279 3064 1372 3141 οῦτω

175 3186 370 3292 πεφυκέναι
407 3195 545 3286 λαλεῖν,
575 3187 699 3290 ὥσπερ
735 3185 780 3267 ἂν
814 3191 873 3267 καί
909 3185 1015 3270 αὐτὸς
1046 3189 1067 3266 ό
1100 3183 1230 3288 Πατὴρ
1260 3185 1372 3291 τυχὸν

178 3309 391 3414 διαλέγοιτο.
444 3308 487 3392 τὸ
518 3310 590 3415 γὰρ
619 3311 904 3415 ἀπαράλλακτον
936 3315 999 3410 τῆς
1031 3311 1156 3394 οὐσίας
1192 3314 1252 3390 καὶ
1286 3345 1372 3390 ταυ-

125 3444 339 3538 ’ὁτολογεῖν
367 3435 548 3516 ἀναπείθει
574 3440 626 3544 τῷ
652 3433 866 3537 γεννήσαντι
893 3431 957 3515 τόν
975 3433 1076 3515 Υἰόν·
1118 3437 1166 3520 ὡς
1190 3433 1228 3514 δέ
1251 3432 1371 3537 Λόγος

174 3556 225 3638 ὧν
252 3559 358 3644 αῦτδς
386 3563 445 3640 καί
471 3563 589 3667 σοφία
618 3565 677 3642 καί
703 3561 881 3661 βούλησις
909 3569 973 3641 τοῦ
1001 3565 1097 3641 Θεοῦ
1125 3563 1183 3641 καί
1210 3560 1367 3664 Πατρός,

175 3684 338 3788 δεδέχθαι
365 3689 481 3791 φησίν
507 3685 658 3786 ἐντολὴν
685 3687 722 3766 τί
746 3685 827 3793 εἴτι-η
854 3689 912 3766 καί
939 3686 978 3765 τί
1002 3683 1170 3786 λαλήσει.
1212 3688 1286 3766 έπεί
1310 3688 1404 3767 καίδ

176 3809 275 3907 ἡμεῖς
292 3809 392 3890 αῦτοί
409 3807 474 3891 τόν
490 3815 618 3892 οἰκεῖον
635 3808 781 3891 ἕκαστοι
798 3817 897 3908 νοῦν,
917 3814 969 3918 τῷ
986 3808 1078 3889 κατὰ
1095 3808 1286 3916 προφορὰν
1304 3809 1370 3908 τὴν

175 3931 233 4013 διὰ
262 3931 432 4038 ῥημάτων
459 3932 561 4044 λόγῳ
594 3936 784 4040 μονονουχὶ
813 3941 871 4015 καὶ
903 3931 1160 4030 ἐντελλόμενον
1187 3933 1370 4032 βλέπομεν

119 4080 159 4140 30
172 4055 264 4160 πρὸς
281 4055 324 4137 τὸ
344 4056 414 4165 ἔξω
431 4055 611 4160 βαδίζοντι
638 4063 887 4161 διερμηνεῦσαι
911 4053 958 4136 τῦ
981 4057 1019 4136 έν
1037 4058 1143 4164 αὐτῷ.
1183 4060 1242 4136 καί
1259 4055 1370 4160 μικρὰ

171 4179 237 4280 μέν
260 4183 309 4265 ὡς
335 4179 426 4284 πρὸς
445 4179 540 4262 Θεὸν
564 4181 587 4282 ἡ
612 4189 676 4262 τοῦ
700 4182 989 4286 παραδείγματος
1010 4179 1168 4280 δύναμις,
1186 4180 1303 4260 εἰκόνα
1330 4180 1368 4262 δὲ

210 4391 235 4448 7.
252 4375 382 4447 τηρήσατε
394 4393 417 4431 c.
431 4373 513 4431 Cord.
613 4391 654 4431 1².
673 4375 751 4432 ἔδωκε
763 4394 788 4433 α.
803 4374 885 4431 Cord.
986 4391 1028 4440 ια,
1044 4391 1084 4446 13.
1103 4375 1144 4430 καί
1155 4377 1301 4446 πάλιν-με
1313 4393 1367 4433 om.

174 4447 277 4518 Migne.
290 4447 331 4502 καί
344 4447 395 4503 ὅσα
406 4446 506 4504 τούτοις
518 4445 593 4515 ὅμοια
605 4465 629 4502 c.
643 4447 725 4502 Gord.
836 4463 876 4518 15.
895 4446 958 4500 κατὰ
972 4446 1004 4501 E.
1115 4447 1155 4502 16.
1174 4447 1240 4504 ἰδίας
1251 4447 1331 4502 αἰτοῦ
1343 4466 1367 4504 c.

175 4517 257 4573 Cord.
305 4519 411 4588 ἰντολής
425 4517 456 4572 Ε.
529 4533 571 4588 27.
590 4517 700 4588 λαλήσω
713 4517 745 4572 Ε.
816 4533 860 4586 30.
878 4517 956 4588 μικρδ
969 4517 1001 4573 Ε.
1016 4516 1067 4574 Ed.
1081 4535 1135 4588 mg.
1147 4521 1223 4588 μικρᾷ
1238 4518 1289 4574 Ed.

217 4621 287 4666 νοτ..
304 4621 342 4665 11.
744 4621 763 4686 3
780 4623 799 4662 ο
