3238 5114
306 265 371 328 680
608 265 648 330 Β.
671 263 882 330 CYRILLI
913 265 1198 330 ALEXANDR.
1344 257 1424 322 xvii.
1436 256 1511 318 6-8.

318 427 327 452 O
363 435 379 453 Α
499 428 509 458 Ι
641 431 651 458 Ι
821 434 832 461 x
903 439 919 457 Α
967 433 975 456 Ι
1094 429 1105 456 Ι
1236 428 1254 458 ³!

307 463 398 527 ημας
417 435 587 531 συνήθεια
605 441 734 534 λεγειν.
775 465 833 510 και
852 465 941 532 γουν
960 466 979 510 ο
998 436 1212 537 σοφωτατος
1231 431 1374 532 εγραφε
1394 429 1512 503 Σολο-

138 537 234 656 ΡΠἙΪ·,,
307 551 385 651 μιόν
408 563 429 602 “
442 553 592 656 Αίρετὸν
620 553 733 652 ὄνομα
761 553 874 634 καλὸν
901 553 924 656 ἢ
953 563 1111 638 πλοῦτος
1138 552 1284 649 πολῦς,”
1307 547 1512 636 τουτείττιν,

308 676 460 775 ἀμείνων
478 675 663 784 ῦπόληφις
687 675 806 780 ἀγαθὴ
833 681 891 758 καὶ
917 677 1006 784 δόξα
1031 683 1094 778 τῆς
1120 679 1158 756 ἐν
1178 674 1328 782 πλούτῳ
1353 671 1510 779 φαιδρό-

274 815 413 898 ᾱτητος
433 803 490 880 καὶ
510 802 739 908 περιφανείας
758 804 849 882 ἐστί.
889 805 947 881 καὶ
966 801 1072 886 αὐτὸς
1090 801 1133 880 δέ
1150 835 1221 881 που
1239 801 1356 906 φησὶν
1375 798 1398 876 ό
1418 791 1515 876 Θεὸς

139 917 262 1033 Ξξίζίξθ·
308 920 366 1002 διὰ
403 928 526 1028 φωνῆς
557 923 717 1006 Ἡσαΐου
748 931 822 1010 τοῖς
855 926 1107 1030 εῦνουχίσασιν
1137 935 1158 974 “
1177 921 1320 1006 ἑαυτοῦς
1351 919 1414 1000 διὰ
1447 920 1543 1017 τήνὸ

139 1049 237 1179 ff*
308 1057 330 1095 “
347 1049 541 1144 βασιλείαν
559 1056 632 1130 τῶν
649 1049 832 1153 οῦρανιῦν”
852 1060 874 1096 “
888 1049 955 1150 Μὴ
974 1049 1108 1151 λεγέτω
1133 1051 1153 1128 ὁ
1178 1049 1343 1152 εὐνοῦχος
1363 1043 1423 1124 ὅτι
1441 1042 1516 1144 ε’γιό

308 1182 330 1220 “
349 1179 419 1271 εἰμι
438 1173 552 1280 ξύλον
571 1172 695 1280 ξηρόν·
725 1171 810 1253 τόδε
828 1173 927 1276 λέγει
947 1173 1079 1276 Κύριος
1103 1179 1177 1257 τοῖς
1201 1171 1380 1274 εὐνούχοις
1394 1165 1516 1247 Ὅσοι

308 1307 330 1342 “
349 1294 394 1376 ἂν
423 1296 658 1404 φυλάξωνται
689 1295 735 1376 τὰ
768 1296 1037 1399 προστάγματοί
1065 1332 1135 1395 μου
1164 1299 1221 1376 καὶ
1252 1293 1467 1393 ποιήσωσιν
1493 1287 1518 1368 ἂ

309 1431 330 1468 “
348 1419 420 1522 ἐγὼ
445 1420 551 1518 θέλω,
571 1421 680 1502 διόσω
709 1422 826 1506 αὐτοῖς
854 1423 892 1500 ἐν
910 1427 961 1529 τῷ
986 1419 1069 1529 οίκιρ
1093 1455 1164 1518 μου
1187 1422 1245 1498 καὶ
1270 1422 1307 1498 ἐν
1324 1423 1377 1524 τῷ
1404 1418 1517 1519 τείχει

308 1555 331 1592 “
349 1579 420 1643 μου
437 1542 549 1626 τόπον
568 1544 781 1644 ὀνομαστὸν,
803 1552 975 1648 κρεῖσσον
994 1549 1077 1626 υἱῶν
1096 1549 1155 1626 καὶ
1173 1542 1376 1646 θυγατέρων
1397 1541 1517 1639 ὄνομα
1531 1569 1561 1610 10

309 1681 331 1718 ‘⁸
348 1668 489 1748 αἰώνιον
507 1669 615 1749 διόσω
641 1670 793 1753 αῦτοῖς.”
823 1671 882 1748 καὶ
900 1669 942 1748 οῦ
961 1667 1004 1769 δή
1024 1703 1077 1754 τις
1095 1667 1264 1768 οἰήσεται,
1284 1664 1376 1745 κατιί
1401 1699 1445 1766 γε
1473 1667 1516 1744 τὸ

309 1791 410 1890 εἰκὸς,
432 1792 466 1872 εἴ
491 1827 532 1895 γε
559 1793 779 1898 σωφρονοίη,
807 1796 870 1890 τῆς
898 1795 937 1873 ἐκ
965 1798 1060 1872 Θεοῦ
1089 1790 1295 1898 φιλοτιμίας
1321 1788 1389 1888 τὴν
1415 1791 1517 1868 ἀντί-

309 1921 414 1997 δοσιν
445 1919 482 1996 ε’ν
504 1921 633 2023 ψιλαῖς
661 1914 846 2012 ὀνομάτων
874 1916 1213 2017 ἀπονεμηθήσεσθαι
1246 1914 1407 2013 κλήσεσι
1438 1919 1516 1995 τοῖς

308 2040 352 2148 ἐξ
377 2043 516 2142 ἀγαθοῦ
543 2042 602 2118 καὶ
629 2041 825 2146 φιλαρέτου
854 2040 1094 2146 φρονήματος,
1120 2037 1265 2139 ἁπάσης
1293 2035 1357 2136 μέν
1380 2040 1449 2135 τῆς
1478 2039 1515 2114 ἐν

310 2162 437 2272 κόσμιρ
466 2162 745 2263 καταθλήσασιν
772 2164 913 2263 ἡδονῆς,
940 2163 1144 2266 νεκρῶσασι
1172 2161 1210 2243 δὲ
1233 2159 1312 2243 “τῦι
1339 2158 1438 2260 μέλη
1468 2159 1513 2239 τὰ
1528 2184 1558 2242 15

310 2298 331 2335 “
350 2290 408 2368 ἐπὶ
443 2293 507 2388 τῆς
541 2289 639 2390 γῆς,”
669 2291 727 2368 καὶ
758 2285 852 2386 μόνα
884 2287 1090 2389 τετιμηκόσι
1122 2288 1167 2367 τὰ
1200 2295 1274 2371 τοῖς
1307 2286 1415 2369 θείοις
1448 2287 1512 2364 οῦκ

309 2407 495 2518 ἀπᾴδοντα
514 2411 645 2510 νόμοις.
685 2411 770 2492 ἀλλ’
789 2411 902 2512 ὄνομα
923 2411 1036 2492 πάλιν
1054 2415 1132 2492 ἀντὶ
1156 2415 1220 2510 τῆς
1242 2409 1354 2517 δόξης
1378 2409 1510 2518 φησίν·

143 2544 252 2600 961Α·
280 2535 460 2640 λζηλωτοὶ
488 2533 559 2639 γὰρ
586 2537 730 2616 ε”σονται
757 2540 815 2616 καὶ
845 2533 1070 2632 ἀπόβλεπτοι
1098 2533 1433 2636 συμβασιλεύοντες
1461 2537 1511 2642 τῷ

311 2665 475 2766 Χριστῷ.

367 2781 663 2888 Πεφανερωκέναι
688 2791 878 2885 τοιγαροῦν
897 2781 933 2864 τό
956 2785 1059 2888 ίιομοι
1084 2791 1147 2863 τοῦ
1166 2788 1262 2863 Θεοῦ
1286 2784 1345 2861 καὶ
1365 2779 1511 2883 Πατρός
1524 2805 1556 2845 ²⁰

312 2908 332 2987 ό
362 2904 491 3009 Σωτήρ
523 2907 561 2986 εὖ
593 2905 696 3006 μάλα
726 2906 988 3012 διισχυρίζεται,
1016 2907 1190 3004 τουτέστι,
1220 2903 1511 3012 διαφανεστότην

311 3039 384 3116 τοῖς
422 3031 491 3112 ἀνὰ
527 3037 653 3111 πᾶσαν
690 3028 755 3130 τὴν
792 3030 998 3130 οίκουμένην
1034 3033 1264 3130 καταστήσω
1301 3027 1366 3129 τὴν
1399 3028 1511 3136 δόξαν

311 3156 433 3235 αὐτοῦ.
483 3161 560 3238 πῶς
588 3152 610 3254 ἢ
639 3155 718 3234 τίνα
744 3152 901 3257 τρόπον;
939 3153 1064 3234 ἑαυτὸν
1094 3152 1131 3235 δέ
1159 3151 1326 3254 δηλονότι
1352 3150 1412 3232 διὰ
1440 3161 1511 3232 τῶν

311 3279 400 3381 ὑπὲρ
427 3277 541 3379 λόγον
569 3278 856 3381 κατορθωμάτων
882 3281 1053 3382 παραθεὶς
1081 3284 1129 3364 είς
1159 3277 1354 3384 ἀπόδειξιν.
1396 3278 1508 3383 δοξά-

312 3401 405 3505 ζεται
430 3403 502 3506 γὰρ
530 3399 699 3505 όΠατήρ
725 3405 761 3481 ἐν
779 3409 830 3509 τῷ
847 3406 935 3510 Υὶῲ,
955 3403 1115 3506 καθοίπερ
1140 3404 1177 3482 ἐν
1197 3401 1301 3482 είκόνι
1328 3405 1386 3480 καὶ
1410 3402 1510 3509 τόπερ
1523 3419 1553 3480 ²5

313 3530 376 3625 τῆς
403 3526 492 3610 ἰδίας
519 3529 675 3632 μορφῆς·
706 3523 778 3606 ἀπὸ
806 3524 878 3628 γὰρ
905 3535 970 3606 τοῦ
995 3529 1219 3630 χαρακτῆρος
1244 3525 1286 3606 τό
1311 3531 1384 3605 τῶν
1405 3527 1511 3631 ἀρχε-

313 3650 436 3730 τόπων
454 3653 506 3729 ἀεὶ
521 3649 742 3756 διαφαίνεται
762 3649 911 3733 κάλλος.
945 3649 1193 3756 πεφανέρωται
1211 3649 1330 3729 τοίνυν
1348 3649 1368 3727 ό
1383 3655 1508 3728 Μονο-

314 3771 428 3878 γενὴς,
448 3775 630 3856 οῦσιωδῶς
650 3773 819 3878 ῦποίρχων
837 3774 953 3880 σοφία
971 3775 1030 3854 καὶ
1049 3772 1129 3875 ζωή,
1143 3775 1304 3878 τεχνίτης
1322 3779 1395 3853 τῶν
1415 3773 1511 3852 ὅλων

280 3902 372 3980 bna}
395 3896 618 4002 δημιουργὸς,
638 3897 793 3978 θανάτου
817 3899 986 4000 κρείττων
1004 3899 1063 3977 καὶ
1087 3904 1235 4004 φθορᾶς,
1255 3896 1356 3981 ὅσιος
1381 3896 1511 3980 ἄκακος

315 4023 504 4126 οἰκτίρμων
535 4019 636 4126 ἅγιος
667 4021 812 4124 ἀγαθός.
859 4022 1025 4125 ἐγνώσθη
1055 4029 1167 4102 ταῦτα
1199 4021 1368 4126 ὑπάρχων
1401 4023 1460 4099 καὶ
1492 4022 1550 4102 ό3ο

314 4147 490 4249 γεννήσας
518 4145 637 4226 αὐτόν·
678 4148 719 4226 οῦ
747 4143 818 4250 γὰρ
846 4145 890 4225 ἂν
917 4146 1043 4250 ἑτέρως
1076 4146 1151 4251 ἔχοι
1180 4141 1272 4225 κατδι
1304 4143 1370 4243 τὴν
1398 4143 1511 4252 φόσω

314 4270 413 4374 παρὰ
435 4269 498 4350 τόν
515 4269 559 4377 ἐξ
583 4271 690 4349 αὐτοῦ
716 4277 890 4376 φυσικῶς.
931 4269 1112 4377 διέλαμψε
1136 4274 1265 4370 τοίνυν,
1284 4273 1331 4354 ὡς
1350 4272 1388 4350 ἐν
1406 4267 1510 4350 εἰκόνι

642 4515 685 4566 32·
704 4499 749 4552 τὸν
762 4499 825 4554 EAE.
840 4497 921 4554 Cord.
935 4497 985 4552 Ed.
999 4515 1054 4569 mg.
1067 4503 1118 4553 τῶν
1132 4499 1181 4553 Ed.
