<?xml version="1.0" encoding="UTF-8"?>
<!DOCTYPE html PUBLIC "-//W3C//DTD XHTML 1.0 Transitional//EN"
    "http://www.w3.org/TR/xhtml1/DTD/xhtml1-transitional.dtd">
<html xmlns="http://www.w3.org/1999/xhtml" xml:lang="en" lang="en">
 <head>
  <title>
</title>
<meta http-equiv="Content-Type" content="text/html;charset=utf-8" />
  <meta name='ocr-system' content='tesseract 3.04.00' />
  <meta name='ocr-capabilities' content='ocr_page ocr_carea ocr_par ocr_line ocrx_word'/>
</head>
<body>
  <div class='ocr_page' id='page_1' title='image "./sanctipatrisnos02pusegoog_0100.png"; bbox 0 0 3184 5104; ppageno 0'>
   <div class='ocr_carea' id='block_1_1' title="bbox 409 321 1493 390">
    <p class='ocr_par' dir='ltr' id='par_1_1' title="bbox 409 321 1493 390">
     <span class='ocr_line' id='line_1_1' title="bbox 409 321 1493 390; baseline -0.006 0"><span class='ocrx_word' id='word_1_1' title='bbox 409 327 453 390; x_wconf 89' lang='grc'>96</span> <span class='ocrx_word' id='word_1_2' title='bbox 710 323 748 388; x_wconf 89' lang='grc' dir='ltr'>Β.</span> <span class='ocrx_word' id='word_1_3' title='bbox 772 321 984 387; x_wconf 84' lang='lat' dir='ltr'>CYRILLI</span> <span class='ocrx_word' id='word_1_4' title='bbox 1014 321 1300 386; x_wconf 51' lang='lat' dir='ltr'>ALEXAND&amp;</span> <span class='ocrx_word' id='word_1_5' title='bbox 1486 341 1493 368; x_wconf 60' lang='grc' dir='ltr'>ι</span> 
     </span>
    </p>
   </div>
   <div class='ocr_carea' id='block_1_2' title="bbox 412 483 1493 966">
    <p class='ocr_par' dir='ltr' id='par_1_2' title="bbox 412 483 1493 966">
     <span class='ocr_line' id='line_1_2' title="bbox 412 483 1493 591; baseline -0.006 -24"><span class='ocrx_word' id='word_1_6' title='bbox 412 486 529 591; x_wconf 78' lang='grc' dir='ltr'>ἕτερός</span> <span class='ocrx_word' id='word_1_7' title='bbox 553 521 607 572; x_wconf 90' lang='grc' dir='ltr'>τις</span> <span class='ocrx_word' id='word_1_8' title='bbox 631 485 796 588; x_wconf 80' lang='grc' dir='ltr'>ἠιτοίτησε</span> <span class='ocrx_word' id='word_1_9' title='bbox 818 485 882 568; x_wconf 85' lang='grc' dir='ltr'>τὸν</span> <span class='ocrx_word' id='word_1_10' title='bbox 898 485 1029 586; x_wconf 82' lang='grc' dir='ltr'>Ἀδὰμ,</span> <span class='ocrx_word' id='word_1_11' title='bbox 1047 485 1245 588; x_wconf 82' lang='grc' dir='ltr'>καταλήγει</span> <span class='ocrx_word' id='word_1_12' title='bbox 1269 483 1307 565; x_wconf 80' lang='grc' dir='ltr'>δὲ</span> <span class='ocrx_word' id='word_1_13' title='bbox 1334 485 1439 564; x_wconf 78' lang='grc' dir='ltr'>οὔπω</span> <span class='ocrx_word' id='word_1_14' title='bbox 1469 517 1493 560; x_wconf 89' lang='grc' dir='ltr'>τ</span> 
     </span>
     <span class='ocr_line' id='line_1_3' title="bbox 413 608 1493 715; baseline -0.008 -21"><span class='ocrx_word' id='word_1_15' title='bbox 413 611 455 712; x_wconf 77' lang='grc' dir='ltr'>ἧς</span> <span class='ocrx_word' id='word_1_16' title='bbox 483 618 732 715; x_wconf 78' lang='grc' dir='ltr'>καπγγορεῖται</span> <span class='ocrx_word' id='word_1_17' title='bbox 758 611 897 710; x_wconf 89' lang='grc' dir='ltr'>μανίας,</span> <span class='ocrx_word' id='word_1_18' title='bbox 921 611 1126 692; x_wconf 89' lang='grc' dir='ltr'>ἀνυπαίτιος</span> <span class='ocrx_word' id='word_1_19' title='bbox 1153 609 1218 710; x_wconf 78' lang='grc' dir='ltr'>μέν</span> <span class='ocrx_word' id='word_1_20' title='bbox 1246 608 1350 690; x_wconf 82' lang='grc' dir='ltr'>ἔσται</span> <span class='ocrx_word' id='word_1_21' title='bbox 1377 641 1493 688; x_wconf 91' lang='grc' dir='ltr'>παντε</span> 
     </span>
     <span class='ocr_line' id='line_1_4' title="bbox 413 730 1493 842; baseline -0.005 -28"><span class='ocrx_word' id='word_1_22' title='bbox 413 740 555 837; x_wconf 82' lang='grc' dir='ltr'>πρῶτος</span> <span class='ocrx_word' id='word_1_23' title='bbox 572 737 610 814; x_wconf 82' lang='grc' dir='ltr'>ἐν</span> <span class='ocrx_word' id='word_1_24' title='bbox 626 742 700 820; x_wconf 82' lang='grc' dir='ltr'>τοῖς</span> <span class='ocrx_word' id='word_1_25' title='bbox 718 733 800 815; x_wconf 91' lang='grc' dir='ltr'>καθ’</span> <span class='ocrx_word' id='word_1_26' title='bbox 820 736 923 835; x_wconf 81' lang='grc' dir='ltr'>ἡμᾶς,</span> <span class='ocrx_word' id='word_1_27' title='bbox 942 733 1150 842; x_wconf 78' lang='grc' dir='ltr'>ἀπαλλάξει</span> <span class='ocrx_word' id='word_1_28' title='bbox 1168 733 1206 815; x_wconf 76' lang='grc' dir='ltr'>δέ</span> <span class='ocrx_word' id='word_1_29' title='bbox 1224 737 1273 818; x_wconf 86' lang='grc' dir='ltr'>ὡς</span> <span class='ocrx_word' id='word_1_30' title='bbox 1291 730 1384 815; x_wconf 81' lang='grc' dir='ltr'>εἰκὸς</span> <span class='ocrx_word' id='word_1_31' title='bbox 1403 734 1464 810; x_wconf 87' lang='grc' dir='ltr'>καὶ</span> <span class='ocrx_word' id='word_1_32' title='bbox 1483 765 1493 810; x_wconf 87' lang='grc' dir='ltr'>ι</span> 
     </span>
     <span class='ocr_line' id='line_1_5' title="bbox 413 855 1493 966; baseline -0.004 -29"><span class='ocrx_word' id='word_1_33' title='bbox 413 857 638 958; x_wconf 83' lang='grc' dir='ltr'>ἐγκλήματος</span> <span class='ocrx_word' id='word_1_34' title='bbox 672 861 693 938; x_wconf 86' lang='grc' dir='ltr'>ό</span> <span class='ocrx_word' id='word_1_35' title='bbox 727 858 839 959; x_wconf 88' lang='grc' dir='ltr'>λόγος</span> <span class='ocrx_word' id='word_1_36' title='bbox 863 857 983 956; x_wconf 74' lang='grc' dir='ltr'>αὐτὸν,</span> <span class='ocrx_word' id='word_1_37' title='bbox 1012 860 1092 939; x_wconf 70' lang='grc' dir='ltr'>οὔτε</span> <span class='ocrx_word' id='word_1_38' title='bbox 1121 857 1159 939; x_wconf 78' lang='grc' dir='ltr'>δὲ</span> <span class='ocrx_word' id='word_1_39' title='bbox 1189 855 1392 966; x_wconf 86' lang='grc' dir='ltr'>πεφόνευκέ</span> <span class='ocrx_word' id='word_1_40' title='bbox 1415 889 1493 934; x_wconf 88' lang='grc' dir='ltr'>τινα</span> 
     </span>
    </p>
   </div>
   <div class='ocr_carea' id='block_1_3' title="bbox 247 977 1493 1126">
    <p class='ocr_par' dir='ltr' id='par_1_3' title="bbox 247 977 1493 1126">
     <span class='ocr_line' id='line_1_6' title="bbox 247 977 1493 1126; baseline -0.014 -52"><span class='ocrx_word' id='word_1_41' title='bbox 247 1075 289 1126; x_wconf 51' lang='lat' dir='ltr'><strong><em>h</em></strong></span> <span class='ocrx_word' id='word_1_42' title='bbox 303 1077 347 1126; x_wconf 80' lang='lat' dir='ltr'>xiv</span> <span class='ocrx_word' id='word_1_43' title='bbox 413 980 610 1082; x_wconf 74' lang='grc' dir='ltr'>ἠπάτησεν,</span> <span class='ocrx_word' id='word_1_44' title='bbox 640 983 720 1062; x_wconf 76' lang='grc' dir='ltr'>οὔτε</span> <span class='ocrx_word' id='word_1_45' title='bbox 748 982 945 1089; x_wconf 76' lang='grc' dir='ltr'>ἐψεύσατο.</span> <span class='ocrx_word' id='word_1_46' title='bbox 991 981 1078 1062; x_wconf 82' lang='grc' dir='ltr'>ἀλλ’</span> <span class='ocrx_word' id='word_1_47' title='bbox 1107 981 1187 1062; x_wconf 73' lang='grc' dir='ltr'>οὐδὲ</span> <span class='ocrx_word' id='word_1_48' title='bbox 1216 981 1308 1083; x_wconf 80' lang='grc' dir='ltr'>πρὸς</span> <span class='ocrx_word' id='word_1_49' title='bbox 1337 977 1493 1059; x_wconf 82' lang='grc' dir='ltr'>αὐτὸνδ</span> 
     </span>
    </p>
   </div>
   <div class='ocr_carea' id='block_1_4' title="bbox 251 1103 1493 1335">
    <p class='ocr_par' dir='ltr' id='par_1_4' title="bbox 251 1103 1493 1335">
     <span class='ocr_line' id='line_1_7' title="bbox 251 1103 1468 1211; baseline -0.009 -19"><span class='ocrx_word' id='word_1_50' title='bbox 251 1157 288 1208; x_wconf 82' lang='lat'>¹9·</span> <span class='ocrx_word' id='word_1_51' title='bbox 304 1155 343 1191; x_wconf 81' lang='grc' dir='ltr'>ιο.</span> <span class='ocrx_word' id='word_1_52' title='bbox 383 1105 598 1211; x_wconf 66' lang='grc' dir='ltr'>θλελέξεται</span> <span class='ocrx_word' id='word_1_53' title='bbox 624 1104 724 1209; x_wconf 81' lang='grc' dir='ltr'>παρὰ</span> <span class='ocrx_word' id='word_1_54' title='bbox 751 1114 815 1185; x_wconf 86' lang='grc' dir='ltr'>τοῦ</span> <span class='ocrx_word' id='word_1_55' title='bbox 844 1111 939 1186; x_wconf 84' lang='grc' dir='ltr'>Θεοῦ</span> <span class='ocrx_word' id='word_1_56' title='bbox 959 1105 1068 1186; x_wconf 87' lang='grc' dir='ltr'>“Ὂν</span> <span class='ocrx_word' id='word_1_57' title='bbox 1095 1104 1229 1210; x_wconf 80' lang='grc' dir='ltr'>τρόπον</span> <span class='ocrx_word' id='word_1_58' title='bbox 1258 1103 1399 1204; x_wconf 81' lang='grc' dir='ltr'>ίμάτιον</span> <span class='ocrx_word' id='word_1_59' title='bbox 1428 1105 1468 1181; x_wconf 84' lang='grc' dir='ltr'>ἐν</span> 
     </span>
     <span class='ocr_line' id='line_1_8' title="bbox 415 1225 1493 1335; baseline -0.005 -27"><span class='ocrx_word' id='word_1_60' title='bbox 415 1238 436 1276; x_wconf 93' lang='grc'><strong>“</strong></span> <span class='ocrx_word' id='word_1_61' title='bbox 454 1228 681 1335; x_wconf 87' lang='grc' dir='ltr'>πεφυρμένον</span> <span class='ocrx_word' id='word_1_62' title='bbox 718 1231 782 1310; x_wconf 81' lang='grc' dir='ltr'>οὐκ</span> <span class='ocrx_word' id='word_1_63' title='bbox 820 1229 924 1309; x_wconf 78' lang='grc' dir='ltr'>ἔσται</span> <span class='ocrx_word' id='word_1_64' title='bbox 967 1228 1136 1332; x_wconf 82' lang='grc' dir='ltr'>καθαρόν,</span> <span class='ocrx_word' id='word_1_65' title='bbox 1173 1230 1285 1312; x_wconf 79' lang='grc' dir='ltr'>οὕτως</span> <span class='ocrx_word' id='word_1_66' title='bbox 1327 1225 1410 1306; x_wconf 80' lang='grc' dir='ltr'>οὐδὲ</span> <span class='ocrx_word' id='word_1_67' title='bbox 1455 1259 1493 1303; x_wconf 78' lang='lat' dir='ltr'><strong>m</strong></span> 
     </span>
    </p>
   </div>
   <div class='ocr_carea' id='block_1_5' title="bbox 257 1349 1493 4171">
    <p class='ocr_par' dir='ltr' id='par_1_5' title="bbox 257 1349 1493 4171">
     <span class='ocr_line' id='line_1_9' title="bbox 415 1349 1493 1456; baseline -0.006 -24"><span class='ocrx_word' id='word_1_68' title='bbox 415 1363 437 1399; x_wconf 89' lang='lat'>“</span> <span class='ocrx_word' id='word_1_69' title='bbox 456 1350 621 1456; x_wconf 81' lang='grc' dir='ltr'>καθαρός,</span> <span class='ocrx_word' id='word_1_70' title='bbox 646 1351 735 1433; x_wconf 81' lang='grc' dir='ltr'>διότι</span> <span class='ocrx_word' id='word_1_71' title='bbox 762 1353 828 1452; x_wconf 82' lang='grc' dir='ltr'>τὴν</span> <span class='ocrx_word' id='word_1_72' title='bbox 852 1357 922 1455; x_wconf 83' lang='grc' dir='ltr'>γῆν</span> <span class='ocrx_word' id='word_1_73' title='bbox 943 1387 1013 1452; x_wconf 93' lang='grc' dir='ltr'>μου</span> <span class='ocrx_word' id='word_1_74' title='bbox 1038 1354 1233 1436; x_wconf 82' lang='grc' dir='ltr'>ἀπώλεσας</span> <span class='ocrx_word' id='word_1_75' title='bbox 1262 1355 1320 1432; x_wconf 78' lang='grc' dir='ltr'>καὶ</span> <span class='ocrx_word' id='word_1_76' title='bbox 1345 1349 1411 1430; x_wconf 83' lang='grc' dir='ltr'>τὸν</span> <span class='ocrx_word' id='word_1_77' title='bbox 1433 1359 1493 1426; x_wconf 89' lang='grc' dir='ltr'>λαι</span> 
     </span>
     <span class='ocr_line' id='line_1_10' title="bbox 416 1475 1493 1579; baseline -0.004 -24"><span class='ocrx_word' id='word_1_78' title='bbox 416 1486 437 1524; x_wconf 89' lang='lat'><strong><em>“</em></strong></span> <span class='ocrx_word' id='word_1_79' title='bbox 455 1476 692 1560; x_wconf 84' lang='grc' dir='ltr'>ἀπέκτεινας.”</span> <span class='ocrx_word' id='word_1_80' title='bbox 732 1475 776 1556; x_wconf 88' lang='grc' dir='ltr'>ἀν</span> <span class='ocrx_word' id='word_1_81' title='bbox 802 1477 920 1556; x_wconf 83' lang='grc' dir='ltr'>τοίνυν</span> <span class='ocrx_word' id='word_1_82' title='bbox 944 1483 1018 1555; x_wconf 85' lang='grc' dir='ltr'>τῶν</span> <span class='ocrx_word' id='word_1_83' title='bbox 1045 1478 1173 1579; x_wconf 89' lang='grc' dir='ltr'>ἀρτίως</span> <span class='ocrx_word' id='word_1_84' title='bbox 1201 1477 1285 1575; x_wconf 84' lang='grc' dir='ltr'>ἡμῖν</span> <span class='ocrx_word' id='word_1_85' title='bbox 1312 1478 1493 1576; x_wconf 61' lang='grc' dir='ltr'>ἀπηριθμι,</span> 
     </span>
     <span class='ocr_line' id='line_1_11' title="bbox 416 1596 1493 1703; baseline -0.004 -25"><span class='ocrx_word' id='word_1_86' title='bbox 416 1607 535 1680; x_wconf 83' lang='grc' dir='ltr'>κακῶν</span> <span class='ocrx_word' id='word_1_87' title='bbox 559 1603 716 1701; x_wconf 84' lang='grc' dir='ltr'>ἀμοιρεῖν</span> <span class='ocrx_word' id='word_1_88' title='bbox 737 1603 879 1696; x_wconf 80' lang='grc' dir='ltr'>ἐκεῖνον,</span> <span class='ocrx_word' id='word_1_89' title='bbox 898 1598 940 1680; x_wconf 79' lang='grc' dir='ltr'>ὃν</span> <span class='ocrx_word' id='word_1_90' title='bbox 963 1603 1022 1679; x_wconf 85' lang='grc' dir='ltr'>καὶ</span> <span class='ocrx_word' id='word_1_91' title='bbox 1044 1606 1188 1703; x_wconf 83' lang='grc' dir='ltr'>πρῶτον</span> <span class='ocrx_word' id='word_1_92' title='bbox 1213 1596 1304 1678; x_wconf 85' lang='grc' dir='ltr'>εἶναι’</span> <span class='ocrx_word' id='word_1_93' title='bbox 1325 1605 1455 1703; x_wconf 91' lang='grc' dir='ltr'>φασιν,</span> <span class='ocrx_word' id='word_1_94' title='bbox 1476 1599 1493 1674; x_wconf 78' lang='grc' dir='ltr'><em>ἑ</em></span> 
     </span>
     <span class='ocr_line' id='line_1_12' title="bbox 415 1721 1493 1828; baseline -0.006 -24"><span class='ocrx_word' id='word_1_95' title='bbox 415 1757 539 1822; x_wconf 89' lang='grc' dir='ltr'>πομεν,</span> <span class='ocrx_word' id='word_1_96' title='bbox 570 1725 650 1802; x_wconf 90' lang='grc' dir='ltr'>τίνα</span> <span class='ocrx_word' id='word_1_97' title='bbox 681 1729 868 1821; x_wconf 85' lang='grc' dir='ltr'>μιμεῖσθαι</span> <span class='ocrx_word' id='word_1_98' title='bbox 902 1723 1031 1803; x_wconf 86' lang='grc' dir='ltr'>λοιπὸν</span> <span class='ocrx_word' id='word_1_99' title='bbox 1064 1721 1252 1828; x_wconf 79' lang='grc' dir='ltr'>ὁριούμεθα</span> <span class='ocrx_word' id='word_1_100' title='bbox 1283 1721 1348 1801; x_wconf 84' lang='grc' dir='ltr'>τὸν</span> <span class='ocrx_word' id='word_1_101' title='bbox 1378 1722 1455 1819; x_wconf 90' lang='grc' dir='ltr'>μετ’</span> <span class='ocrx_word' id='word_1_102' title='bbox 1487 1759 1493 1797; x_wconf 83' lang='grc' dir='ltr'>ι</span> 
     </span>
     <span class='ocr_line' id='line_1_13' title="bbox 417 1843 1493 1953; baseline -0.004 -27"><span class='ocrx_word' id='word_1_103' title='bbox 417 1847 588 1949; x_wconf 90' lang='grc' dir='ltr'>δεύτερον,</span> <span class='ocrx_word' id='word_1_104' title='bbox 621 1843 645 1945; x_wconf 85' lang='grc' dir='ltr'>ἢ</span> <span class='ocrx_word' id='word_1_105' title='bbox 682 1844 774 1950; x_wconf 79' lang='grc' dir='ltr'>πρὸς</span> <span class='ocrx_word' id='word_1_106' title='bbox 810 1848 891 1926; x_wconf 88' lang='grc' dir='ltr'>τίνα</span> <span class='ocrx_word' id='word_1_107' title='bbox 927 1846 1057 1927; x_wconf 84' lang='grc' dir='ltr'>λοιπὸν</span> <span class='ocrx_word' id='word_1_108' title='bbox 1090 1847 1285 1953; x_wconf 82' lang='grc' dir='ltr'>ε’μορφιόθη</span> <span class='ocrx_word' id='word_1_109' title='bbox 1320 1853 1493 1926; x_wconf 89' lang='grc' dir='ltr'>πλεονεκτ</span> 
     </span>
     <span class='ocr_line' id='line_1_14' title="bbox 417 1967 1493 2079; baseline -0.005 -28"><span class='ocrx_word' id='word_1_110' title='bbox 417 1971 522 2076; x_wconf 78' lang='grc' dir='ltr'>κακίᾳ</span> <span class='ocrx_word' id='word_1_111' title='bbox 539 1967 603 2050; x_wconf 81' lang='grc' dir='ltr'>τὸν</span> <span class='ocrx_word' id='word_1_112' title='bbox 620 1968 827 2072; x_wconf 84' lang='grc' dir='ltr'>ἡγούμενον,</span> <span class='ocrx_word' id='word_1_113' title='bbox 846 1973 905 2050; x_wconf 82' lang='grc' dir='ltr'>καὶ</span> <span class='ocrx_word' id='word_1_114' title='bbox 923 1973 987 2069; x_wconf 78' lang='grc' dir='ltr'>τῆς</span> <span class='ocrx_word' id='word_1_115' title='bbox 1005 1971 1124 2079; x_wconf 79' lang='grc' dir='ltr'>ἐκείνῳ</span> <span class='ocrx_word' id='word_1_116' title='bbox 1149 1968 1378 2077; x_wconf 90' lang='grc' dir='ltr'>φαυλότητος</span> <span class='ocrx_word' id='word_1_117' title='bbox 1394 2002 1493 2070; x_wconf 86' lang='grc' dir='ltr'>παχυ</span> 
     </span>
     <span class='ocr_line' id='line_1_15' title="bbox 418 2090 876 2199; baseline 0.009 -26"><span class='ocrx_word' id='word_1_118' title='bbox 418 2093 510 2199; x_wconf 85' lang='grc' dir='ltr'>ἔχων</span> <span class='ocrx_word' id='word_1_119' title='bbox 525 2090 607 2178; x_wconf 78' lang='grc' dir='ltr'>τοὺς</span> <span class='ocrx_word' id='word_1_120' title='bbox 624 2097 851 2198; x_wconf 77' lang='grc' dir='ltr'>χαρακτῆρας</span> <span class='ocrx_word' id='word_1_121' title='bbox 866 2126 876 2191; x_wconf 85' lang='grc'><strong>;</strong></span> 
     </span>
     <span class='ocr_line' id='line_1_16' title="bbox 383 2213 1476 2316; baseline -0.004 -20"><span class='ocrx_word' id='word_1_122' title='bbox 383 2217 405 2282; x_wconf 76' lang='lat' dir='ltr'><strong>d</strong></span> <span class='ocrx_word' id='word_1_123' title='bbox 473 2217 581 2296; x_wconf 83' lang='grc' dir='ltr'>Ἀλλ’</span> <span class='ocrx_word' id='word_1_124' title='bbox 601 2214 647 2316; x_wconf 84' lang='grc' dir='ltr'>ἦν</span> <span class='ocrx_word' id='word_1_125' title='bbox 663 2213 729 2314; x_wconf 77' lang='grc' dir='ltr'>μὲν</span> <span class='ocrx_word' id='word_1_126' title='bbox 748 2216 837 2300; x_wconf 81' lang='grc' dir='ltr'>ἴσως</span> <span class='ocrx_word' id='word_1_127' title='bbox 865 2217 929 2296; x_wconf 84' lang='grc' dir='ltr'>οὐκ</span> <span class='ocrx_word' id='word_1_128' title='bbox 956 2213 1101 2299; x_wconf 79' lang='grc' dir='ltr'>ἀπεικὸς</span> <span class='ocrx_word' id='word_1_129' title='bbox 1128 2217 1185 2294; x_wconf 80' lang='grc' dir='ltr'>καὶ</span> <span class='ocrx_word' id='word_1_130' title='bbox 1213 2213 1272 2295; x_wconf 80' lang='grc' dir='ltr'>διὰ</span> <span class='ocrx_word' id='word_1_131' title='bbox 1298 2213 1476 2296; x_wconf 90' lang='grc' dir='ltr'>πλειόνων</span> 
     </span>
     <span class='ocr_line' id='line_1_17' title="bbox 418 2337 1493 2447; baseline -0.002 -27"><span class='ocrx_word' id='word_1_132' title='bbox 418 2338 483 2420; x_wconf 79' lang='grc' dir='ltr'>τόν</span> <span class='ocrx_word' id='word_1_133' title='bbox 500 2341 558 2420; x_wconf 88' lang='grc' dir='ltr'>ε’πὶ</span> <span class='ocrx_word' id='word_1_134' title='bbox 581 2339 696 2447; x_wconf 76' lang='grc' dir='ltr'>τούτῳ</span> <span class='ocrx_word' id='word_1_135' title='bbox 718 2344 965 2442; x_wconf 84' lang='grc' dir='ltr'>διερευνῶιπας</span> <span class='ocrx_word' id='word_1_136' title='bbox 982 2337 1105 2442; x_wconf 83' lang='grc' dir='ltr'>λόγον,</span> <span class='ocrx_word' id='word_1_137' title='bbox 1124 2337 1166 2418; x_wconf 81' lang='grc' dir='ltr'>τὸ</span> <span class='ocrx_word' id='word_1_138' title='bbox 1184 2337 1299 2441; x_wconf 84' lang='grc' dir='ltr'>γεμὴν</span> <span class='ocrx_word' id='word_1_139' title='bbox 1316 2338 1465 2446; x_wconf 90' lang='grc' dir='ltr'>σφόδρα</span> <span class='ocrx_word' id='word_1_140' title='bbox 1484 2343 1493 2418; x_wconf 78' lang='grc' dir='ltr'>ί</span> 
     </span>
     <span class='ocr_line' id='line_1_18' title="bbox 419 2461 1493 2569; baseline -0.004 -25"><span class='ocrx_word' id='word_1_141' title='bbox 419 2468 545 2544; x_wconf 92' lang='grc' dir='ltr'>νεσθαι</span> <span class='ocrx_word' id='word_1_142' title='bbox 562 2461 728 2567; x_wconf 82' lang='grc' dir='ltr'>περιττὸν</span> <span class='ocrx_word' id='word_1_143' title='bbox 746 2461 802 2569; x_wconf 85' lang='grc' dir='ltr'>ἐφ’</span> <span class='ocrx_word' id='word_1_144' title='bbox 822 2461 874 2548; x_wconf 84' lang='grc' dir='ltr'>οἶς</span> <span class='ocrx_word' id='word_1_145' title='bbox 893 2465 1025 2564; x_wconf 87' lang='grc' dir='ltr'>ἥκιστα</span> <span class='ocrx_word' id='word_1_146' title='bbox 1050 2461 1119 2568; x_wconf 79' lang='grc' dir='ltr'>χρὴ</span> <span class='ocrx_word' id='word_1_147' title='bbox 1146 2461 1372 2565; x_wconf 65' lang='grc' dir='ltr'>λογιζόμεθα.</span> <span class='ocrx_word' id='word_1_148' title='bbox 1412 2463 1493 2541; x_wconf 85' lang='grc' dir='ltr'>ούκο</span> 
     </span>
     <span class='ocr_line' id='line_1_19' title="bbox 417 2585 1492 2690; baseline 0.004 -26"><span class='ocrx_word' id='word_1_149' title='bbox 417 2586 540 2689; x_wconf 81' lang='grc' dir='ltr'>ἑτέραν</span> <span class='ocrx_word' id='word_1_150' title='bbox 565 2585 656 2666; x_wconf 78' lang='grc' dir='ltr'>ἰτέον</span> <span class='ocrx_word' id='word_1_151' title='bbox 681 2585 850 2684; x_wconf 83' lang='grc' dir='ltr'>διάνοιαν,</span> <span class='ocrx_word' id='word_1_152' title='bbox 870 2589 928 2667; x_wconf 81' lang='grc' dir='ltr'>καὶ</span> <span class='ocrx_word' id='word_1_153' title='bbox 956 2586 1122 2690; x_wconf 77' lang='grc' dir='ltr'>ζητητέον</span> <span class='ocrx_word' id='word_1_154' title='bbox 1146 2589 1304 2689; x_wconf 80' lang='grc' dir='ltr'>ἀκριβῶς</span> <span class='ocrx_word' id='word_1_155' title='bbox 1330 2588 1408 2666; x_wconf 85' lang='grc' dir='ltr'>τίνα</span> <span class='ocrx_word' id='word_1_156' title='bbox 1436 2592 1492 2668; x_wconf 59' lang='grc' dir='ltr'>τοῖι</span> 
     </span>
     <span class='ocr_line' id='line_1_20' title="bbox 419 2707 1492 2813; baseline -0.002 -23"><span class='ocrx_word' id='word_1_157' title='bbox 419 2708 529 2794; x_wconf 88' lang='grc' dir='ltr'>δαίοις</span> <span class='ocrx_word' id='word_1_158' title='bbox 556 2708 694 2812; x_wconf 83' lang='grc' dir='ltr'>πατέρα</span> <span class='ocrx_word' id='word_1_159' title='bbox 719 2708 823 2812; x_wconf 78' lang='grc' dir='ltr'>ὁρίζει</span> <span class='ocrx_word' id='word_1_160' title='bbox 851 2712 871 2790; x_wconf 85' lang='grc' dir='ltr'><strong>ὁ</strong></span> <span class='ocrx_word' id='word_1_161' title='bbox 895 2707 1059 2812; x_wconf 80' lang='grc' dir='ltr'>Χριστός</span> <span class='ocrx_word' id='word_1_162' title='bbox 1087 2708 1283 2813; x_wconf 83' lang='grc' dir='ltr'>ἱσότροπόν</span> <span class='ocrx_word' id='word_1_163' title='bbox 1303 2743 1342 2788; x_wconf 92' lang='grc' dir='ltr'>τε</span> <span class='ocrx_word' id='word_1_164' title='bbox 1370 2711 1427 2788; x_wconf 79' lang='grc' dir='ltr'>καὶ</span> <span class='ocrx_word' id='word_1_165' title='bbox 1455 2711 1492 2805; x_wconf 84' lang='grc' dir='ltr'>ὁρ</span> 
     </span>
     <span class='ocr_line' id='line_1_21' title="bbox 420 2830 1491 2940; baseline -0.001 -29"><span class='ocrx_word' id='word_1_166' title='bbox 420 2867 523 2932; x_wconf 82' lang='grc' dir='ltr'>μονα,</span> <span class='ocrx_word' id='word_1_167' title='bbox 543 2830 669 2934; x_wconf 78' lang='grc' dir='ltr'>ὥσπερ</span> <span class='ocrx_word' id='word_1_168' title='bbox 695 2831 741 2912; x_wconf 83' lang='grc' dir='ltr'>ἀν</span> <span class='ocrx_word' id='word_1_169' title='bbox 759 2833 901 2918; x_wconf 79' lang='grc' dir='ltr'>εἰκότως</span> <span class='ocrx_word' id='word_1_170' title='bbox 929 2837 987 2912; x_wconf 78' lang='grc' dir='ltr'>καὶ</span> <span class='ocrx_word' id='word_1_171' title='bbox 1012 2833 1132 2935; x_wconf 80' lang='grc' dir='ltr'>πατὴρ</span> <span class='ocrx_word' id='word_1_172' title='bbox 1157 2831 1392 2940; x_wconf 79' lang='grc' dir='ltr'>ἐπιγράφοιτο</span> <span class='ocrx_word' id='word_1_173' title='bbox 1419 2835 1491 2930; x_wconf 81' lang='grc' dir='ltr'>δαιρ</span> 
     </span>
     <span class='ocr_line' id='line_1_22' title="bbox 422 2955 1474 3062; baseline -0.003 -25"><span class='ocrx_word' id='word_1_174' title='bbox 422 2959 548 3038; x_wconf 82' lang='grc' dir='ltr'>ἐκεῖνος</span> <span class='ocrx_word' id='word_1_175' title='bbox 574 2958 594 3035; x_wconf 87' lang='grc' dir='ltr'><strong>ὁ</strong></span> <span class='ocrx_word' id='word_1_176' title='bbox 619 2958 825 3061; x_wconf 84' lang='grc' dir='ltr'>ἀρχέκακσς,</span> <span class='ocrx_word' id='word_1_177' title='bbox 843 2958 1038 3055; x_wconf 87' lang='grc' dir='ltr'>τουτέστιν,</span> <span class='ocrx_word' id='word_1_178' title='bbox 1057 2960 1078 3037; x_wconf 87' lang='grc' dir='ltr'><strong><em>ὁ</em></strong></span> <span class='ocrx_word' id='word_1_179' title='bbox 1097 2963 1271 3042; x_wconf 85' lang='grc' dir='ltr'>σατανᾶς.</span> <span class='ocrx_word' id='word_1_180' title='bbox 1309 2955 1474 3062; x_wconf 77' lang='grc' dir='ltr'>ἀναφέρει</span> 
     </span>
     <span class='ocr_line' id='line_1_23' title="bbox 422 3077 1491 3184; baseline -0.003 -24"><span class='ocrx_word' id='word_1_181' title='bbox 422 3079 550 3164; x_wconf 77' lang='grc' dir='ltr'>αὐτούς</span> <span class='ocrx_word' id='word_1_182' title='bbox 569 3083 627 3160; x_wconf 86' lang='grc' dir='ltr'>ε’πὶ</span> <span class='ocrx_word' id='word_1_183' title='bbox 645 3079 709 3160; x_wconf 85' lang='grc' dir='ltr'>τὸν</span> <span class='ocrx_word' id='word_1_184' title='bbox 724 3079 827 3178; x_wconf 84' lang='grc' dir='ltr'>Κάῖν,</span> <span class='ocrx_word' id='word_1_185' title='bbox 842 3077 881 3164; x_wconf 79' lang='grc' dir='ltr'>ὃς</span> <span class='ocrx_word' id='word_1_186' title='bbox 898 3087 1040 3184; x_wconf 80' lang='grc' dir='ltr'>πρῶτος</span> <span class='ocrx_word' id='word_1_187' title='bbox 1058 3079 1258 3183; x_wconf 83' lang='grc' dir='ltr'>ἀνθρώπων</span> <span class='ocrx_word' id='word_1_188' title='bbox 1272 3078 1440 3160; x_wconf 83' lang='grc' dir='ltr'>ἁπάντων</span> <span class='ocrx_word' id='word_1_189' title='bbox 1457 3083 1491 3158; x_wconf 86' lang='grc' dir='ltr'>ἐλ</span> 
     </span>
     <span class='ocr_line' id='line_1_24' title="bbox 423 3201 1473 3309; baseline 0 -27"><span class='ocrx_word' id='word_1_190' title='bbox 423 3203 489 3302; x_wconf 81' lang='grc' dir='ltr'>μὲν</span> <span class='ocrx_word' id='word_1_191' title='bbox 516 3205 579 3284; x_wconf 83' lang='grc' dir='ltr'>οὐκ</span> <span class='ocrx_word' id='word_1_192' title='bbox 608 3201 777 3304; x_wconf 81' lang='grc' dir='ltr'>ἠγάπησε</span> <span class='ocrx_word' id='word_1_193' title='bbox 805 3201 869 3282; x_wconf 81' lang='grc' dir='ltr'>τὸν</span> <span class='ocrx_word' id='word_1_194' title='bbox 896 3201 1165 3308; x_wconf 74' lang='grc' dir='ltr'>σωφρονιστὴν,</span> <span class='ocrx_word' id='word_1_195' title='bbox 1188 3201 1325 3309; x_wconf 91' lang='grc' dir='ltr'>φθόνου</span> <span class='ocrx_word' id='word_1_196' title='bbox 1353 3202 1473 3282; x_wconf 78' lang='grc' dir='ltr'>δὲκαὶ</span> 
     </span>
     <span class='ocr_line' id='line_1_25' title="bbox 394 3325 1490 3434; baseline 0.003 -32"><span class='ocrx_word' id='word_1_197' title='bbox 394 3329 483 3406; x_wconf 74' lang='grc' dir='ltr'>ικαὶ</span> <span class='ocrx_word' id='word_1_198' title='bbox 508 3325 619 3407; x_wconf 89' lang='grc' dir='ltr'>δόλου</span> <span class='ocrx_word' id='word_1_199' title='bbox 641 3331 700 3406; x_wconf 77' lang='grc' dir='ltr'>καὶ</span> <span class='ocrx_word' id='word_1_200' title='bbox 717 3325 873 3434; x_wconf 80' lang='grc' dir='ltr'>ψεύδους</span> <span class='ocrx_word' id='word_1_201' title='bbox 891 3330 950 3406; x_wconf 81' lang='grc' dir='ltr'>καὶ</span> <span class='ocrx_word' id='word_1_202' title='bbox 968 3325 1107 3426; x_wconf 78' lang='grc' dir='ltr'>ἀπάτης</span> <span class='ocrx_word' id='word_1_203' title='bbox 1126 3327 1220 3431; x_wconf 82' lang='grc' dir='ltr'>ἀρχὴ</span> <span class='ocrx_word' id='word_1_204' title='bbox 1239 3325 1315 3426; x_wconf 81' lang='grc' dir='ltr'>μετ’</span> <span class='ocrx_word' id='word_1_205' title='bbox 1334 3330 1461 3406; x_wconf 79' lang='grc' dir='ltr'>ἐκεῖνον</span> <span class='ocrx_word' id='word_1_206' title='bbox 1476 3329 1490 3405; x_wconf 93' lang='grc' dir='ltr'>εΙ</span> 
     </span>
     <span class='ocr_line' id='line_1_26' title="bbox 423 3447 1490 3552; baseline -0.001 -24"><span class='ocrx_word' id='word_1_207' title='bbox 423 3447 488 3528; x_wconf 85' lang='grc' dir='ltr'>τὸν</span> <span class='ocrx_word' id='word_1_208' title='bbox 506 3457 680 3548; x_wconf 83' lang='grc' dir='ltr'>σατανάν,</span> <span class='ocrx_word' id='word_1_209' title='bbox 700 3451 810 3552; x_wconf 71' lang='grc' dir='ltr'>οὗπερ</span> <span class='ocrx_word' id='word_1_210' title='bbox 835 3447 880 3529; x_wconf 81' lang='grc' dir='ltr'>ἀν</span> <span class='ocrx_word' id='word_1_211' title='bbox 897 3449 1039 3534; x_wconf 86' lang='grc' dir='ltr'>δικαίως</span> <span class='ocrx_word' id='word_1_212' title='bbox 1064 3449 1272 3552; x_wconf 78' lang='grc' dir='ltr'>ὀνομάζοιτο</span> <span class='ocrx_word' id='word_1_213' title='bbox 1297 3453 1356 3530; x_wconf 81' lang='grc' dir='ltr'>καὶ</span> <span class='ocrx_word' id='word_1_214' title='bbox 1380 3449 1462 3546; x_wconf 82' lang='grc' dir='ltr'>υἱὸς,</span> <span class='ocrx_word' id='word_1_215' title='bbox 1484 3487 1490 3527; x_wconf 88' lang='grc' dir='ltr'>ι</span> 
     </span>
     <span class='ocr_line' id='line_1_27' title="bbox 425 3573 1489 3675; baseline 0 -24"><span class='ocrx_word' id='word_1_216' title='bbox 425 3574 483 3651; x_wconf 81' lang='grc' dir='ltr'>καὶ</span> <span class='ocrx_word' id='word_1_217' title='bbox 501 3577 626 3652; x_wconf 81' lang='grc' dir='ltr'>πᾶσαν</span> <span class='ocrx_word' id='word_1_218' title='bbox 644 3577 708 3672; x_wconf 80' lang='grc' dir='ltr'>τῆς</span> <span class='ocrx_word' id='word_1_219' title='bbox 727 3574 857 3654; x_wconf 87' lang='grc' dir='ltr'>ε’κείνου</span> <span class='ocrx_word' id='word_1_220' title='bbox 872 3574 1043 3675; x_wconf 83' lang='grc' dir='ltr'>πονηρίας</span> <span class='ocrx_word' id='word_1_221' title='bbox 1061 3573 1349 3674; x_wconf 87' lang='grc' dir='ltr'>ἀναματτόμενσς</span> <span class='ocrx_word' id='word_1_222' title='bbox 1370 3575 1405 3654; x_wconf 83' lang='grc' dir='ltr'>ε’ν</span> <span class='ocrx_word' id='word_1_223' title='bbox 1423 3577 1489 3653; x_wconf 85' lang='grc' dir='ltr'>ἑαυι</span> 
     </span>
     <span class='ocr_line' id='line_1_28' title="bbox 257 3694 1488 3834; baseline 0.002 -62"><span class='ocrx_word' id='word_1_224' title='bbox 257 3706 381 3834; x_wconf 48' lang='lat' dir='ltr'>gfff·</span> <span class='ocrx_word' id='word_1_225' title='bbox 425 3694 631 3802; x_wconf 90' lang='grc' dir='ltr'>μόρφωσιν.</span> <span class='ocrx_word' id='word_1_226' title='bbox 673 3697 781 3798; x_wconf 84' lang='grc' dir='ltr'>όνπερ</span> <span class='ocrx_word' id='word_1_227' title='bbox 807 3695 880 3799; x_wconf 80' lang='grc' dir='ltr'>γὰρ</span> <span class='ocrx_word' id='word_1_228' title='bbox 905 3696 1039 3800; x_wconf 89' lang='grc' dir='ltr'>τρόπον</span> <span class='ocrx_word' id='word_1_229' title='bbox 1058 3697 1149 3806; x_wconf 80' lang='grc' dir='ltr'>ἀγίιρ</span> <span class='ocrx_word' id='word_1_230' title='bbox 1175 3733 1214 3777; x_wconf 92' lang='grc' dir='ltr'>τε</span> <span class='ocrx_word' id='word_1_231' title='bbox 1238 3701 1298 3777; x_wconf 78' lang='grc' dir='ltr'>καὶ</span> <span class='ocrx_word' id='word_1_232' title='bbox 1316 3699 1434 3803; x_wconf 82' lang='grc' dir='ltr'>δικαίῳ</span> <span class='ocrx_word' id='word_1_233' title='bbox 1452 3731 1488 3774; x_wconf 93' lang='grc' dir='ltr'>τε</span> 
     </span>
     <span class='ocr_line' id='line_1_29' title="bbox 424 3819 1488 3922; baseline -0.002 -22"><span class='ocrx_word' id='word_1_234' title='bbox 424 3819 544 3922; x_wconf 88' lang='grc' dir='ltr'>πατὴρ</span> <span class='ocrx_word' id='word_1_235' title='bbox 581 3827 711 3900; x_wconf 88' lang='grc' dir='ltr'>νοεῖται</span> <span class='ocrx_word' id='word_1_236' title='bbox 743 3820 846 3917; x_wconf 79' lang='grc' dir='ltr'>Θεὸς,</span> <span class='ocrx_word' id='word_1_237' title='bbox 879 3819 985 3906; x_wconf 83' lang='grc' dir='ltr'>αὐτὸς</span> <span class='ocrx_word' id='word_1_238' title='bbox 1021 3821 1071 3900; x_wconf 84' lang='grc' dir='ltr'>ὧν</span> <span class='ocrx_word' id='word_1_239' title='bbox 1103 3822 1125 3921; x_wconf 81' lang='grc' dir='ltr'><em>ἡ</em></span> <span class='ocrx_word' id='word_1_240' title='bbox 1161 3819 1307 3901; x_wconf 83' lang='grc' dir='ltr'>πάντων</span> <span class='ocrx_word' id='word_1_241' title='bbox 1343 3823 1488 3922; x_wconf 88' lang='grc' dir='ltr'>ἀγιασμι</span> 
     </span>
     <span class='ocr_line' id='line_1_30' title="bbox 425 3941 1488 4048; baseline -0.003 -23"><span class='ocrx_word' id='word_1_242' title='bbox 425 3944 652 4044; x_wconf 79' lang='grc' dir='ltr'>δικαιοσύνης</span> <span class='ocrx_word' id='word_1_243' title='bbox 684 3942 788 4048; x_wconf 80' lang='grc' dir='ltr'>ἀρχὴ,</span> <span class='ocrx_word' id='word_1_244' title='bbox 815 3943 880 4024; x_wconf 81' lang='grc' dir='ltr'>τόν</span> <span class='ocrx_word' id='word_1_245' title='bbox 909 3943 1018 4024; x_wconf 74' lang='grc' dir='ltr'>αὐτὸν</span> <span class='ocrx_word' id='word_1_246' title='bbox 1046 3941 1143 4044; x_wconf 83' lang='grc' dir='ltr'>οἶμαι</span> <span class='ocrx_word' id='word_1_247' title='bbox 1175 3941 1309 4046; x_wconf 90' lang='grc' dir='ltr'>τρόπον</span> <span class='ocrx_word' id='word_1_248' title='bbox 1336 3947 1438 4024; x_wconf 78' lang='grc' dir='ltr'>παντὶ</span> <span class='ocrx_word' id='word_1_249' title='bbox 1468 3979 1488 4022; x_wconf 88' lang='grc' dir='ltr'>τ</span> 
     </span>
     <span class='ocr_line' id='line_1_31' title="bbox 424 4065 1488 4171; baseline -0.002 -23"><span class='ocrx_word' id='word_1_250' title='bbox 424 4066 545 4171; x_wconf 81' lang='grc' dir='ltr'>πατὴρ</span> <span class='ocrx_word' id='word_1_251' title='bbox 566 4065 611 4148; x_wconf 85' lang='grc' dir='ltr'>ἀν</span> <span class='ocrx_word' id='word_1_252' title='bbox 629 4067 788 4169; x_wconf 83' lang='grc' dir='ltr'>εὐλόγως</span> <span class='ocrx_word' id='word_1_253' title='bbox 814 4069 834 4147; x_wconf 89' lang='grc' dir='ltr'><strong>ὁ</strong></span> <span class='ocrx_word' id='word_1_254' title='bbox 859 4074 1020 4154; x_wconf 82' lang='grc' dir='ltr'>σαταυᾶς</span> <span class='ocrx_word' id='word_1_255' title='bbox 1041 4066 1260 4170; x_wconf 82' lang='grc' dir='ltr'>ὀνομάζοιτο,</span> <span class='ocrx_word' id='word_1_256' title='bbox 1278 4066 1383 4150; x_wconf 78' lang='grc' dir='ltr'>αὐτὸς</span> <span class='ocrx_word' id='word_1_257' title='bbox 1404 4065 1488 4146; x_wconf 81' lang='grc' dir='ltr'>ὧνά</span> 
     </span>
    </p>
   </div>
   <div class='ocr_carea' id='block_1_6' title="bbox 429 4326 1487 4610">
    <p class='ocr_par' dir='ltr' id='par_1_6' title="bbox 429 4326 1487 4610">
     <span class='ocr_line' id='line_1_32' title="bbox 465 4326 1487 4411; baseline 0.003 -31"><span class='ocrx_word' id='word_1_258' title='bbox 465 4343 488 4380; x_wconf 84' lang='grc'>1.</span> <span class='ocrx_word' id='word_1_259' title='bbox 507 4329 552 4396; x_wconf 75' lang='grc' dir='ltr'>τῆς</span> <span class='ocrx_word' id='word_1_260' title='bbox 564 4326 606 4397; x_wconf 70' lang='grc' dir='ltr'>ἐφ’</span> <span class='ocrx_word' id='word_1_261' title='bbox 619 4327 649 4396; x_wconf 78' lang='grc' dir='ltr'>ἧς</span> <span class='ocrx_word' id='word_1_262' title='bbox 661 4328 785 4383; x_wconf 83' lang='lat' dir='ltr'><strong>emendat</strong></span> <span class='ocrx_word' id='word_1_263' title='bbox 798 4329 903 4411; x_wconf 51' lang='lat' dir='ltr'>Heyse3</span> <span class='ocrx_word' id='word_1_264' title='bbox 911 4333 966 4387; x_wconf 81' lang='grc' dir='ltr'>τοῖς</span> <span class='ocrx_word' id='word_1_265' title='bbox 977 4327 1021 4400; x_wconf 78' lang='grc' dir='ltr'>ἐφ’</span> <span class='ocrx_word' id='word_1_266' title='bbox 1034 4327 1073 4386; x_wconf 78' lang='grc' dir='ltr'>οἶς</span> <span class='ocrx_word' id='word_1_267' title='bbox 1086 4329 1119 4384; x_wconf 85' lang='grc' dir='ltr'>Β.</span> <span class='ocrx_word' id='word_1_268' title='bbox 1131 4333 1177 4399; x_wconf 79' lang='grc' dir='ltr'>τῆς</span> <span class='ocrx_word' id='word_1_269' title='bbox 1189 4330 1202 4384; x_wconf 86' lang='grc' dir='ltr'>ε’</span> <span class='ocrx_word' id='word_1_270' title='bbox 1224 4329 1231 4350; x_wconf 83' lang='grc'>’</span> <span class='ocrx_word' id='word_1_271' title='bbox 1244 4327 1282 4386; x_wconf 79' lang='grc' dir='ltr'>οἶς</span> <span class='ocrx_word' id='word_1_272' title='bbox 1295 4329 1345 4384; x_wconf 81' lang='lat' dir='ltr'>Ed.</span> <span class='ocrx_word' id='word_1_273' title='bbox 1425 4347 1449 4401; x_wconf 81' lang='lat'>3.</span> <span class='ocrx_word' id='word_1_274' title='bbox 1466 4329 1487 4383; x_wconf 83' lang='grc' dir='ltr'>ἀι</span> 
     </span>
     <span class='ocr_line' id='line_1_33' title="bbox 429 4395 1398 4468; baseline 0.008 -22"><span class='ocrx_word' id='word_1_275' title='bbox 429 4395 461 4446; x_wconf 88' lang='grc' dir='ltr'>Β.</span> <span class='ocrx_word' id='word_1_276' title='bbox 476 4396 566 4448; x_wconf 80' lang='lat' dir='ltr'><strong>Holst.</strong></span> <span class='ocrx_word' id='word_1_277' title='bbox 579 4397 740 4452; x_wconf 80' lang='grc' dir='ltr'>ἀπαλλάττει</span> <span class='ocrx_word' id='word_1_278' title='bbox 752 4399 825 4454; x_wconf 79' lang='lat' dir='ltr'><strong>Aub.</strong></span> <span class='ocrx_word' id='word_1_279' title='bbox 931 4399 957 4454; x_wconf 91' lang='grc'>6.</span> <span class='ocrx_word' id='word_1_280' title='bbox 976 4400 1112 4468; x_wconf 82' lang='grc' dir='ltr'>λελέξεται</span> <span class='ocrx_word' id='word_1_281' title='bbox 1126 4400 1159 4456; x_wconf 88' lang='grc' dir='ltr'>Β.</span> <span class='ocrx_word' id='word_1_282' title='bbox 1171 4401 1204 4454; x_wconf 83' lang='grc' dir='ltr'>λε’</span> <span class='ocrx_word' id='word_1_283' title='bbox 1266 4400 1337 4456; x_wconf 71' lang='lat' dir='ltr'>th.</span> <span class='ocrx_word' id='word_1_284' title='bbox 1351 4399 1398 4454; x_wconf 84' lang='lat' dir='ltr'>Ed.</span> 
     </span>
     <span class='ocr_line' id='line_1_34' title="bbox 429 4462 1487 4540; baseline 0.01 -27"><span class='ocrx_word' id='word_1_285' title='bbox 429 4462 461 4514; x_wconf 84' lang='lat' dir='ltr'>B.</span> <span class='ocrx_word' id='word_1_286' title='bbox 474 4464 532 4515; x_wconf 73' lang='grc' dir='ltr'>ἔστι</span> <span class='ocrx_word' id='word_1_287' title='bbox 547 4465 594 4518; x_wconf 84' lang='lat' dir='ltr'>Ht.</span> <span class='ocrx_word' id='word_1_288' title='bbox 607 4465 657 4518; x_wconf 87' lang='lat' dir='ltr'>Ed.</span> <span class='ocrx_word' id='word_1_289' title='bbox 750 4485 790 4523; x_wconf 89' lang='lat'>11.</span> <span class='ocrx_word' id='word_1_290' title='bbox 809 4469 946 4539; x_wconf 81' lang='grc' dir='ltr'>ὁριούμεθα</span> <span class='ocrx_word' id='word_1_291' title='bbox 961 4470 992 4523; x_wconf 89' lang='grc' dir='ltr'>Β.</span> <span class='ocrx_word' id='word_1_292' title='bbox 1009 4469 1057 4526; x_wconf 81' lang='lat' dir='ltr'>Ht.</span> <span class='ocrx_word' id='word_1_293' title='bbox 1070 4471 1212 4539; x_wconf 78' lang='grc' dir='ltr'>ὁριούμεθα</span> <span class='ocrx_word' id='word_1_294' title='bbox 1225 4471 1298 4526; x_wconf 80' lang='lat' dir='ltr'>Aub.</span> <span class='ocrx_word' id='word_1_295' title='bbox 1382 4473 1418 4526; x_wconf 84' lang='lat'>16.</span> <span class='ocrx_word' id='word_1_296' title='bbox 1436 4471 1487 4540; x_wconf 88' lang='grc' dir='ltr'>διερ</span> 
     </span>
     <span class='ocr_line' id='line_1_35' title="bbox 429 4528 1168 4610; baseline 0.024 -32"><span class='ocrx_word' id='word_1_297' title='bbox 429 4528 461 4580; x_wconf 89' lang='grc' dir='ltr'>Β.</span> <span class='ocrx_word' id='word_1_298' title='bbox 478 4529 525 4580; x_wconf 83' lang='lat' dir='ltr'>Ht.</span> <span class='ocrx_word' id='word_1_299' title='bbox 539 4532 703 4599; x_wconf 83' lang='grc' dir='ltr'>διερευνωντα</span> <span class='ocrx_word' id='word_1_300' title='bbox 717 4537 789 4591; x_wconf 84' lang='lat' dir='ltr'>Aub.</span> <span class='ocrx_word' id='word_1_301' title='bbox 896 4555 939 4609; x_wconf 84' lang='lat'>30.</span> <span class='ocrx_word' id='word_1_302' title='bbox 959 4539 1007 4610; x_wconf 79' lang='grc' dir='ltr'>δν]</span> <span class='ocrx_word' id='word_1_303' title='bbox 1025 4548 1052 4605; x_wconf 83' lang='lat'>†</span> <span class='ocrx_word' id='word_1_304' title='bbox 1068 4540 1168 4608; x_wconf 50' lang='lat' dir='ltr'>nub.</span> 
     </span>
    </p>
   </div>
   <div class='ocr_carea' id='block_1_7' title="bbox 0 0 1596 5104">
    <p class='ocr_par' dir='ltr' id='par_1_7' title="bbox 0 0 1596 5104">
     <span class='ocr_line' id='line_1_36' title="bbox 0 0 1596 5104; baseline 0 0"><span class='ocrx_word' id='word_1_305' title='bbox 0 0 1596 5104; x_wconf 95' lang='lat' dir='ltr'> </span> 
     </span>
    </p>
   </div>
  </div>
 </body>
</html>
