3274 5118
129 363 230 412 xm.
316 347 374 411 IN
404 347 438 412 S.
462 345 718 413 JOANNEM.
763 347 859 412 LIB.
883 346 924 412 X.
969 346 1075 414 CAP.
1099 345 1147 412 11.
1267 345 1332 407 553

129 517 154 554 “
174 511 398 610 γνωσθέντες
435 509 505 592 ἀπὸ
539 516 647 608 Θεοῦ,
677 517 755 596 πῶς
786 510 900 592 πάλιν
932 510 1163 616 ἐπιστρέφετε
1196 511 1254 589 ἐπὶ
1286 507 1332 588 τὸ

130 641 155 678 “
173 635 309 734 ἀσθενῆ
328 637 386 715 καὶ
403 632 532 740 πτωχά
551 642 713 740 στοιχεῖα
731 643 795 715 τοῦ
813 633 968 732 κόσμου,
989 633 1040 719 οἷς
1066 633 1178 716 πάλιν
1197 633 1333 714 ἀνωθεν

130 764 156 804 “
175 757 356 837 δουλεύειν
374 757 498 839 θέλετε
512 759 544 855 ;”
575 757 634 838 ὅτε
652 759 771 839 τοίνυν
790 763 822 838 οἱ
848 765 922 843 τοῖς
947 758 1118 838 ἀσθενέσι
1143 757 1334 861 στοιχείοις

130 879 314 961 δουλεύειν
336 881 502 966 θέλοντες
525 883 802 985 ἀλλοτριοῦνται
820 886 996 985 Χριστοῦ,
1015 889 1244 962 συνενοῦνται
1268 913 1330 982 γε·

93 1001 205 1102 5μὴν
229 1009 262 1084 οἱ
289 1003 469 1085 δουλεύειν
496 1006 561 1085 οὐκ
588 1004 796 1110 ἀνεχόμενοι
823 1011 869 1111 τῇ
897 1007 1012 1085 κτίσει
1039 1003 1139 1109 παρὸ
1165 1002 1230 1086 τὸν
1253 1004 1330 1084 κτί-

129 1159 262 1225 σαντα,
281 1135 358 1212 πῶς
384 1129 448 1209 οὐκ
473 1127 576 1209 ἔσται
599 1135 673 1208 τῶν
694 1127 992 1232 ὁμολογουμένων
1015 1127 1070 1209 ότι
1098 1128 1231 1230 τρόπος
1258 1135 1333 1212 τοῖς

129 1249 150 1328 ε’
192 1252 303 1330 ἐθνῶν
321 1252 342 1332 ὸ
360 1256 424 1351 τῆς
442 1251 710 1355 διακαθάρσεως
726 1251 830 1332 ἕσται
848 1256 912 1352 τῆς
934 1253 1085 1355 ἀρχαίας·
1109 1250 1249 1352 ἀπάτης
1273 1251 1332 1331 διά

128 1381 197 1452 τοῦ
215 1373 425 1474 Πνεύματος
448 1375 734 1481 ε’πωφελεστάτη
756 1373 850 1475 τομὴ
874 1381 947 1456 πᾶν
965 1371 1056 1459 εἶδος
1082 1376 1167 1476 ἡμῖν
1184 1376 1361 1478 ἀγαθῶνο

128 1495 369 1600 πολυτρόπως
387 1499 717 1602 ἀντεισκομίζουσα.
758 1502 796 1579 ἐν
814 1497 949 1604 γάρτῇ
972 1505 1044 1580 τῶν
1063 1497 1217 1607 φαύλων
1235 1501 1327 1580 ἀπο·

73 1658 116 1698 ιο
130 1619 230 1700 θέσει
258 1625 316 1701 καὶ
346 1625 515 1727 ἀποβολῇ
542 1621 585 1702 τὸ
612 1627 676 1722 τῆς
705 1626 831 1726 ἀρετῆς
864 1623 1142 1725 ἀντεισκρίνεται
1177 1619 1328 1706 κάλλος.

130 1741 225 1823 ὅπου
251 1743 322 1848 γάρ
350 1743 547 1852 αἰσχρότης
575 1745 746 1845 ε’κποδάιν,
774 1748 846 1826 ε’κεῖ
868 1745 911 1827 τὸ
939 1743 1076 1847 σεμνὸν
1102 1748 1243 1852 ἀνίσχει
1273 1748 1332 1826 καὶ

131 1867 307 1972 φαίνεται.

189 1993 411 2092 Σημειωτέον
436 1993 484 2090 δὲ,
509 1991 564 2074 ὅτι
592 1991 651 2074 διὸ
678 1991 744 2094 μέν
770 2003 836 2074 τοῦ
859 1993 1070 2092 Πνεύματος
1098 1994 1119 2093 ἡ
1147 1991 1330 2098 περιτομὴ,

130 2112 200 2214 τὴν
221 2120 284 2214 τῆς
311 2116 578 2220 διακαθάρσεως
604 2120 873 2220 ἀποπληροῦσα
900 2119 1022 2223 χρείαν
1040 2121 1078 2197 έν
1098 2119 1192 2218 ἡμῖν,
1216 2151 1327 2222 χορη-

78 2267 117 2324 15
131 2236 198 2340 γὸς
223 2239 261 2319 δὲ
285 2249 350 2320 τοῦ
370 2240 580 2340 Πνεύματος
602 2242 622 2320 ὸ
641 2240 729 2325 Υἱός
746 2251 769 2289 “
782 2240 879 2321 Ἀπὸ
904 2240 978 2344 γὰρ
1000 2249 1064 2321 τοῦ
1087 2241 1330 2344 πληρώματος

131 2373 153 2410 “
172 2363 282 2443 αὐτοῦ
299 2361 430 2448 πάντες
447 2365 546 2464 ἡμεῖς
563 2363 773 2463 ἐλάβομεν,”
794 2362 886 2444 κατά
910 2363 976 2464 τὴν
994 2363 1162 2444 Ἰωάννου
1186 2361 1326 2469 φωνὴν,

131 2488 191 2566 καὶ
229 2487 335 2572 αὐτός
371 2489 471 2568 έστιν
508 2491 528 2568 ὁ
563 2487 655 2592 πρὸς
690 2489 782 2588 ἡμᾶς
818 2488 928 2568 είπιόν
960 2498 981 2536 “
1000 2487 1141 2585 Λάβετε
1180 2493 1329 2588 Πνεῦμα
1342 2521 1360 2562 ο
1375 2506 1498 2632 ΙΒΖΞΔ.

1294 2615 1303 2639 ρ
1390 2599 1406 2631 Π
1453 2599 1497 2634 u·

1375 2228 1458 2293 Supn

1373 2294 1391 2343 i.
1403 2293 1441 2345 16.

131 2609 334 2714 “Ἀγιοα”
365 2615 501 2715 ἐνεργεῖ
513 2621 704 2715 τοιγαροῦν
722 2611 788 2712 τὴν
806 2617 855 2696 είς
880 2613 973 2712 ἡμᾶς
998 2610 1259 2716 ἀνακάθαρσιν,
1281 2647 1330 2697 ως
1377 2661 1415 2698 22.

130 2739 170 2816 έν
196 2734 321 2844 τρόπῳ
348 2741 413 2836 τῆς
443 2735 501 2816 διά
528 2745 594 2818 τοῦ
624 2735 835 2835 Πνεύματος
864 2735 1051 2836 νοουμένης
1077 2740 1281 2838 περιτομῆς,
1309 2738 1330 2816 ὁ

77 2889 117 2929 ²0
133 2859 263 2965 Πατὴρ
291 2861 334 2940 δι’
363 2866 465 2942 Υίοῦ.
505 2860 692 2942 κεκένωται
719 2862 839 2941 τοίνυν
866 2857 908 2941 τὸ
937 2857 1067 2964 πικρὸν
1095 2862 1154 2940 καὶ
1182 2859 1330 2940 ἀνόσιον

130 2991 205 3064 τῶν
236 2987 279 3065 δι’
313 2975 472 3072 ἐναντίας
505 2985 686 3086 τόλμημα,
717 2983 768 3084 μὴ
806 2981 1097 3064 καταδεισάντων
1128 2989 1248 3080 εἰπεῖν,
1274 2979 1329 3067 ὶώς

129 3109 274 3213 ἐπείπερ
299 3109 464 3208 ἀμπελον
484 3107 550 3208 μέν
570 3107 696 3190 ἑαυτὸν
715 3107 851 3210 εἴρηκεν
869 3109 890 3187 ὁ
909 3105 1007 3204 Υἱὸς,
1026 3103 1188 3207 γεωργὸν
1205 3105 1243 3184 δὲ
1266 3102 1330 3185 τὸν

132 3235 281 3336 Πατέρα
308 3237 366 3314 καὶ
394 3231 500 3332 Θεὸν,
529 3233 549 3312 ὁ
581 3230 687 3316 αὐτὸς
720 3233 783 3312 οὐκ
817 3230 920 3310 ἔσται
952 3227 1044 3311 κατά
1076 3227 1190 3336 φύσιν
1217 3229 1326 3335 αὐτῷ.

131 3355 243 3459 λόγος
262 3355 334 3460 γάρ
352 3359 463 3442 οὐδεὶς
481 3354 676 3463 ἐπιτρέψει,
691 3358 795 3462 φησὶ,
809 3352 939 3436 ταύτὸν
957 3359 1006 3439 εὶς
1024 3354 1151 3434 οὐσίαν
1168 3351 1329 3455 γεωργόν
1374 3363 1407 3412 ⁸¹¹
1427 3379 1456 3414 r.

1374 3380 1452 3480 8⁶30.

1292 3473 1303 3500 λ

77 3505 117 3564 ²5
131 3515 170 3561 τε
190 3487 248 3561 καὶ
267 3481 432 3578 ἄμπελον
451 3480 613 3561 νοεῖσθαί
627 3513 726 3560 ποτε.
764 3478 851 3559 ὅταν
869 3479 932 3558 οὖν
946 3479 1152 3580 εὑρίσκηται
1170 3511 1329 3581 γεωργος

132 3602 261 3688 ὁΥίὸς
289 3602 348 3684 διὸ
374 3607 438 3704 τῆς
464 3607 502 3684 έν
529 3603 712 3702 Πνεύματι
740 3607 942 3706 περιτομῆς,
970 3602 1234 3682 διακείσθωσαν
1261 3601 1363 3701 ἤδηὸ

131 3725 273 3826 λοιπὸν,
304 3731 353 3812 ὡς
388 3728 532 3832 ἐπείπερ
563 3725 742 3827 ἀλλήλοις
773 3728 941 3823 ὁμοειδεῖς
977 3730 1011 3806 οἱ
1045 3727 1207 3828 γεωργοὶ,
1240 3722 1329 3805 καθὸ

131 3851 339 3958 πεφύκασιν
366 3851 558 3954 ἅνθρωποι,
585 3848 772 3954 πρόδηλον
799 3849 855 3930 ότι
882 3853 945 3949 τῆς
974 3847 1065 3952 πρὸς
1092 3848 1157 3929 τὸν
1181 3847 1330 3950 Πατέρα

131 3978 190 4058 καὶ
207 3975 304 4058 θεὸν
322 3972 600 4077 ὁμοουσιότητος
618 3975 683 4054 οὐκ
701 3972 894 4078 ἀλλότριος
913 3975 933 4053 ὁ
950 3972 1049 4057 Υίός.

169 4222 194 4262 1.
212 4203 321 4276 ίπιστρέ
411 4205 444 4260 E.
577 4203 604 4258 8.
623 4203 687 4272 τομι)
700 4201 868 4273 efflant)
881 4199 945 4256 EAE.
959 4198 1010 4254 Ed.
1022 4220 1065 4271 γρ.
1078 4197 1194 4268 ἀποτομὴ
1207 4195 1257 4252 Ed.
1270 4213 1328 4266 mg.

151 4276 301 4332 .α’ποθι’σιι
340 4275 371 4330 .F
382 4293 438 4348 mg.
451 4273 502 4330 Ed.
516 4291 572 4346 mg.
584 4274 708 4330 ίιποθέσει
720 4273 773 4328 Ed.
917 4287 959 4340 14.
978 4267 1328 4341 amaodpvemmendavi.

186 4348 337 4419 καθάρσεως
350 4345 402 4402 Ed.
510 4359 552 4418 25.
570 4345 705 4418 εὑρίσκητε
719 4343 752 4400 Ε.
