3082 5112
269 333 335 398 888
572 339 612 407 Β.
635 339 849 407 omnm
878 338 1167 406 ALEXANDR.
1195 359 1220 404 ι
1279 331 1487 416 fflw250·
1537 346 1539 358 ·

270 507 293 545 ‘⁸
311 498 469 600 στόματι
495 505 614 603 αὐτοῦ,
637 507 696 586 καὶ
719 505 878 608 λαλήσει
904 507 1023 589 αὐτοῖς
1048 499 1174 585 καθότι
1199 497 1244 580 ἂν
1260 497 1487 590 ε’ντείλωμαι
1528 528 1539 566 '-

271 631 293 670 ⁶‘
311 624 419 732 αὐτῷ.
458 629 517 706 καὶ
542 630 563 708 ὁ
589 629 779 733 ἅνθρωπος
802 631 942 728 ἐκεῖνος,
962 627 1002 714 ῦς
1021 627 1066 709 ἂν
1085 625 1136 727 μὴ
1162 621 1301 728 ἀκούσῃ
1326 619 1402 700 ὅσα
1429 613 1487 692 ἂν

271 757 293 796 “
311 747 463 857 λαλήσῃ
481 753 501 832 ὃ
520 752 711 861 προφήτης
728 756 785 835 ἐπὶ
802 759 855 861 τῷ
872 752 1024 854 ὀνόματί
1046 785 1127 852 μου,
1146 748 1218 853 ἐγὼ
1234 744 1413 844 ἐκδικήσω
1436 737 1489 845 ἐξ
1536 785 1540 794 ’

103 887 214 950 ῊΘΔ·
240 881 293 946 σ“
311 873 454 954 αῦτοῦ.”
498 879 536 955 έν
563 879 683 986 ταύτῷ
710 886 902 980 τοιγαροῦν
931 879 951 957 ό
984 875 1117 980 Κύριος
1148 875 1251 976 ἡμῶν
1276 871 1426 970 Ἰησοῦς
1463 865 1489 941 ὃ
1527 911 1533 920 ·

270 996 433 1100 Χριστὸς
460 997 524 1079 τὸν
545 998 703 1105 ἀλαζόνα
728 1009 802 1081 τῶν
819 1001 1000 1082 Ἰουδαίων
1026 998 1161 1081 εὐθύνει
1189 1001 1312 1096 δῆμον,
1331 995 1382 1075 ὡς
1413 987 1534 1076 καὶᾶ

304 1123 313 1146 ¹
349 1125 366 1144 Α
484 1121 494 1150 Ι
671 1130 687 1148 σε
789 1131 805 1150 n
898 1106 900 1113 Ι
1221 1121 1230 1146 ἱ
1271 1115 1288 1150 Q
1346 1115 1355 1135 '
1450 1109 1467 1136 x

271 1155 367 1230 αυτιρ
398 1157 603 1229 ραχομενον
635 1159 687 1232 περ
721 1130 805 1233 θειρ
837 1128 896 1205 καὶ
932 1127 1060 1229 Πατρῖ,
1091 1126 1149 1222 καὶ
1187 1125 1222 1202 δι
1260 1153 1310 1198 ων
1339 1133 1491 1205 εντολην
1533 1167 1540 1176 -

271 1244 455 1353 εἰληφέναι
491 1246 589 1350 λέγει
625 1249 709 1352 παρ’
741 1250 850 1329 αὐτοῦ
886 1251 945 1329 καὶ
981 1245 1045 1356 ἀφ’
1079 1248 1206 1328 ἑαυτοῦ
1237 1239 1287 1342 μὴ
1326 1243 1491 1332 λαλεῖν,
1529 1323 1535 1332 .

270 1367 397 1449 ἑαυτὸν
415 1368 502 1451 ὄντα
519 1369 582 1452 τὸν
600 1371 792 1478 προφήτην
809 1373 1012 1454 ἐπιδεικνύει
1031 1376 1173 1478 σαφιῦς,
1191 1365 1255 1448 τόν
1273 1362 1331 1444 διὰ
1355 1359 1491 1461 νόμου

270 1494 535 1597 προβοῶμενον,
554 1499 614 1578 καὶ
638 1494 698 1578 διῦι
722 1501 786 1597 τῆς
808 1506 873 1578 τοῦ
895 1502 991 1580 θεοῦ
1017 1499 1077 1576 καὶ
1102 1489 1247 1596 Πατρῦς
1275 1491 1403 1598 φωνῆς
1440 1486 1492 1562 ἐκ

269 1625 422 1699 πολλῶν
453 1619 589 1700 ἄνωθεν
620 1619 761 1726 χρόνων
788 1618 1134 1724 προκεκηρυγμένον.
1186 1619 1292 1696 καλεῖ
1319 1609 1363 1692 δέ
1389 1641 1525 1694 πωςῐ

270 1741 362 1847 πρὸς
398 1741 611 1846 ἀνάμνησιν,
646 1745 759 1826 καίτοι
796 1750 918 1830 νωθεΐς
953 1743 1060 1828 ὄντας
1096 1737 1233 1838 αῦτοῦς,
1265 1740 1314 1821 ὡς
1351 1737 1385 1812 εἰ
1429 1733 1495 1834 μὴ
1529 1802 1534 1810 .

237 1865 463 1964 οβοόλσιντο
491 1875 565 1954 τοῖς
595 1869 680 1972 παρ’
710 1871 820 1949 αὐτοῦ
851 1867 1130 1949 καταπείθεσθαι
1161 1861 1296 1965 λόγοις,
1324 1859 1491 1940 ῦποκεί-

270 2025 399 2072 σονται
425 1991 569 2076 πάντως
596 1991 806 2104 οἱδιαφόκτιρ
832 1989 993 2089 κολάσει,
1019 1993 1077 2070 καὶ
1108 1991 1348 2087 ὑπομενοῦσιν
1379 1979 1493 2085 ἅπερ

268 2113 338 2221 ἔφη
357 2112 461 2200 θεός.
500 2121 534 2195 οἱ
558 2113 631 2220 γὰρ
655 2114 722 2215 τὴν
745 2116 842 2197 θείαν
860 2115 1012 2216 ἐντολήν
1030 2122 1095 2194 τοῦ
1117 2117 1214 2192 θεοῦ
1238 2112 1298 2190 καὶ
1318 2106 1492 2210 Πατρὸς

267 2238 561 2344 παρατρέχοντες,
584 2240 643 2319 καὶ
670 2237 734 2320 τὸν
756 2237 932 2344 ζωοπαιὸν
957 2247 1022 2320 τοῦ
1048 2243 1144 2320 Θεοῦ
1172 2235 1285 2338 λόγον
1309 2231 1491 2339 ε’ξωθοῦ-
1513 2273 1529 2316 1

269 2397 369 2464 μενοι
386 2371 450 2444 τοῦ
469 2367 637 2467 Σωτῆρος
655 2363 756 2463 ήμῶν
773 2369 951 2467 Χριστοῦ,
970 2368 1047 2446 πῶς
1073 2363 1137 2442 οῦκ
1154 2361 1192 2439 έν
1210 2365 1284 2442 τοῖς
1301 2355 1496 2462 ἐσχάτοις

270 2485 451 2569 κείσονται
487 2496 617 2586 κακοῖς,
646 2485 668 2590 ἢ
700 2493 779 2574 πῶς
810 2489 875 2570 οῦκ
911 2485 1080 2591 ἀμέτοχοι
1107 2491 1258 2588 μενοῦσι
1287 2485 1353 2582 τῆς
1387 2480 1493 2590 παρ’

270 2611 380 2692 αὐτοῦ
407 2610 507 2722 ζωῆς,
535 2609 693 2722 εὐλόγως
721 2610 908 2696 ἀκούοντες
938 2610 981 2694 τὸ
1011 2608 1070 2692 διὰ
1097 2614 1162 2712 τῆς
1189 2615 1253 2692 τοῦ
1279 2603 1496 2714 προφήτου
1538 2685 1540 2690 ς

102 2731 219 2863 {3³³²
271 2737 393 2846 φωιης
424 2743 447 2781 “
466 2738 530 2834 Γῆ,
562 2738 621 2838 γῆ,
654 2735 770 2835 ἄκουε,
802 2736 908 2818 ἄκουε
947 2735 1060 2838 λόγον
1093 2733 1240 2836 Κυρίου·
1286 2728 1366 2810 ἰδοῦ
1405 2729 1496 2832 ἐγὼ

270 2867 293 2904 “
310 2855 434 2960 ε’πάγω
452 2859 510 2938 ἐπὶ
531 2857 595 2938 τὸν
613 2857 705 2940 λαὸν
722 2867 851 2942 τοῦτον
869 2857 972 2960 κακὰ,
990 2856 1054 2939 τὸν
1073 2857 1212 2964 καρπὸν
1230 2857 1496 2964 ἀποστροφῆς
1514 2899 1533 2938 2

242 2991 294 3053 ⁰“
311 2982 422 3089 αὐτῷ,
443 2980 499 3062 ὅτι
516 2987 568 3090 τῷ
586 2981 684 3090 νόμιρ
701 3017 784 3082 μονν
795 2983 838 3062 οῦ
858 2982 1082 3088 προσέσχον,
1100 2983 1159 3060 καὶ
1184 2975 1386 3080 τὸνλόγον
1406 3013 1497 3074 μου

269 3116 293 3158 “
310 3105 519 3186 ἀπώσατε.”
548 3107 656 3214 διττῷ
673 3104 745 3208 γὰρ
763 3102 908 3212 ἐνόχους
927 3104 1037 3190 ὄντας
1058 3101 1257 3208 ἐγκλήματι
1277 3097 1364 3186 τοῦς
1381 3103 1498 3184 Ἰου-

269 3228 389 3312 δαίους
424 3228 636 3334 εὑρήσομεν·
682 3232 762 3310 οὔτε
798 3227 869 3334 γὰρ
907 3227 1018 3310 αὐτὸν
1051 3228 1166 3310 καίτοι
1202 3224 1343 3308 σεπτὸν
1382 3223 1495 3308 εἶναι

270 3359 444 3437 δοκοῦντα
475 3356 534 3433 καὶ
564 3354 678 3460 φίλαν
705 3354 919 3455 τετιμήκασι
949 3351 1015 3434 τὸν
1044 3351 1166 3453 νόμον,
1193 3348 1257 3432 τὸν
1285 3351 1328 3430 δι’
1362 3352 1500 3433 αὐτοῦ

270 3477 492 3582 κηρυχθέντα
514 3476 564 3579 μή
587 3475 866 3581 προσηκάμενοι,
884 3479 964 3558 οὔτε
991 3477 1064 3578 μὴν
1086 3474 1375 3582 προσεσχήκασι
1406 3485 1535 3563 τοῖςν

270 3598 395 3703 λόγοις
421 3608 486 3680 τοῦ
514 3605 681 3706 Σωτῆρος
708 3601 810 3702 ήμιῦν
830 3607 1006 3705 Χριστοῦ,
1034 3603 1148 3682 καίτοι
1174 3605 1337 3696 βοῶντος
1374 3604 1490 3682 σἰνα-

271 3721 421 3831 φανδὸν,
453 3727 501 3810 ὡς
538 3723 644 3810 αὐτὸς
675 3725 728 3828 εἴη
761 3731 893 3834 σαφῦς
924 3727 946 3806 ὁ
977 3725 1166 3834 προφήτης
1204 3727 1225 3805 ὁ
1263 3722 1323 3804 διὰ
1362 3727 1503 3827 νόμου

269 3847 603 3956 χρησμῳδοῦμενας,
632 3851 674 3929 δι’
704 3846 756 3931 ὧν
783 3849 923 3958 ἔφασκε
956 3857 1030 3935 τοῖς
1059 3848 1159 3954 παρὰ
1187 3857 1253 3930 τοῦ
1284 3853 1393 3930 θεοῦ
1430 3859 1504 3936 καὶ

273 3972 418 4076 Πατρός
445 3975 686 4054 διακονεῖσθαι
714 3972 852 4077 λόγοις.

239 4104 262 4170 d
330 4101 404 4179 Καὶ
424 4095 476 4199 μή
500 4131 555 4182 τις
579 4097 711 4180 οἰέσθω
734 4097 777 4179 τὸ
801 4097 914 4210 φέναι
938 4097 1003 4181 τὸν
1023 4097 1170 4203 Κύριον,
1189 4101 1238 4186 ὡς
1261 4100 1327 4207 εἶφ’
1348 4099 1538 4202 ἕαντοῦη

310 4378 334 4416 1.
352 4361 451 4450 αὐτοῖς]
464 4363 541 4419 αὐτὸς
552 4379 577 4418 α.
591 4361 673 4419 cord.
798 4382 825 4432 ⁴·
843 4363 916 4418 dale.
928 4379 984 4418 om.
997 4361 1029 4418 Ε.
1157 4377 1184 4430 5.
1202 4359 1316 4434 εὖθἰηι]
1332 4363 1504 4442 dnum.

272 4431 355 4488 Cord.
367 4432 519 4505 όπελιγχιιν
530 4450 580 4490 ις.
775 4449 815 4490 10.
832 4433 931 4490 ἄνωθεν
942 4433 970 4488 έκ
981 4435 1089 4490 πολλῶν
1100 4433 1207 4490 invem
1219 4431 1316 4490 ordine
1327 4451 1384 4490 ις.
1401 4438 1505 4498 cord.

273 4519 317 4558 νο.
334 4502 382 4558 ἐπ’
434 4521 488 4558 om.
502 4503 536 4560 Ε.
612 4519 655 4560 21.
673 4505 741 4578 αὐτῷ
755 4503 788 4560 Ε.
800 4503 884 4560 αῦτῶν
896 4502 948 4560 Ed.
1024 4520 1068 4560 22.
1086 4503 1208 4560 ἀπώσατο
1222 4504 1254 4559 E.
1266 4505 1424 4566 ἆπύσσηη
1441 4513 1505 4572 Ed,

271 4573 343 4640 διηῆ
409 4571 526 4642 κλήματα
539 4572 572 4632 E.
655 4577 699 4637 σθ.
716 4575 777 4646 περὶ
789 4573 823 4632 E.
834 4576 905 4648 παρὰ
916 4593 932 4632 ε
945 4571 1006 4634 cat.
1020 4573 1098 4632 Harl.
1108 4582 1140 4631 ut
1152 4573 1207 4632 vid.
1219 4573 1294 4634 λαὶ).
1307 4585 1337 4634 ει
1348 4577 1395 4636 it·
1409 4599 1442 4640 ι.
