3274 5118
116 318 316 401 xvi.21,22.
350 325 407 390 IN
439 323 752 395 &JOANNEM
798 327 893 393 LIB.
917 327 978 392 XI.
1023 326 1198 392 CARII.
1253 326 1317 390 643

116 495 140 533 “
158 489 403 591 πιστεύσομέν
434 493 527 574 σοι·”
568 494 657 576 ποτὲ
693 491 733 574 δὲ
768 493 882 576 πάλιν
913 505 934 544 “
951 495 1000 574 'O
1033 491 1223 575 καταλύων
1254 488 1317 572 τόν
1361 498 1485 626 {fflffi

116 619 140 656 “
160 609 247 692 ναόν
286 619 345 696 καὶ
387 619 425 697 έν
462 622 583 722 τρισὶν
618 619 763 721 ἡμέραις
800 623 997 716 οἰκοδομῶν
1033 619 1152 716 αὐτὸν,
1189 623 1318 696 σῶσον

116 744 139 782 “
158 736 344 821 σεαυτόν.”
372 745 474 822 ταυτὶ
493 740 565 846 γάρ
584 741 627 842 δὴ
646 747 710 842 τῆς
726 743 908 824 Ἰουδαίων
925 740 1134 846 παμμιάρου
1151 740 1318 844 γλώττης

115 857 165 936 τά
190 863 475 967 ἀποβράσματα·
507 868 591 947 ἀλλ’
612 869 706 947 οὕτω
730 866 1007 972 πεφρονηκότων
1025 874 1097 946 τῶν
1115 869 1153 947 ἐν
1171 865 1348 971 κύσμερ,ε

80 986 225 1087 5φησὶ,
253 987 420 1090 δρώντων
447 1024 487 1070 τε
519 987 596 1090 ἅμα
622 995 681 1071 καὶ
709 990 977 1096 φθεγγομένων,
1004 987 1226 1084 λυπηθήσεσθε
1253 986 1318 1083 μέν

118 1109 225 1210 ὑμεῖς,
243 1113 306 1190 οὐκ
331 1119 380 1198 είς
404 1113 543 1217 μακρὸν
564 1114 602 1194 δὲ
626 1123 733 1195 τοῦτο
756 1114 932 1200 παθόντες
957 1118 1148 1212 διαμενεῖτε
1172 1111 1314 1218 χρόνον·

117 1233 385 1334 μεταστήσεται
412 1237 484 1342 γάρ
512 1243 529 1332 ἡ
554 1237 647 1332 λύπη
674 1237 765 1341 πρὸς
788 1239 912 1346 χαράν.
952 1237 1203 1335 ἀναβιῶσομαι
1230 1235 1316 1339 γάρ,

118 1356 179 1433 καὶ
205 1358 347 1464 ἀφανιῶ
371 1369 560 1446 παντελῶς
584 1367 648 1460 τῆς
677 1364 871 1468 κατηφείας
898 1359 965 1462 τὴν
988 1361 1189 1466 πρόφασιν·
1220 1394 1319 1462 περι-

117 1487 242 1559 στελῶ
261 1482 298 1562 δὲ
317 1483 359 1564 τὸ
378 1485 540 1589 δοίκρυον,
561 1490 620 1566 καὶ
644 1485 735 1590 πρὸς
760 1485 929 1585 εὐθυμίαν
947 1484 1155 1583 ἀνακομίσω
1178 1487 1318 1584 διηνεκῆ

58 1629 105 1670 10
118 1607 178 1684 καὶ
208 1605 401 1710 ἀμήρυτον.
447 1608 696 1709 ἀκατάληκτος
725 1608 798 1713 γάρ
829 1610 852 1710 ἡ
883 1617 955 1690 τῶν
983 1609 1095 1711 ἁγίων
1124 1609 1230 1713 χαρά.
1273 1607 1318 1710 ζῆ

117 1727 190 1832 γάρ
208 1735 257 1816 εἰς
275 1733 328 1811 ἀεὶ
347 1733 521 1836 Χριστός·
561 1734 711 1814 λέλυται
737 1734 774 1813 δὲ
800 1737 859 1813 καὶ
886 1736 906 1814 ό
932 1732 1077 1814 πάντων
1096 1733 1249 1816 θάνατος
1274 1735 1349 1812 διί
1371 1755 1485 1812 om.

119 1853 240 1936 αὐτοῦ.
290 1855 375 1935 ἀλλ’
405 1857 484 1937 ἔστι
512 1893 590 1942 πως
621 1855 822 1938 ἀκόλουθον
851 1860 992 1954 ἐννοεῖν,
1020 1855 1075 1936 ὅτι
1104 1856 1148 1956 δὴ
1176 1856 1320 1940 πόντως

119 1981 180 2058 καὶ
207 1985 281 2063 τοῖς
307 1982 346 2060 ἐν
368 1979 495 2090 κόσμῳ
522 1987 651 2062 παθεῖν
676 1981 720 2087 ἐξ
745 1979 991 2087 ἀντιστρόφου
1018 1978 1250 2079 συμβήσεται
1277 1977 1320 2059 τὸ

119 2110 314 2184 λυπεῖσθαι
344 2109 522 2204 διηνεκῶς.
569 2111 599 2185 εί
627 2103 699 2209 γάρ
726 2105 868 2207 ἐπείπερ
897 2105 1052 2184 ἀπέθανε
1079 2103 1170 2183 κατά
1198 2102 1320 2206 σάρκα

66 2245 105 2306 15
121 2226 293 2328 Χριστὸς,
313 2227 534 2328 λελύττηνται
557 2228 622 2329 μὲν
647 2234 681 2308 οἱ
706 2227 861 2330 γνήσιοι,
879 2225 996 2332 χαράν
1019 2226 1058 2306 δὲ
1086 2225 1128 2308 τό
1156 2226 1272 2312 πόθος
1299 2229 1319 2306 ὃ

120 2349 258 2448 κόσμος
282 2351 488 2452 ἐποιήσατο·
520 2349 807 2455 καταργηθέντος
834 2349 878 2451 δὴ
902 2359 967 2431 τοῦ
992 2349 1148 2430 θανάτου
1173 2355 1231 2431 καὶ
1256 2355 1320 2450 τῆς

120 2477 269 2576 φθορᾶς,
302 2477 361 2554 καὶ
393 2475 653 2560 διαναστάντος
684 2477 723 2554 ἐκ
756 2481 890 2578 νεκρῶν
920 2481 985 2553 ταῶ
1019 2478 1187 2577 Σωτῆρος
1219 2476 1321 2575 ἡμῶν

120 2600 296 2698 Χριστοῦ,
333 2598 567 2707 μετεστράφη
603 2607 685 2683 τοῖς·
715 2598 830 2701 ἁγίοις
866 2595 909 2678 τό
945 2597 1076 2683 πένθος
1111 2607 1157 2685 εἰς
1191 2599 1316 2710 χαράν·

120 2721 370 2826 μετοιχήσεται
397 2720 436 2802 δὲ
466 2721 635 2823 δηλονότι
662 2725 721 2802 καὶ
748 2727 824 2806 τοῖς
850 2723 888 2802 ἐν
916 2721 1043 2830 κόσμῳ
1071 2721 1163 2826 πρὸς
1190 2725 1320 2808 πένθος

68 2843 144 2943 20ἡ
170 2844 279 2949 κενά·
1330 2851 1351 2917 ¹³

116 3050 158 3115 ‘H
201 3051 277 3127 ςυνιὶ
318 3057 399 3123 ὅταν
433 3055 523 3146 τίκτη
564 3057 668 3122 ’λύπαν
703 3055 781 3142 ἔχει,
816 3057 867 3121 ὅτι
904 3049 1002 3120 ιἰλθεν
1039 3057 1058 3120 ἡ
1099 3057 1171 3144 ὥρα
1208 3055 1368 3136 abrae„

171 3182 250 3246 ὅταν
273 3179 309 3247 δὲ
332 3183 472 3271 τεννύοη
497 3181 535 3248 τὸ
561 3181 703 3264 παιδίον,
722 3181 832 3248 οὐκέτι
858 3183 1053 3258 μνημονεύει
1079 3189 1136 3248 τῆς
1164 3180 1318 3263 θλίψεως,

171 3304 224 3371 διά
251 3305 311 3374 τῶν
338 3309 441 3396 χαρὰν
467 3310 518 3374 ὅτι
545 3308 701 3382 ἑτεννιίθιι
729 3307 905 3395 ἀνθρωποε
932 3304 978 3372 εἶα
1005 3307 1061 3374 τὸν
1090 3309 1222 3384 κόσμον.
1266 3307 1369 3377 καίια

171 3427 261 3509 ὑμεῖα
291 3427 349 3498 οὖν
375 3433 480 3498 λύπην
507 3433 565 3510 μὲν
594 3437 649 3498 νῦν
676 3435 779 3514 ἕξετε,
805 3433 903 3498 πάλιν
931 3431 967 3498 δὲ
995 3433 1119 3511 ὄψομαι
1146 3435 1239 3514 ὑμᾶς,
1266 3434 1320 3497 καί

118 3633 122 3640 ,
171 3557 350 3647 χαρήσεται
375 3559 465 3635 ὑμῶν
493 3559 511 3623 ἡ
541 3557 746 3648 καρδία,καὶ
771 3559 832 3624 τίεν
856 3557 959 3648 χαρὰν
984 3559 1072 3636 ὑμῶν
1097 3557 1206 3624 οὐδεὶς
1232 3553 1319 3648 αἳρει

171 3683 226 3770 ἀφ’
253 3683 356 3759 ὑμῶν.

174 3840 364 3919 Ἐπιτείνει
392 3839 507 3920 πάλιν
539 3841 603 3938 τῆς
635 3842 861 3942 παραμυθίας
893 3839 959 3939 τὴν
988 3841 1140 3942 εὕρεσιν,
1173 3841 1231 3918 καὶ
1261 3836 1320 3915 διὰ

119 3963 294 4042 ποικίλων
322 3965 460 4068 έρχεται
491 3961 625 4064 λόγων,
651 3963 879 4069 πανταχόθεν
907 3966 1026 4046 αὐτοῖς
1052 3963 1094 4042 τὸ
1123 3961 1229 4064 δριμύ
1255 3965 1348 4058 τῆςο

120 4085 239 4186 λύπης
257 4085 520 4191 ἀποκρούεσθαι
540 4087 669 4170 διδούς.
709 4087 773 4167 θέα
796 4086 868 4190 γάρ
887 4087 984 4170 ὅπως
1002 4086 1205 4166 ἀναπείθειν
1223 4085 1314 4164 ε’πεί-

71 4241 108 4298 30
120 4242 219 4312 γεται
237 4207 295 4290 διά
312 4209 526 4313 πράγματος
542 4213 712 4313 ἐναργοῦς
738 4216 785 4295 εἷς
811 4211 853 4290 τὸ
883 4215 1010 4315 χρῆναι
1033 4215 1241 4308 τληπαθεῖν,
1261 4211 1319 4286 καὶ
1425 4205 1433 4232 “

121 4329 170 4434 μὴ
189 4330 338 4439 σφόδρα
355 4331 622 4438 καταναρκάνῆ
648 4333 780 4417 πόνους
806 4331 829 4432 ἢ
856 4333 985 4430 λύπας,
1003 4339 1033 4412 εἱ
1057 4333 1175 4432 πάντη
1198 4365 1236 4411 τε
1261 4335 1319 4410 καὶ

159 4567 202 4608 22.
219 4549 316 4624 γενίηοῃ
330 4551 362 4608 Ε.
378 4549 439 4624 [Α.]
643 4567 686 4618 24.
704 4554 749 4604 νῦν
761 4567 814 4606 om.
829 4551 861 4606 Ε.
909 4553 1003 4606 Statim
1016 4550 1087 4622 ἕξετε
1102 4551 1134 4606 E.
1146 4553 1218 4622 ἔχετε
1232 4551 1283 4608 Ed.

676 4655 698 4715 4
713 4653 734 4696 ν
752 4653 770 4700 2
