3274 5118
134 380 234 429 xm.
327 361 381 426 IN
412 363 445 428 S.
469 360 728 428 JOANNEM.
773 359 869 426 LIB.
893 360 934 426 X.
980 361 1082 427 cAP.
1106 361 1152 428 II.
1275 360 1337 423 551

135 525 253 626 κρίσει
280 524 319 606 δὲ
346 533 503 626 μᾶλλον,
527 525 713 608 τουτέστιν
739 526 778 606 έν
804 523 996 631 διασκέφει
1024 528 1083 606 καὶ
1110 525 1240 632 μέτρῳ,
1267 529 1341 604 τῶν

135 647 380 755 καρποφόρων
398 650 420 750 ἡ
439 652 684 752 διακάθαρσις,
700 650 828 752 ὀλίγον
845 649 983 756 ἔχουσα
1001 653 1129 755 κομιδῇ
1148 648 1212 729 τὸν
1229 646 1341 728 πόνον

135 777 183 856 είς
211 775 459 882 καρποφορίας
491 771 732 880 παροξυσμὸν
763 775 822 854 καὶ
854 772 1111 876 εύανθεστέρας
1138 775 1341 876 ἀναδρομῆς

135 892 204 994 τὴν
223 898 384 978 ἐντεῦθεν
401 897 601 1006 πρόφασιν.
639 901 697 978 καὶ
715 905 804 1000 γοῦν
822 895 1078 1004 ἀποδεχόμενοι
1097 905 1204 977 τοῦτο
1221 895 1344 992 βοῶσί

102 1038 122 1098 5
136 1055 230 1104 τινες
249 1032 270 1068 “
286 1020 408 1125 Κύριε,
424 1025 461 1102 ἐν
480 1023 608 1129 θλίφει
626 1027 738 1128 μικρᾷ
754 1022 777 1124 ἡ
795 1021 938 1102 παιδεία
955 1055 1026 1102 σον
1042 1022 1158 1122 ἡμῖν.”
1187 1053 1340 1121 σμικρο-
1384 1025 1454 1142 {a
1468 1091 1507 1143 1⁶·

137 1142 230 1244 τάτη
255 1145 321 1242 μέν
341 1143 414 1250 γάρ
438 1147 460 1246 ἡ
486 1155 550 1227 τοῦ
575 1137 868 1247 διακαθαίρεσθαι
893 1147 1032 1251 θλίψις,
1051 1143 1152 1224 ἀλλά
1178 1142 1368 1225 παιδείαν.

137 1267 224 1366 ἡμῖν
257 1271 469 1374 παρέχουσα
504 1267 571 1370 τὴν
608 1268 758 1367 ἀνωθεν,
792 1269 986 1370 μακαρίους
1024 1269 1228 1374 ἀποφαίνει.
1282 1267 1342 1346 καὶ

136 1391 471 1498 παραληφθήσεται
506 1391 643 1496 μάρτυς
680 1394 701 1472 ὁ
736 1391 910 1494 μακάριος
941 1395 1076 1472 Δαυεὶδ
1112 1393 1206 1470 οὕτω
1242 1397 1372 1486 βοῶνο

137 1526 161 1564 “
182 1514 371 1620 Μακάριος
399 1519 600 1620 ἀνθρωπος,
619 1515 661 1598 δν
686 1513 730 1596 ἀν
754 1515 952 1622 παιδεύσῃς
979 1514 1100 1619 Κύριε,
1124 1518 1183 1594 καὶ
1211 1517 1250 1594 ἐκ
1277 1522 1342 1594 τοῦ
1387 1507 1508 1638 {233²

82 1677 123 1718 ιο
138 1649 161 1686 “
181 1638 293 1738 νόμου
317 1674 388 1722 σου
411 1641 558 1748 διδάξῃς
583 1638 786 1738 αὐτόν,τοῦ
810 1637 964 1742 πραῧναι
991 1637 1099 1720 αὐτόν
1118 1637 1181 1745 ἀφ’
1201 1639 1343 1742 ἡμερῶν

138 1773 161 1810 ‘⁶
179 1767 381 1868 πονηρῶν.”
421 1764 548 1868 ἡμέραι
564 1762 636 1868 γάρ
655 1763 767 1848 ὅντως
785 1762 994 1872 ἀποφράδες
1012 1765 1070 1842 καὶ
1093 1765 1247 1865 πονηραὶ
1269 1768 1344 1845 τοῖς

138 1889 401 1986 ἀποτμηθεῖσιν
437 1891 619 1974 όλοτελῶς
662 1891 721 1968 καὶ
758 1893 807 1972 εἷς
842 1887 998 1967 κόλασιν
1034 1886 1101 1986 τὴν
1136 1885 1213 1966 διά·
1231 1882 1345 1988 πυρός

139 2013 425 2118 κατοιχήσεσθαι
450 2011 665 2112 μέλλουσιν,
684 2017 721 2092 αἱ
747 2016 811 2111 τῆς
836 2008 1038 2092 ἀδεκάστου
1062 2011 1223 2114 κρίσεως,
1242 2007 1345 2088 ἀλλά

139 2134 223 2216 τότε
240 2144 314 2223 τοῖς
331 2137 595 2235 παιδευομένοις
613 2135 852 2238 καταπραύνει
872 2133 977 2222 Θεός.
999 2135 1137 2235 ’τελοίη
1162 2133 1235 2237 γάρ
1259 2131 1344 2213 ἀνό

87 2281 125 2343 15
140 2268 300 2345 τοιοῦτος
328 2263 491 2362 οὐδαμῶς
518 2263 556 2342 ε’ν
583 2267 659 2346 τοῖς
686 2261 755 2341 ἀπὸ
782 2261 903 2363 κρίσιν
924 2262 983 2340 καὶ
1010 2259 1176 2356 κόλασιν,
1201 2259 1343 2360 ἐπείπερ

140 2385 206 2464 οὐκ
231 2384 395 2488 ἀκαρπον
416 2385 543 2487 γέγονε
570 2384 706 2491 κλῆμα.
745 2382 1128 2488 συμπαροζενγνύσθω
1154 2389 1344 2485 τοιγαροῦν

140 2513 187 2614 τῇ
215 2512 280 2608 τῆς
305 2509 463 2596 πίστεως
491 2510 669 2616 ὁμολογίᾳ
696 2511 754 2590 καὶ
780 2509 802 2609 ἡ
831 2506 890 2588 διά
917 2514 990 2588 τῶν
1013 2507 1128 2612 ε”ργων
1153 2505 1380 2610 θερμότης,ι1

142 2635 202 2712 καὶ
220 2635 396 2714 συνθείτω
414 2635 589 2736 τοῖςπερὶ
608 2638 704 2714 Θεοῦ
722 2633 848 2734 λόγοις
863 2631 911 2714 τά
928 2629 1136 2735 πράγματα
1172 2628 1254 2710 τότε
1272 2627 1346 2732 γάρ

141 2752 225 2836 τότε
243 2757 472 2858 συνεσόμεθα
493 2762 545 2865 τῷ
563 2763 727 2865 Χριστῷ,
746 2760 805 2837 καὶ
831 2761 895 2856 τῆς
919 2754 1010 2860 πρὸς
1035 2753 1145 2836 αὐτὸν
1162 2758 1346 2838 κοινωνίας

85 2911 128 2954 20
141 2879 209 2980 τὴν
236 2879 386 2982 δύναμιν
415 2885 571 2987 ἀσφαλῆ
599 2915 638 2962 τε
665 2885 725 2962 καὶ
751 2882 906 2978 βεβαίαν
934 2881 1105 2984 εὕροιμεν,
1126 2877 1191 2960 τόν
1214 2881 1254 2958 ἐκ
1281 2882 1345 2978 τῆς

140 3008 326 3104 ἀποτομῆς
343 3004 596 3112 διαφεύγοντες
614 3006 789 3086 κίνδυνον.

199 3127 351 3231 Εἴρηται
368 3129 407 3209 δὲ
426 3137 540 3210 ταῦτα
558 3131 634 3209 νυνὶ
652 3131 736 3230 παρ’
756 3129 867 3230 ἡμῶν,
885 3127 1028 3231 ἐπείπερ
1047 3122 1158 3207 ε’δόκει
1179 3158 1341 3223 πνευμα-

140 3257 250 3336 τικῶς
268 3258 313 3357 τῇ
333 3259 406 3332 τῶν
423 3252 663 3356 προκειμένων
681 3254 810 3360 θεωρίᾳ
828 3251 1093 3354 προσβάλλειν·
1124 3248 1215 3333 εἰκός
1237 3246 1275 3328 δέ
1298 3249 1343 3349 δή

140 3409 178 3456 τι
205 3379 264 3456 καὶ
293 3376 412 3479 ἕτερον
434 3375 570 3458 ἐθέλειν
592 3379 797 3478 ἀποδηλοῦν
820 3376 883 3457 τόν
905 3375 1040 3478 Κύριον
1059 3373 1118 3455 διὰ
1142 3381 1207 3454 τοῦ
1231 3371 1374 3479 φάναιο

85 3531 128 3593 ο5
141 3505 275 3606 σαφῶς
298 3503 375 3582 Πάν
400 3499 523 3604 ιιλῆμο
547 3503 577 3583 ἓν
601 3503 672 3605 ἐμοὶ
701 3499 749 3607 μλ
777 3503 871 3608 φέρον
897 3495 1025 3608 καρπλν
1047 3499 1130 3608 οιίρει
1157 3495 1250 3595 ούτδ,
1280 3500 1343 3578 καὶ

142 3627 216 3706 πάι
236 3621 274 3705 τύ
303 3627 530 3734 καρποφοριὸν
554 3623 701 3733 καθαίρει
729 3622 821 3723 οὔτί,
840 3625 897 3706 ’ίιιι
927 3623 1054 3732 κοιρτὶι
1080 3625 1223 3705 πλείονα
1250 3621 1342 3736 φέρῃ.

145 3745 270 3854 κλῆμο
304 3747 376 3851 γὰρ
411 3745 510 3846 οἶμαι
536 3745 587 3830 ’τό
622 3756 668 3855 τῇ
704 3758 769 3830 τοῦ
802 3747 950 3852 Πατρός
986 3749 1167 3854 ἀποτομία
1199 3750 1264 3846 τῆς
1296 3752 1346 3832 είς

143 3869 311 3975 Χριστόν
338 3873 520 3956 κοινωνίας
552 3873 848 3972 ἀπεσπασμένον,
876 3871 941 3954 τόν
973 3877 1022 3956 εἲς
1054 3873 1249 3974 εὐκαρπίαν
1280 3871 1344 3952 οὐκ

142 3995 341 4096 ἐπιτήδειον
371 4003 444 4077 τῶν
476 3997 659 4077 Ἰουδαίων
693 3997 859 4098 σημαίνει
895 3995 998 4095 λαόν,
1029 3993 1082 4080 οἷς
1119 3997 1178 4074 καὶ
1215 3993 1344 4100 ἀξίνην
1387 4003 1512 4120 fflffi·

86 4149 130 4206 30
142 4119 455 4225 ἐπενεχθήσεσθαί
470 4127 587 4229 φησιν
605 4123 626 4202 ό
644 4119 903 4224 τρισμακάριος
920 4117 1098 4220 Ἰωάννης,
1116 4119 1202 4220 πυρὶ
1220 4147 1341 4218 παρα·

143 4242 369 4344 δοθήσεσθαι
387 4244 506 4348 λέγων
524 4243 566 4326 τὸ
584 4243 872 4346 ἀποτεμνόμενον
891 4243 1047 4346 δένδρον·
1077 4239 1125 4323 τά
1146 4239 1185 4322 δὲ
1206 4239 1344 4325 τελείας

172 4462 226 4532 .¹⁰.·
244 4447 381 4504 οὖτὸιολ.
395 4447 704 4531 Ε..(13.ο1.)οδοῷΕδ.
814 4518 820 4530 .
870 4463 935 4502 11-1
969 4445 1178 4502 eitantNiketu
1192 4443 1345 4518 catenaque

144 4517 446 4576 annnpmmumen.
555 4535 597 4592 13.
615 4517 913 4576 aissd.corremxn.
968 4527 1000 4572 tt.
1112 4529 1155 4588 17.
1173 4516 1299 4587 θερμότης
1311 4515 1344 4571 Ε.

145 4588 354 4662 Φεθνότυῑᾶ·
