3082 5112
328 307 393 373 852
630 308 670 374 Β.
694 307 906 374 CYRILLI
934 307 1224 374 ALEXANDR.
1324 305 1391 370 xiii.
1407 319 1511 384 12-15.

278 524 406 592 wore
433 521 491 592 οὑν
512 526 606 605 ἔνιψα
632 527 708 594 τοὺα
735 528 839 594 πόδαε
864 529 932 595 τῶν
958 529 1114 607 μαθιιτῶν
1142 529 1195 594 καί
1220 527 1319 606 ἔλαβε
1344 525 1385 592 τὰ
1412 521 1512 600 ἱμάτια

380 651 480 716 αὑτοῦ
503 651 557 717 καί
580 653 722 720 ἀνέπεσε
743 657 851 735 πάλιν,
869 648 959 720 εἶπεν
978 653 1087 720 αὐτοῖο
1108 652 1285 720 Γινώσκετε
1307 650 1338 718 τί
1360 647 1513 715 πεποίιικα

278 778 314 836 ¹3
381 773 477 860 ὑμῖν;
511 773 602 855 ὑμεῖε
634 774 777 866 φωνεῖτέ
807 800 848 856 με
869 778 913 844 'O
947 779 1057 868 κὺριοα
1088 777 1141 842 καί
1176 777 1195 844 ὁ
1230 775 1436 852 διδάσκαλοε,
1467 771 1514 836 καί

279 909 315 965 ¹4
381 903 490 968 καλῶε
517 905 637 984 λέτετε,
655 901 720 981 εἰμί
748 905 819 993 κάρ.
853 901 882 970 εἰ
909 900 966 970 οὑν
987 904 1053 981 esd>
1078 903 1176 982 ἔνιψα
1204 901 1294 979 ὑμῶν
1314 899 1391 966 τοὺε
1417 897 1513 966 πόδαα

294 1020 315 1086 b
378 1028 398 1094 δ
435 1027 550 1117 Κύριοε
586 1029 640 1094 καί
673 1027 692 1096 ό
727 1027 933 1110 διδάσκαλοα,
965 1029 1018 1094 καί
1052 1023 1144 1106 ὑμεῖε
1178 1026 1331 1114 ὀφείλετε
1366 1024 1515 1089 ἀλλιίλων

278 1147 315 1210 ¹5
379 1151 502 1218 νίπτειν
528 1153 604 1220 τοὺα
630 1151 747 1221 πόδαε.
781 1153 959 1231 ὑπόδειγμα
988 1153 1048 1244 τὺρ
1076 1153 1205 1222 δέδωκα
1233 1147 1305 1229 ὑμῖν
1332 1151 1387 1217 ἵνα
1414 1147 1517 1214 καθότι

377 1275 519 1346 ἑποίιισα
545 1274 618 1355 ὑμῖν
644 1279 710 1354 esd)
737 1277 791 1344 καί
817 1275 907 1356 ὑμεῖς
934 1286 1060 1345 ποιῆτε.

383 1446 617 1556 Ἀναφανδόν
635 1448 704 1550 ἤδη
726 1451 822 1554 φησί
845 1447 912 1550 τὴν
929 1448 1220 1552 τοῦπράγματος
1238 1449 1364 1545 αἰτίαν,
1385 1451 1442 1527 καί
1460 1450 1519 1543 τῆς

328 1573 548 1676 ἅσυγκρίτου
580 1572 912 1679 ταπεινοφροσύνης
943 1571 986 1653 τό
1017 1567 1224 1676 ὑπόδειγμα,
1257 1576 1321 1670 τῆς
1351 1577 1400 1655 εἰς
1432 1572 1519 1669 ἡμᾶς

328 1694 444 1776 ἕνεκεν
462 1695 638 1802 ὠφελείας
663 1697 888 1796 πεττοιῆσθαί
909 1702 1035 1802 φησιν·
1064 1691 1396 1797 ἀναπολόγητονδί
1420 1693 1519 1771 τὸέκ

327 1821 392 1918 τῆς
410 1819 609 1926 ὑπεροψίας
627 1819 793 1923 ε”Ὑκλιγμα
810 1822 927 1916 τιθεῖς,
945 1819 1145 1924 ἀναγκαίως
1164 1819 1320 1923 εἰσφέρει
1344 1825 1410 1898 τοῦ
1438 1815 1519 1895 ἰδίου

298 1941 528 2045 οπροσύπου
555 1939 598 2023 τό
625 1943 828 2050 περιφανές.
869 1944 907 2023 ἐν
925 1941 997 2047 γὰρ
1021 1941 1065 2044 δὴ
1093 1949 1145 2052 τῷ
1170 1941 1319 2049 τοιούτῳ
1344 1939 1519 2043 θεωρῆσαι

327 2099 383 2150 τις
399 2063 445 2146 ἂν
463 2065 506 2147 τό
523 2070 587 2167 τῆς
605 2065 937 2174 ταπεινοφροσύνης
955 2065 1176 2169 ἀσύγκριτον
1192 2065 1353 2167 με’γεθοε.
1392 2062 1437 2142 τό
1461 2061 1519 2159 μὲν

327 2187 400 2292 γὰρ
427 2190 472 2297 ἐξ
494 2191 620 2272 ἑαυτοῦ
643 2187 910 2298 χαμαιριφές,ἢ
934 2193 993 2270 καί
1015 2193 1123 2298 ἐντῷ
1144 2191 1269 2289 μηδενὶ
1289 2185 1519 2288 τεταγμένον,

328 2310 421 2392 κατὰ
443 2321 547 2394 ποῖον
564 2311 610 2394 όιν
627 2315 952 2418 κατασμικρυνθείη
976 2310 1164 2418 τρόπον,ἣ
1190 2311 1273 2393 ὅποι
1297 2309 1461 2417 χωρήσει
1484 2308 1519 2388 τό

327 2433 425 2518 κάτω
443 2437 626 2536 κείμενου;
657 2436 838 2541 θεωρήσαι
861 2435 932 2540 γὰρ
950 2445 1057 2517 τοῦτο
1075 2439 1134 2516 καί
1159 2441 1189 2516 εἰ
1209 2433 1260 2537 μή
1284 2467 1320 2514 τι
1344 2434 1388 2514 τό
1412 2468 1519 2514 κοιται

325 2557 486 2662 βιβάφιιν
514 2560 652 2641 ἄνωθεν
678 2560 850 2668 πεφυκός.
891 2557 934 2640 τό
962 2559 1001 2640 δὲ
1027 2562 1067 2640 ἰν
1095 2563 1180 2667 ὕφει
1207 2557 1465 2662 θεωρούμενον,
1491 2558 1518 2635 ἐι

326 2688 482 2790 ταπεινῷ
506 2680 658 2786 γεγονός
683 2682 909 2787 θαυμάζεται·
942 2682 1076 2784 κατέβη
1095 2681 1167 2786 γὰρ
1191 2687 1240 2766 εἰς
1263 2681 1353 2784 ὅπερ
1378 2683 1445 2761 οὑκ
1468 2678 1518 2780 ἦν.

328 2804 530 2906 ἀναγκαίως
546 2815 739 2911 τοιγαροῦν
756 2809 815 2887 καὶ
839 2809 861 2888 ό
880 2805 1013 2910 Κύριος
1037 2807 1137 2908 ἡμῶν
1155 2804 1299 2907 Ἰησοῦς
1324 2801 1518 2905 ὑΧριστόι

328 2935 403 3011 τοῖς
420 2928 547 3010 ἑαυτοῦ
564 2937 750 3030 μαθηταῖς,
768 2937 915 3029 μᾶλλον
933 2929 971 3011 δὲ
990 2929 1034 3011 δι’
1052 2931 1192 3050 ἐκείνων
1209 2936 1284 3014 τοῖς
1307 2924 1379 3006 αἰνὰ
1402 2933 1518 3008 πᾶσω

295 3046 396 3149 ὑτὴν
413 3055 492 3153 γῆν,
506 3050 549 3133 τό
567 3057 632 3153 τῆς
650 3055 985 3160 ταπεινοφροσύνην
1001 3052 1151 3154 μάθημα
1169 3049 1295 3149 διδούς,
1313 3052 1384 3154 ούχ
1403 3051 1518 3132 ἁπλῶν

329 3179 455 3280 φησιν,
484 3174 541 3256 ότι
567 3173 691 3280 ὥσπερ
718 3175 788 3280 ἐγὼ
816 3178 925 3283 ἔνιψα
959 3180 1057 3278 ὑμῶν
1084 3175 1166 3261 τούς
1194 3174 1318 3273 πόδας,
1346 3177 1445 3254 οὕτω
1473 3173 1518 3252 κα

330 3299 428 3396 ὑμεῖς
459 3300 622 3406 ὀφείλετε
658 3308 783 3381 ποιεῖν·
826 3301 1078 3408 προεξογείται
1110 3297 1149 3380 δὲ
1180 3305 1327 3398 μᾶλλον
1359 3295 1407 3376 τὸ
1442 3295 1517 3375 ἴδιοι

330 3420 482 3526 ἀξίωμα,
519 3427 579 3502 καὶ
618 3422 685 3524 τὴν
720 3421 994 3530 ἐνυπάρχουσαν
1030 3425 1126 3532 αύτῷ
1169 3419 1328 3532 φυσικὴν
1364 3422 1517 3500 εὔκλεια

330 3550 536 3644 παρατιθεὶς
557 3550 718 3627 δυσοπτεΐ
730 3553 783 3654 τῷ
801 3545 988 3650 πράγματι
1010 3545 1074 3628 τόν
1092 3546 1304 3653 φιλόδοξον.
1341 3548 1441 3650 ὑμεῖς
1461 3541 1517 3644 γύγ

330 3671 447 3774 φησιν
464 3669 565 3748 αὑτοὶ
583 3669 728 3750 καλεῖτέ
741 3705 787 3776 με
806 3680 821 3752 ὁ
839 3671 954 3776 Κύριος
973 3677 1033 3752 καὶ
1053 3680 1068 3753 ἰ
1088 3665 1304 3759 θιθαίσιιαλος
1323 3675 1387 3750 καί
1411 3667 1517 3750 καλῶ

329 3788 459 3892 λιγετε,
480 3794 546 3897 εἰμί
571 3789 654 3896 γάρ.
694 3791 849 3897 ἐπιτήρει
877 3791 917 3873 δὲ
946 3792 1043 3878 όντων
1070 3795 1129 3872 καί
1156 3790 1293 3899 μεταξύ
1319 3799 1387 3872 τοῦ
1417 3789 1517 3892 λόγοι

328 3917 394 4013 τῆν
422 3919 495 3994 τῶν
520 3913 766 3996 πιστευόντων
793 3916 1014 4020 προένοησεν
1041 3921 1239 4016 οἰκοδομῆς,
1270 3918 1329 3996 καί
1359 3915 1432 4000 τὰς
1462 3921 1517 3994 τῶς

301 4038 488 4118 οαίνοσίωυ
509 4039 694 4142 αἰρετικῶν
711 4039 775 4119 οὑκ
800 4038 960 4142 ἠγνόησε
986 4039 1268 4144 γλωσσαλγίας.
1307 4037 1435 4138 ἐπειδὴ
1464 4036 1516 4140 γὰ,

366 4261 393 4300 2.
411 4244 574 4302 καλιίνίπεσε
586 4245 619 4301 Ε.
632 4245 832 4303 mmm.
885 4248 1023 4319 πεποίηκεν
1035 4248 1068 4303 Ε.
1174 4261 1201 4320 7.
1218 4248 1309 4316 ποιῆτε
1322 4245 1471 4302 Fumi«
1485 4247 1516 4300 E«

332 4329 375 4368 ιο.
392 4316 559 4372 πεπαιεῖσθαί
569 4317 603 4371 Ε.
712 4333 754 4372 11.
771 4315 851 4390 ἰδίου]
865 4318 959 4374 οἰκείαν
970 4336 1021 4374 mc.
1035 4317 1119 4373 Cord.
1232 4334 1274 4372 12.
1292 4317 1458 4390 θεηγορῆσαι
1475 4320 1516 4386 (εἰι

329 4384 363 4438 Ε.
375 4384 504 4507 θεωρῆσαι
516 4403 540 4441 α.
552 4385 683 4457 θεωρήσαι
696 4404 720 4442 c.
734 4385 816 4443 cord.
932 4403 974 4460 15.
992 4411 1009 4443 τ
1094 4387 1128 4443 Ε.
1244 4389 1286 4444 16.
1304 4389 1516 4458 κατακείμενονί

329 4467 383 4591 ἔγ
383 4474 424 4578 ὣς
434 4455 656 4578 Ετὴν-εὔκλειαν]
670 4457 711 4512 καί
722 4457 769 4527 τὴν
780 4458 895 4530 φυσικὴν
906 4461 1067 4515 εδκλειανκα
1088 4457 1220 4531 ὑπεροχὴν
1231 4475 1256 4515 ι.
1377 4473 1427 4530 29.
1445 4461 1516 4531 γλαα
