3142 5118
357 335 423 398 234
660 335 700 400 B.
724 334 935 400 OYRILLI
964 334 1275 402 ALEXAND&
1392 354 1425 398 x.
1440 350 1513 412 14,1

359 497 523 600 ἔγκλημα
556 499 819 604 χαλεπώτερον.
871 503 930 580 καὶ
959 508 1073 580 ταῦτα
1102 498 1168 600 μέν
1194 502 1251 580 ἐπὶ
1279 495 1417 580 τούτοις
1445 496 1515 594 ἡμεὶ

360 625 571 704 διανοείσθω
599 624 643 704 δέ
665 659 719 709 τις
746 623 793 705 τὰ
821 625 1030 729 τελειότερα.

328 749 350 814 d
415 748 671 850 Ἐπιτηρητέον
697 747 734 828 δέ
762 747 875 852 γεμὴν
901 747 998 832 ὅπως
1025 751 1126 829 ἐστὶν
1148 748 1289 850 ἀληθής
1317 782 1355 829 τε
1383 748 1470 846 ὁμοῦ
1496 779 1515 824 κ

360 871 535 978 ἀσφαλὴς
560 875 580 952 ό
605 871 726 976 λόγος,
746 875 788 952 οῦ
816 871 889 976 γὰρ
916 871 1144 978 διαφορήσας
1167 875 1249 976 περὶ
1276 873 1394 953 αὐτῶν
1419 873 1515 974 ὁρᾶτο

359 999 444 1076 ἀλλ’
463 1000 500 1078 ἐν
515 996 615 1103 τάξει
640 1002 686 1103 τῇ
713 999 823 1104 οἰκείᾳ
848 1001 906 1078 καὶ
931 995 1218 1103 πρεπωδεστοῖτη
1241 1003 1314 1077 τῶν
1335 992 1515 1099 πραγμότι

359 1121 496 1202 ἕκαστα
514 1121 632 1206 τιθείς.
665 1121 707 1200 οῦ
726 1120 797 1223 γὰρ
818 1121 888 1225 ἐφη
909 1120 1083 1200 Γινώσκει
1102 1155 1146 1220 με
1164 1119 1210 1201 τό
1228 1119 1296 1220 ἐμὲ
1315 1122 1373 1200 καὶ
1390 1117 1515 1220 γινῶσι

360 1245 405 1326 τὰ
432 1245 510 1344 ἐμὰ,
537 1245 622 1325 ἀλλ’
652 1244 779 1326 ἑαυτὸν
806 1243 987 1346 ἐγνωκότα
1018 1244 1194 1348 πρότερον
1221 1245 1379 1351 εἰσφέρει
1410 1241 1457 1322 τὰ
1488 1241 1515 1320 ἴδ

339 1369 537 1474 τπρόβατα,
575 1367 641 1450 εἶθ’
681 1370 794 1453 οὕτως
840 1366 1127 1471 γνωσθήσεσθαί
1169 1375 1265 1473 φησι
1306 1369 1389 1470 παρ’
1427 1367 1515 1446 αῦτιῖ

358 1495 602 1599 ἐκληφθείσης
627 1491 665 1573 δέ
691 1496 755 1592 τῆς
780 1492 953 1595 γνώσεως
975 1495 1032 1572 ἐπὶ
1059 1490 1125 1590 μέν
1148 1497 1211 1590 τῆς
1239 1486 1416 1592 εἶδῆσεως,
1436 1489 1515 1569 ὦσπ

359 1620 422 1698 οῦν
454 1618 624 1720 ἐλέγομεν
656 1618 694 1696 ἐν
725 1619 831 1720 ἀρχῇ,
859 1613 1017 1696 τοιιῦσδέ
1048 1649 1125 1700 πως
1164 1613 1306 1716 νοήσεις
1342 1616 1426 1718 Οῦχ
1463 1615 1515 1712 ἡμι

358 1739 468 1822 αὐτὸν
491 1739 743 1842 ἐπεγνώκαμεν
765 1745 914 1841 πρῶτοι,
932 1739 1070 1841 ἐπέγνω
1096 1737 1134 1818 δὲ
1159 1740 1252 1839 ἡμεῖς
1276 1746 1422 1842 πρῶτον
1440 1739 1515 1817 αῦτι

330 1868 418 1946 θκαὶ
445 1872 534 1968 γοῦν
560 1866 580 1943 ὁ
605 1869 755 1947 Παῦλος
783 1871 857 1948 τοῖς
884 1863 928 1970 ἐξ
953 1865 1065 1944 ἐθνῶν
1088 1863 1320 1944 ἐπιστέλλων
1340 1861 1502 1942 τοωῦτόν

360 1990 459 2095 φησί
474 1999 496 2037 “
508 1986 578 2070 Διὸ
594 1987 833 2087 μνημονεύετε
852 1989 947 2086 ὑμεῖς
966 1986 1012 2066 τὰ
1030 1987 1115 2088 ἔθνη
1133 1989 1171 2066 ἐν
1189 1989 1298 2091 σαρκὶ
1320 1993 1354 2068 οἱ
1372 1987 1515 2086 λεγόμει

360 2123 384 2162 “
401 2113 625 2216 ἀκροβυστία
649 2110 718 2192 ὑπὸ
744 2115 809 2211 τῆς
834 2110 1029 2213 λεγομένης
1046 2115 1237 2214 περιτομῆς
1255 2114 1293 2192 ἐν
1311 2113 1420 2214 σαρκὶ
1439 2144 1515 2218 χειρ

360 2249 383 2286 “
400 2237 560 2338 ποιήτου,
579 2235 635 2316 ότι
653 2233 714 2336 ἦτε
733 2241 784 2343 τῷ
804 2241 915 2343 καιρῷ
933 2235 1052 2343 ἐκείνῳ
1071 2238 1180 2341 χωρὶς
1199 2241 1366 2338 Χριστοῦ
1387 2239 1515 2333 όπηλλ

359 2373 381 2410 “
399 2361 586 2464 τριωμένοι
614 2363 678 2460 τῆς
705 2361 890 2444 πολιτείας
917 2367 981 2438 τοῦ
998 2358 1154 2462 Ἰσραὴλ
1181 2363 1239 2440 καὶ
1264 2359 1360 2466 ξένοι
1384 2366 1459 2438 τιῦυ
1482 2364 1515 2437 δι

361 2495 384 2534 “
402 2491 523 2585 θηκῦν
550 2488 613 2582 τῆς
640 2483 870 2586 ἐπαγγελίας,
899 2484 1030 2564 ἐλπίδα
1056 2481 1107 2583 μὴ
1135 2483 1276 2590 ἔχοντες
1308 2487 1366 2564 καὶ
1394 2483 1495 2564 ι’ίθεοι

364 2618 385 2656 “
403 2613 454 2714 τῷ
486 2606 626 2715 κόσμῳ·
672 2611 747 2688 νυνὶ
782 2605 820 2687 δέ
852 2610 890 2688 ἐν
920 2612 1075 2714 Χριστῷ
1108 2609 1232 2708 Ἰησοῦ
1269 2614 1302 2688 οῖ
1337 2605 1426 2689 ποτὲ
1464 2605 1514 2686 ὅνι

195 2745 309 2802 θὸὅΑ·
334 2741 385 2800 ⁸“
403 2729 545 2834 μακρόν
564 2730 754 2834 ἐγενήθητε
780 2729 888 2834 ε’γγῦς
915 2731 953 2812 ἐν
973 2733 1026 2837 τῷ
1049 2732 1171 2830 αἵματι
1198 2739 1263 2812 τοῦ
1281 2733 1483 2834 Χριστοῦ.”

363 2855 562 2958 ἀμετρήτου
580 2854 651 2957 γὰρ
675 2853 894 2958 ἡμερότητος
918 2853 1045 2936 ἑαυτὸν
1063 2863 1137 2940 τοῖς
1162 2855 1282 2936 ἔθνεσι
1304 2855 1514 2959 προσαγήο)

361 2981 383 3058 ό
409 2979 582 3082 Χριστὸς,
611 2985 669 3060 καὶ
702 2979 868 3081 προέγνω
898 2986 1045 3078 μᾶλλον
1074 2977 1097 3081 ἢ
1130 2979 1297 3082 ἐγνώσθη
1329 2979 1414 3084 παρ’
1445 2982 1513 3080 ἡμό

361 3107 410 3188 εἷς
442 3102 488 3183 δέ
517 3137 559 3204 γε
597 3101 663 3202 τὴν
695 3101 895 3202 οἰκειότητα
931 3107 991 3182 καὶ
1028 3103 1243 3205 συγγένειαν
1276 3103 1468 3202 νοουμένης
1500 3139 1513 3182 τ

245 3283 251 3296 ·
361 3225 541 3328 γνιόσεως,
573 3225 687 3308 πόλιν
721 3225 831 3306 ἐκεῖνό
866 3233 987 3332 φαμεν
1018 3229 1102 3332 Οῦχ
1138 3227 1238 3327 ἡμεῖς
1274 3226 1462 3335 ἠρξάμεθα
1501 3262 1513 3306 τ

360 3347 582 3452 πράγματος,
601 3348 686 3430 ἀλλ’
707 3352 727 3430 ό
754 3353 793 3430 ἐκ
812 3355 909 3430 Θεοῦ
929 3348 1023 3434 Θεὸς
1044 3351 1267 3453 Μονογενής·
1299 3354 1341 3431 οῦ
1367 3351 1440 3454 γὰρ
1466 3351 1512 3450 ἡμ

361 3473 629 3579 ἐπεδραξιίμεθα
648 3477 711 3574 τῆς
731 3472 821 3576 ὖπέρ
841 3474 956 3580 φύσιν
975 3472 1151 3574 θεότητος,
1170 3476 1255 3554 ἀλλ’
1276 3473 1383 3559 αι’ττὸς
1408 3477 1428 3554 ό
1453 3478 1512 3581 φῦ

195 3587 262 3704 ffb·
273 3587 300 3636 ἢ·
364 3595 457 3680 Θεὸς
476 3597 683 3700 σπέρματος
696 3597 871 3702 Ἀβραὰμ
890 3597 1098 3698 ἐπελάβετο,
1114 3597 1208 3680 καθό
1226 3605 1343 3706 φησιν
1361 3601 1381 3679 ὁ
1402 3605 1512 3679 Παῦλ

196 3733 286 3795 1b·17·
330 3725 422 3800 ῦκαὶ
451 3721 598 3825 γέγονεν
626 3721 825 3826 ἅνθρωπος,
853 3723 912 3804 ἵνα
943 3729 1018 3807 τοῖς
1052 3725 1223 3831 ἀδελφοῖς
1255 3725 1440 3822 ὁμοιωθεῖς
1475 3759 1511 3804 κι

362 3841 492 3944 πάντα,
523 3849 632 3951 χωρὶς
669 3847 854 3950 ἁμαρτίας,
893 3845 985 3950 πρὸς
1022 3847 1219 3948 οἰκειότητα
1259 3846 1359 3953 λάβῃ
1396 3847 1463 3928 τὸν
1503 3885 1511 3928 ι

362 3967 490 4074 ἔχοντα
517 3969 650 4070 ταύτην
675 3969 720 4077 ἐξ
744 3973 881 4069 ἑαυτοῦ,
903 3970 1077 4070 τουτέστι,
1100 3969 1165 4052 τὸν
1189 3971 1392 4075 ἄνθρωπον.
1434 3974 1511 4052 οῦκι

193 1985 258 2049 αρε.
271 1985 298 2034 ιι.

198 2064 283 2113 11-13.

402 4217 672 4340 ΙίῆχαλεπίιτερονΒ.
688 4217 777 4306 Ηοίρι.
790 4202 975 4309 χαλεπώτατον
987 4237 1001 4273 e
1015 4217 1074 4309 Caf.
1089 4217 1166 4272 Harl.
1180 4227 1210 4272 ut
1223 4217 1437 4310 'id·‚A⁰.b‘'.²¹²⁸’
1450 4229 1480 4272 et
1494 4219 1510 4302 ij

363 4305 389 4411 ι
407 4287 823 4445 ,ιφικιιδφκικι
837 4289 1104 4414 ,ιυιλνί
1122 4288 1171 4344 ffl·
1189 4289 1508 4450 Εῗ,.”ι,-.ι.,ὲέιὲῑέι

361 4429 829 4554 ιιιῑὶςυιλιιινν
845 4429 1006 4572 δίνη
1020 4427 1219 4569 ιιιιίιτ
1234 4429 1510 4556 ἰδίαις,

363 4580 406 4618 21.
424 4567 562 4638 προσέγυα
577 4569 609 4622 Β.
625 4568 673 4622 Ηι.
687 4569 838 4624 emendavit
851 4569 924 4626 Aub.
