3200 5092
69 309 179 396 α’ίιμ.
236 313 297 380 IN
331 317 681 386 S.JOANNEM.
729 321 823 386 LIB.
841 321 882 385 V.
928 321 1030 386 OAP.
1049 321 1090 384 V.
1245 321 1287 384 5⁷

79 547 180 622 Ελετεν
201 548 259 618 οὖν
282 555 303 622 ὁ
324 557 473 623 Ἰασοῦς
501 559 594 648 πρὸς
619 560 697 625 τοὺς
721 564 975 628 πεπιστευκότας
1000 564 1090 647 αὐτῷ
1105 559 1285 627 Ἰουδαίους
1301 577 1337 634 31

107 674 180 740 Ἐὰν
207 677 301 755 ὑμεῖς
336 685 488 760 μείνατε
523 687 563 752 ἒν
597 689 646 772 τῷ
677 689 765 773 λότῳ
795 693 842 774 τῷ
868 689 946 775 ἐμῷ,
978 689 1112 754 ἀληθῶς
1143 686 1286 764 μαθιιταί

112 824 166 872 μου
190 805 279 876 ἐστὲ.

117 981 258 1082 Τρύτον
276 990 441 1070 ἀπαιτεῖ
466 989 557 1074 τοὺς
582 994 849 1078 πιστεύσαντας
874 992 938 1074 τὸν
961 991 1207 1096 ἐρηρεισμένον
1231 995 1288 1071 καί

52 1105 243 1208 ετεῐύγοτα
269 1115 334 1192 καὶ
363 1114 535 1212 ἑτοίμως
561 1116 692 1220 ἔχοντα
718 1115 807 1219 πρὸς
834 1117 1006 1217 διαμονὴν
1029 1125 1094 1198 τοῦ
1118 1115 1291 1223 καθάπαξ
1301 1147 1319 1189 e
1390 1215 1396 1228 ,

76 1233 255 1332 ίθρεθὰσος
274 1238 411 1322 αὐτοῖς
432 1242 593 1341 ἀγαθοῦ.
635 1248 742 1319 τοῦτο
761 1242 797 1321 δέ
816 1240 860 1342 ἦν
877 1243 900 1341 ἦ
918 1242 1040 1325 πίστις
1058 1243 1081 1341 ἦ
1101 1247 1149 1326 είς
1167 1240 1285 1321 αύτὸν.

76 1353 200 1458 τὸγὰρ
229 1361 554 1467 ἐπαμφοτερίζειν
583 1361 735 1462 ἀνόητόν
762 1399 800 1443 τε
834 1373 891 1444 καὶ
922 1365 1065 1468 ἀκερδὲς
1097 1367 1289 1470 ἀποφαίνει

77 1487 256 1580 παντελῶς,
274 1487 364 1565 ἐπεὶ
386 1491 453 1564 καὶ
473 1497 497 1532 “
510 1483 627 1589 Ἀνὴρ
646 1489 810 1593 δίψυχος,
829 1488 1079 1573 ἀκατάστατος
1098 1491 1135 1568 ἐν
1152 1487 1289 1572 πάσαις
1335 1492 1426 1607 ξω
1440 1492 1455 1540 ¹·

78 1615 95 1646 ⁶
109 1613 178 1687 ταῖς
205 1611 309 1694 ὁδοῖς
343 1611 517 1705 ἔαυτοῦ,”
538 1609 633 1690 καθά
654 1611 868 1713 γέγραπται.
907 1611 950 1692 τὸ
976 1612 1013 1691 δέ
1039 1613 1153 1720 ἀπρὶξ
1174 1611 1287 1692 ἅπτε·
1354 1593 1359 1608 ⁸

43 1734 152 1806 Ιῦσθαι
175 1737 249 1810 τῶν
279 1733 595 1814 λυσιτελούντων
613 1737 828 1835 ἐπείγεσθαι,
847 1735 970 1842 σοφὸν
992 1735 1102 1819 ὅντως
1128 1739 1207 1815 ἐστὶ
1232 1738 1291 1814 καί

78 1853 401 1958 ἐτωφελεστατον.
457 1856 550 1937 ὅσον
581 1856 648 1956 μέν
679 1860 741 1939 οὖν
773 1860 857 1959 ἧκεν
890 1865 938 1943 είς
966 1858 1009 1939 τὸ
1041 1863 1170 1959 νοῆσαι
1202 1893 1291 1960 προ-

79 1977 199 2078 χείρως,
216 1979 349 2059 ἐκεῖνό
370 1986 507 2086 φησιν,
529 1985 578 2066 ὡς
598 1980 695 2085 ε’ίπερ
714 1982 758 2062 ἂν
776 1985 969 2076 βούλοιντο
987 1991 1061 2066 τοῖς
1079 1985 1163 2085 παρ’
1183 1984 1322 2062 αύτοῦα
1343 2004 1410 2059 584
1421 2003 1456 2056 A.

80 2104 368 2184 ιισατείθεσθαι
398 2101 537 2204 λύγοις,
565 2105 646 2185 τότε
675 2104 718 2206 δὴ
748 2105 890 2190 πάντως
922 2112 979 2186 καὶ
1008 2107 1118 2186 αύτοῦ
1146 2140 1287 2211 χρημα-

79 2234 183 2304 τιούσι
209 2227 405 2326 μαθηταί.
452 2227 543 2308 ὅσον
570 2226 609 2308 δέ
636 2235 684 2314 είς
711 2229 753 2309 τὸ
784 2231 941 2310 συνιέναι
971 2265 1005 2311 τι
1035 2230 1289 2330 κεκρυμμένον,

43 2373 70 2428 ¹5
81 2351 178 2430 ἐκεῖνο
195 2355 333 2451 δηλοῖ·
366 2351 493 2451 λε’γων
509 2350 583 2455 γάρ
600 2351 744 2433 ὅτιἘίιν
762 2358 855 2460 ὑμεῖς
874 2359 1002 2458 μείνητε
1021 2356 1050 2435 ἓν
1069 2353 1114 2460 rc}
1133 2357 1229 2462 λύγῳ
1248 2361 1294 2460 τῷ
1403 2373 1405 2376 ’

81 2473 151 2580 ἕνα,
169 2475 358 2582 φαίνεταί
373 2509 457 2558 πως
475 2473 602 2561 αὐτούς
620 2479 770 2579 ἀγωγῶς
788 2512 828 2557 τε
846 2481 903 2557 καὶ
922 2477 1045 2582 πράως
1065 2477 1293 2580 διδαγμάτων

80 2597 234 2703 ἐξέλκων
252 2605 337 2678 τῶν
353 2604 606 2698 Μωνσαῖκῶν,
625 2604 682 2680 καὶ
701 2605 765 2700 τῆς
782 2601 848 2699 μέν
865 2611 929 2681 τοῦ
949 2599 1160 2704 γράμματος
1176 2635 1294 2704 προσ-

80 2725 206 2824 εδρείας
233 2721 423 2830 ἀφιστὰς,
447 2721 564 2802 ούκίτι
591 2758 631 2802 τε
657 2731 731 2808 τοῖς
760 2727 799 2805 ἐν
823 2725 923 2834 τύπῳ
953 2727 1150 2825 λαληθεῖσί
1171 2760 1210 2805 τε
1236 2727 1294 2804 καί

80 2847 352 2952 πεπραγμένοις
378 2852 625 2948 προσκεῖσθαι
648 2847 813 2946 κελεύων,
831 2855 978 2948 μᾶλλον
997 2846 1035 2926 δέ
1054 2853 1105 2956 τῷ
1124 2847 1226 2956 λόγῳ
1244 2853 1296 2955 τῷ

41 2997 71 3036 ²0
81 2973 160 3073 παρ’
171 2974 299 3070 αὑτοῦ,
313 2969 414 3071 ὅπερ
432 2972 534 3049 ἐστίν
547 2973 703 3073 ἐναργῶς
716 2969 759 3051 τὸ
773 2971 1007 3074 εύαγγελικὸν
1022 2975 1079 3051 καί
1098 2973 1294 3052 θεσπέσιον

83 3093 254 3197 κήρυγμα.
297 3093 436 3174 ἐλάλει
462 3092 533 3196 γὰρ
559 3097 615 3173 καὶ
640 3093 754 3174 πάλιν
774 3095 865 3197 πρὸς
890 3097 982 3195 ἡμᾶς
1008 3094 1066 3174 διὰ
1091 3102 1163 3176 τῶν
1182 3095 1328 3198 ἁγίωνί)

84 3227 292 3324 προφητῶν,
325 3217 422 3296 ἀλλ’
449 3215 546 3317 ἦσαν
575 3224 608 3297 οἱ
636 3217 892 3316 μεσιτεύοντες,
918 3223 950 3298 οἱ
979 3220 1022 3297 δι’
1049 3215 1100 3299 ὧν
1127 3219 1295 3319 δηλονότι

86 3341 159 3426 τούς
173 3341 271 3446 πρὸς
291 3343 395 3441 ἡμᾶς
415 3342 567 3421 ε’ποιείτο
585 3341 728 3444 λόγους.
766 3341 876 3443 λόγος
902 3342 940 3422 δέ
969 3345 1096 3445 κυρίως
1120 3344 1229 3422 αὑτοῦ
1252 3341 1295 3422 τὸ

87 3465 323 3568 είαγγελιιιὸν
355 3463 575 3564 νοηθήσεται
603 3463 779 3569 κήρυγμα·
822 3467 864 3546 ού
891 3465 962 3570 γὰρ
990 3469 1033 3544 δι’
1058 3466 1177 3569 ἐτέρου
1203 3465 1295 3569 πρὸς

45 3609 76 3664 ²5
91 3591 182 3686 ἡμᾶς,
203 3588 315 3670 ἀλλὰ
334 3589 382 3668 δι’
404 3589 514 3667 αὐτοῦ
530 3587 678 3690 γεγονὸς
697 3590 918 3692 εὑρίσκομεν·
949 3588 1007 3669 διὰ
1024 3589 1096 3692 γάρ
1114 3625 1168 3670 τοι
1188 3599 1294 3670 τοῦτο

91 3719 140 3792 καὶ
166 3709 465 3816 ἐναιθρωττήσας
491 3712 607 3818 φησίν
625 3723 647 3760 “
662 3713 779 3798 Αὐτὸς
809 3715 829 3792 ὁ
857 3721 983 3794 λαλῶν
1010 3713 1185 3815 πάρειμι.”
1220 3718 1293 3794 ἐπι·
1340 3735 1462 3786 Es.lii·6·

91 3837 315 3940 μαρτυρήσει
345 3833 385 3914 δέ
410 3839 467 3914 καί
495 3838 516 3914 ὁ
542 3841 691 3919 Παῦλος
717 3837 836 3939 λε’γων
862 3840 900 3917 ἐν
923 3843 968 3942 τῇ
992 3837 1083 3938 πρὸς
1100 3839 1293 3939 Ἑβραίους

91 3963 269 4066 ἐπιστολῇ
304 3970 327 4006 “
350 3963 574 4062 Πολνμερῶς
610 3965 668 4040 καὶ
708 3959 945 4064 πολυτρόπως
986 3960 1101 4041 πάλαι
1144 3961 1163 4038 ὁ
1201 3959 1294 4044 Θεὸς
1340 3984 1428 4036 Hem.
1440 3997 1460 4034 1.

122 4168 151 4252 ⁰8.
168 4195 303 4252 mxi:
316 4193 351 4248 B.
363 4194 516 4250 emendavit
530 4193 620 4250 Holnt.
797 4215 823 4269 9.
841 4197 970 4253 ἅπτεσθαι
981 4195 1090 4268 conjeci.
1104 4193 1230 4262 ἡττῆσθαι
1243 4194 1294 4250 Ed.

94 4267 189 4322 Sut'm
203 4273 258 4321 τὸν
269 4263 482 4320 λυσιτελούντων
494 4267 606 4320 con'ecit
617 4265 714 4338 Ηογεο.
723 4270 754 4322 τὸ
765 4271 922 4324 λυσιτελοῦν
933 4273 984 4322 τῶν
994 4267 1026 4321 Β.
1036 4267 1066 4320 τὸ
1078 4267 1235 4320 λυσιτελοῦν
1242 4265 1294 4320 Ed.

96 4339 136 4392 18.
152 4339 183 4394 ἐν
194 4355 252 4392 σω.
267 4335 342 4390 Aub.
421 4353 466 4392 πο.
485 4339 517 4390 τὸ
529 4339 695 4408 εναγγελιιιὸν
707 4341 748 4392 καί
760 4338 904 4394 θεσπέσιον
915 4337 1030 4409 κὴρνγμα
1044 4337 1076 4390 Β.
1088 4339 1124 4407 τῷ
1137 4336 1182 4418 εύα
1218 4339 1296 4409 ελικῷ

95 4409 265 4464 ἀθηνιῶ
299 4429 331 4474 τη
354 4405 442 4476 ’ματι
456 4405 508 4464 Ed.
621 4425 663 4462 αι.
682 4410 762 4463 πάλιν
774 4408 854 4464 habet
867 4409 910 4472 B„
924 4409 970 4462 sed
983 4409 1064 4462 πάλαι
1076 4407 1183 4478 conjlcit
1226 4425 1295 4478 ογιε.

96 4495 137 4532 τι.
155 4479 241 4546 δῆλον
281 4517 288 4532 .
303 4427 487 4548 limpham
499 4476 650 4534 emendavit
661 4489 692 4533 ut
704 4478 814 4534 adnotat
825 4480 882 4550 ipse
895 4478 966 4533 Aub.
1083 4491 1125 4548 25.
1144 4477 1297 4547 εὑρίσκομεν

97 4547 129 4602 Β.
144 4547 197 4602 Et.
208 4548 353 4618 εὐήνορα
364 4550 440 4604 Aub.
1016 4579 1023 4588 ·

138 4651 211 4698 voL
227 4651 267 4698 u.
709 4652 723 4694 1
