3238 5114
110 333 190 400 xvii.
207 357 317 426 12‚13.
351 339 408 404 IN
435 341 469 408 S.
494 342 750 408 JOANNEM.
796 344 973 411 LIB.XI.
1017 341 1200 409 CARIX.
1245 338 1310 404 699

111 499 256 587 ούδενὸς
285 501 328 586 τὸ
357 505 530 611 παράπαν
561 505 628 608 τῆν
654 515 728 590 τῶν
754 507 1063 591 πλεονεκτούντων
1090 505 1308 613 ἐξείργοντος

111 632 225 729 χεῖρα,
244 630 402 728 κειμένου
430 629 469 711 δέ
493 638 639 731 μᾶλλον
663 639 738 719 τοῖς
761 631 950 714 ἐθέλουσιν
978 633 1031 714 ἐπ’
1052 628 1218 738 ἐξουσίας
1245 631 1309 705 τοῦ

109 746 232 831 πάντα
245 756 334 855 δρᾶν
345 760 393 838 είς
406 788 533 840 ανταυς
551 755 812 855 αδιακωλύτως,
827 757 885 837 καὶ
898 753 1032 840 παντὸς
1046 753 1133 836 ε’ίσω
1147 749 1309 832 κινδύνου

111 878 247 954 καλεῖν.
286 877 371 956 ἀλλ’
394 883 423 958 εί
450 881 509 958 καὶ
536 883 648 986 σοφοὶ
677 883 735 960 καὶ
761 879 908 983 πατέρες
929 883 986 961 καὶ
1015 883 1079 979 τῆς
1106 872 1309 972 οῖκουμώιης

67 1033 94 1094 5
112 1000 306 1101 φωστῆρες
329 1001 534 1102 γεγόνασιν,
553 1003 617 1083 ούκ
642 1004 807 1104 ὀκνητέον
826 1009 943 1102 εἰπεῖν,
963 1007 1012 1089 ὡς
1033 1003 1102 1082 ἔδει
1123 997 1173 1099 μῆ
1198 996 1308 1098 μόνον
1352 1004 1465 1134 ucf'gm

111 1123 162 1203 εἷς
189 1118 255 1220 τήν
282 1122 458 1226 ἐνσαρκον
474 1127 678 1229 παρούσιαν
696 1129 917 1223 ἀποβλέπειν
936 1135 1001 1207 τοῦ
1018 1128 1186 1227 Σωτῆρος
1207 1121 1308 1220 ἡμῶν

111 1245 288 1344 Χριστοῦ,
307 1245 433 1327 είδέναι
451 1248 489 1330 δέ
512 1248 556 1350 δή
575 1249 629 1330 ὅτι
648 1255 706 1330 καὶ
724 1257 753 1332 εἰ
771 1255 835 1351 τῆς
856 1249 948 1355 πρὸς
966 1247 1093 1333 αύτούς
1112 1246 1309 1329 συνουσίας

110 1367 391 1474 ἀπονοσφίζοιτο
421 1372 512 1452 κατά
545 1372 676 1478 σάρκα,
708 1377 765 1454 καὶ
796 1381 825 1456 εί
862 1371 913 1475 μῆ
939 1381 1013 1458 τοῖς
1044 1379 1109 1454 τοῦ
1137 1369 1337 1469 σώματοςο

109 1491 227 1598 ὁρῷτο
251 1494 362 1597 τυχὸν
381 1497 595 1603 ὀφθαλμοῖς,
614 1498 716 1578 ἀλλά
740 1533 782 1601 γε
807 1495 970 1602 παρόντα
992 1503 1050 1577 καὶ
1066 1493 1224 1575 συνόντα
1249 1489 1309 1570 διά

44 1656 96 1698 ιο
109 1615 246 1699 παντὸς
267 1623 313 1724 τῇ
333 1623 397 1718 τῆς
417 1618 582 1720 θεότητος
600 1621 748 1729 ἐξουσίᾳ
765 1625 857 1726 χρῆν
875 1619 990 1722 δήπου
1007 1616 1151 1703 πάντως
1167 1619 1307 1696 ἐννοεῖν.

107 1736 198 1820 πότε
222 1738 295 1844 γάρ
324 1749 397 1823 τῶν
428 1743 525 1823 ἰδίων
553 1744 752 1843 ἰδιωμάτων
783 1743 980 1852 καταλήξει
1010 1741 1114 1840 Θεὸς,
1143 1739 1167 1841 ῆ
1198 1741 1236 1820 τί
1264 1738 1308 1820 τὸ

109 1865 348 1945 ἀντιστατοῦν
373 1871 418 1971 τῇ
442 1873 515 1947 τῶν
542 1866 640 1948 ὅλων
667 1867 850 1974 κρατούσῃ
873 1869 992 1977 φύσει,
1020 1869 1078 1948 καὶ
1102 1865 1305 1969 παραποδί-

109 1982 180 2086 ζειν
199 1987 309 2088 αύτῆν
325 1991 487 2094 καθάπερ
504 1991 549 2098 ἐξ
564 1991 722 2094 ἀνάγκης
738 1992 931 2092 δυνάμενον
948 1990 1039 2095 πρὸς
1057 1989 1099 2070 τὸ
1117 1991 1308 2092 ἐνεργῆσαι

109 2109 157 2189 τά
175 2112 323 2211 ἐαυτῆς;
351 2114 507 2218 ἐνέργεια
525 2113 563 2194 δέ
581 2118 640 2194 καὶ
663 2114 809 2215 δύναμις
827 2113 1035 2219 θεοπρεπὴς,
1053 2111 1096 2194 τῦ
1112 2109 1199 2192 εἶναι
1216 2146 1308 2193 παν-

49 2266 95 2329 15
110 2241 215 2341 ταχῇ,
234 2239 292 2316 καὶ
314 2247 478 2341 πληροῦν
494 2237 561 2339 μέν
578 2238 739 2343 ἀρῤήτως
761 2238 825 2320 τὸν
844 2239 1004 2343 οὐρανὸν,
1020 2243 1185 2340 πληροῦν
1202 2233 1240 2316 δέ
1262 2235 1308 2314 αὖ

108 2357 223 2440 πάλιν
240 2359 306 2462 τῆν
324 2366 404 2464 γῆν,
432 2365 490 2444 καὶ
518 2372 646 2468 χωρεῖν
672 2361 738 2464 μέν
759 2365 797 2444 ἐν
821 2369 926 2460 πᾶσι,
949 2367 1144 2469 χωρεῖσθαι
1171 2357 1209 2439 δέ
1238 2357 1307 2440 ὑπὸ

108 2481 270 2582 μηδενός.
309 2485 352 2565 ού
378 2483 450 2589 γὰρ
476 2487 576 2594 τόπερ
604 2485 822 2590 περιληπτδς
851 2489 872 2566 ὁ
901 2485 1003 2584 Θεὸς,
1030 2481 1053 2585 ῆ
1083 2480 1307 2583 διαστήμασι

108 2608 396 2710 περιωρισμένος,
424 2611 509 2689 ἀλλ’
537 2609 616 2691 ούδέ
652 2614 878 2718 περιγραφῆς
906 2610 993 2690 ε’ίσω
1024 2607 1130 2692 τινός·
1179 2611 1341 2686 παθεῖνᾱ

108 2729 182 2834 γάρ
209 2765 244 2811 τι
270 2733 475 2833 τοιοῦτονή
503 2731 643 2820 ἀποσύς
670 2767 709 2814 τε
738 2737 796 2814 καὶ
822 2727 998 2836 ἀμεγέθης
1027 2735 1084 2813 καὶ
1112 2730 1307 2831 ἀσώματος

52 2894 97 2936 20
110 2855 174 2936 ούκ
201 2855 363 2961 ἀνέχεται
388 2856 513 2963 φύσις.
552 2858 679 2938 οὐκοῦν
707 2857 847 2962 ἐπείπερ
874 2856 920 2957 ἦν
938 2857 1012 2956 ἅμα
1032 2855 1124 2940 Θεός
1151 2889 1189 2935 τε
1217 2855 1306 2952 ὁμοῦ

110 2979 170 3058 καὶ
194 2979 381 3084 ἅνθρωπος
400 2981 420 3060 ὁ
438 2979 612 3083 Χριστὸς,
629 2984 721 3085 χρῆν
744 2981 858 3081 δήπου
884 2981 1029 3065 ποίντως
1054 2979 1105 3079 μῆ
1129 2981 1307 3080 ἀγνοῆσαι

109 3099 192 3185 τούς
225 3103 397 3204 μαθητὰς,
425 3107 473 3188 ώς
501 3109 531 3184 εἰ
562 3106 620 3184 καὶ
650 3107 790 3185 ἀπεῖναι
821 3103 959 3208 γένοιτο
991 3109 1215 3204 σωματικῶς,
1228 3103 1307 3212 ,οῦκ

108 3223 418 3333 ἀπολειφθήσεται
451 3235 648 3324 παντελῶς,
676 3227 850 3309 συνέσται
878 3229 915 3308 δέ
943 3227 1095 3324 πάντως,
1124 3223 1216 3306 κατὰ
1242 3223 1306 3305 τὸν

108 3349 263 3454 ἀῤῥητον
280 3355 343 3450 τῆς
363 3357 580 3452 θεοπρεποῦς
607 3350 773 3458 ἐξουσίας
792 3349 917 3454 λόγον.
956 3349 1015 3430 διά
1032 3349 1104 3453 γάρ
1120 3383 1176 3429 τοι
1200 3355 1306 3429 τοῦτο

55 3497 95 3558 25
109 3479 168 3552 καὶ
192 3471 298 3558 αὐτὸς
320 3475 341 3554 ὃ
360 3473 489 3577 Σωτὴρ
506 3477 545 3554 ἐν
561 3473 626 3574 μέν
644 3482 718 3560 τοῖς
742 3473 998 3583 παρῳχηκόσιν
1016 3473 1118 3576 ε”λεγε
1145 3483 1167 3520 “
1183 3469 1306 3573 Πάτερ
1318 3507 1335 3552 ο
1348 3468 1455 3588 {2¹32

109 3605 131 3643 “
148 3593 238 3698 ἅγιε,
257 3597 418 3700 τήρησον
435 3597 562 3684 αὐτούς
587 3599 626 3677 ἐν
650 3603 701 3706 τῷ
726 3597 876 3698 ὀνόματί
897 3633 968 3680 σου
987 3595 1016 3706 ᾧ
1037 3593 1191 3680 δέδωκάς
1208 3595 1303 3694 μοι·”

108 3723 183 3800 νυνὶ
207 3720 244 3800 δέ
269 3719 383 3802 πάλιν
400 3719 487 3802 ’Ὀτε
504 3718 585 3828 ήμην
605 3727 679 3828 μετ’
700 3720 816 3820 αύτών,
835 3719 904 3826 ἐγώ
929 3723 1047 3829 ἐτήρουν
1070 3718 1185 3808 αὐτοῦς
1208 3719 1237 3800 ἐν
1259 3716 1305 3826 τῷ

108 3843 245 3949 ι’νίματί
260 3881 320 3924 σιν
333 3842 361 3954 ᾦ
376 3839 529 3931 δέδωκάς
542 3881 612 3952 μοι,
626 3847 816 3952 μονονουχὶ
834 3855 940 3927 τοῦτο
954 3850 1076 3946 δηλῶν
1093 3851 1166 3928 τοῖς
1180 3846 1306 3923 ἐαυτοῦ

107 3973 294 4068 μαθηταῖς,
317 3967 372 4048 ὅτι
400 3975 445 4074 τῆ
473 3973 537 4069 τῆς
564 3967 730 4070 θεότητος
757 3970 913 4076 ἐνεργείᾳ
939 3975 1084 4068 μᾶλλον
1102 3964 1147 4046 ἀν
1164 3965 1305 4068 πρέποι,

56 4133 97 4193 30
109 4093 166 4170 καὶ
196 4092 239 4172 ού
270 4095 315 4197 τῆ
344 4095 408 4192 τῆς
441 4090 578 4196 σαρκὸς
609 4094 802 4200 παρουσίᾳ,
835 4091 878 4174 τὸ
912 4091 1097 4194 διασώζειν
1129 4087 1309 4170 δύνασθαί

107 4241 215 4299 τινας·
248 4219 308 4294 καὶ
333 4213 422 4315 αύτῆ
441 4214 513 4319 γάρ
536 4216 557 4316 ῆ
579 4214 681 4323 σάρξ
703 4218 765 4296 ούκ
792 4217 836 4322 ἐξ
857 4215 982 4315 ἑαυτῆς
1005 4211 1178 4317 ἡγιάζετο,
1197 4218 1242 4317 τῇ
1267 4209 1306 4291 δέ

147 4447 188 4500 ιη.
207 4405 286 4499 ατη
301 4429 332 4485 ο.
346 4429 409 4500 ιιη
424 4429 475 4486 ιιι.
608 4449 648 4503 19.
667 4453 691 4486 π
706 4430 737 4485 E.
750 4451 790 4486 m
804 4429 855 4485 Ed.
981 4445 1023 4500 23.
1042 4425 1259 4499 ιιιιηφιηιηι.
1271 4425 1305 4482 ν..

109 4499 310 4642 θῆδτῆέίγθίιίῆ
437 4501 790 4644 ηαοδθιαάθὲἐιύῆῆέἐιτινος
802 4515 952 4642 ιτοιιςροῆῆί
965 4501 1143 4627 13⁹0me
1158 4498 1188 4552 h·
1203 4497 1306 4568 ΜΨ.

664 4673 758 4734 ιον
