3082 5112
262 273 372 384 372*
563 321 1158 388 B.cYR1LL1ALEXANDR.
1259 309 1465 395 σαυππε.
1532 315 1537 322 ·

264 486 323 564 καὶ
347 487 526 587 ἀμελλητὶ
548 491 705 591 δρᾶσθαι
730 485 903 582 βούλεται
927 484 1028 590 παρὰ
1052 493 1116 567 τοῦ
1139 479 1313 581 διαβόλου
1334 474 1381 558 τό
1403 475 1469 554 ε’πὶ
1538 557 1539 560 ,

264 613 316 716 τῷ
332 609 439 689 ποίθει
457 609 698 710 τολμήματος
731 611 789 689 καὶ
808 609 880 713 γὰρ
899 609 1070 712 ὑπηρέται
1087 605 1282 712 γεγόνασιν
1298 603 1471 683 Ἰουδαῖοι

263 735 323 810 καὶ
351 733 523 836 ὑπουργοὶ
550 739 623 814 τῶν
650 738 779 831 κακῶν,
808 733 893 812 ἀλλ’
923 732 1042 840 ἐκείνιρ
1070 731 1113 813 τὸ
1144 737 1218 812 πᾶν
1245 724 1472 826 ἐπιθήσομεν
1534 777 1538 786 ,

264 865 528 959 στρατηγοῦντι
546 855 638 961 πρὸς
657 857 876 964 μιαιφονίαν,
895 858 953 937 καὶ
970 858 1030 936 ἀπ’
1046 858 1168 961 ἀρχῶν
1186 851 1374 960 ἐξάρχοισι
1391 855 1473 931 τῶν

265 984 395 1058 κακῶν·
440 981 524 1060 ἀλλ’
556 985 586 1060 εί
623 983 682 1060 καὶ
718 979 867 1087 σφόδρα
903 977 1000 1092 δεινὰ
1030 977 1075 1060 τιὶ
1110 983 1159 1063 εἷς
1194 972 1359 1080 Χριστόν
1391 979 1471 1055 τῶν
1489 992 1521 1066 5,

266 1101 424 1183 ἀνοσίων
445 1105 627 1185 Ἰουδαίων
651 1101 877 1204 τολμήματα,
900 1107 959 1184 καὶ
986 1101 1168 1211 ἀφόρητος·
1195 1107 1268 1183 τῶν
1291 1131 1467 1201 σταυρω-
1538 1129 1539 1132 ’

237 1225 454 1328 θυόντωνὴ
478 1230 590 1330 ὕβρις,
609 1229 694 1307 ἀλλ’
714 1225 790 1334 ᾔδει
815 1235 880 1308 τοῦ
903 1224 1040 1312 πόθους
1063 1225 1106 1307 τὸ
1129 1225 1256 1330 πέρας,
1278 1225 1336 1304 καὶ
1360 1221 1399 1302 τί
1420 1219 1470 1302 τὸ

266 1352 426 1430 ἐντεῦθεν
445 1349 736 1452 ἀποβησόμενον.
775 1350 906 1450 έμελλε
925 1349 996 1456 γὰρ
1014 1348 1073 1430 διὰ
1089 1357 1153 1430 τοῦ
1170 1349 1286 1447 τιμίου
1304 1353 1473 1448 σταυροῦ

266 1480 459 1554 πεσεῖσθαι
490 1474 557 1574 μὲν
584 1481 632 1559 είς
662 1472 704 1555 τὸ
732 1472 962 1574 παντελές’ἡ
991 1482 1056 1554 τοῦ
1084 1467 1258 1569 διαβόλου
1286 1472 1468 1572 τυραννὶς,

267 1603 525 1700 καταργεῖσθαι
549 1601 606 1677 καὶ
629 1597 792 1696 θάνατος,
817 1600 876 1677 καὶ
903 1597 945 1678 τὸ
972 1601 1038 1697 τῆς
1065 1601 1204 1704 φθορᾶς
1228 1592 1471 1702 ἀφανίζεσθαι
1492 1630 1536 1672 1·

267 1719 407 1824 κρότος,
424 1719 654 1802 ἀπολόεσθαί
675 1755 713 1800 τε
738 1725 803 1821 τῆς
828 1721 978 1826 ἀρχαίας
1003 1721 1133 1820 ἐκείνης
1155 1722 1243 1824 ἀρᾶς
1261 1715 1303 1798 τὸ
1322 1716 1467 1818 ἀνθρώ-

267 1878 372 1924 πινον
390 1879 503 1946 γενος,
522 1845 695 1950 ἀργήσειν
713 1849 961 1950 προσεδοκᾶτο
983 1841 1148 1925 λοιπδν’
1130 1878 1169 1923 εκ
1191 1841 1471 1950 φιλανθρωπίας·

98 1967 180 2099 zm·
156 1968 209 2017 ·¹¹¹·
268 1971 326 2048 καὶ
344 1967 490 2074 χάριτος
511 2003 576 2050 του
559 1970 809 2072 Σωτῆρος
789 1975 891 2070 ημῶν
908 1975 1083 2073 Χριστοῦ,
1102 2002 1145 2048 το
1135 1967 1185 2015 ’“
1200 1970 1252 2046 Γ
1231 2001 1253 2066 η
1278 1962 1312 2044 εἶ
1333 1967 1392 2043 καὶ
1416 1968 1473 2046 εἰς·

98 2100 141 2149 Ρ·
153 2115 202 2149 ew.
269 2103 290 2140 “
308 2096 379 2195 γῆν
406 2093 629 2198 ἀπελεόσῃῃ
658 2093 811 2192 ἔμελλεν
839 2095 898 2142 “’
876 2095 1006 2193 ανομία
1035 2093 1170 2192 πῶσα,”
1189 2087 1281 2170 κατὰ
1309 2086 1375 2192 τὴν
1401 2095 1471 2168 τοῦ

98 2181 210 2295 '1²41A.
237 2215 457 2370 επροφήτου
479 2216 615 2325 φωνὴν,
634 2213 929 2326 “gmpdffew
892 2251 935 2296 το
961 2217 1084 2368 στόμμ
1110 2215 1249 2314 αὐτῆτ,”
1270 2247 1329 2293 και
1352 2245 1467 2310 κατη·
1491 2253 1538 2313 15

268 2348 389 2444 γορεῖν
406 2377 473 2440 μεν
494 2342 610 2422 οὐκέτι
634 2349 706 2422 τῶν
729 2341 787 2422 ὑπ’
807 2339 919 2442 αὐτὴν
939 2339 1149 2444 γεγονότων,
1167 2337 1403 2445 ἀφανίζεσθαι
1427 2335 1472 2417 δὲ

268 2471 456 2548 παντελῶς
480 2464 637 2564 ἔμελλον
656 2470 689 2544 οἱ
715 2463 807 2545 κατὰ
831 2471 958 2546 πᾶσαν
975 2463 1042 2564 τὴν
1059 2462 1265 2562 οἰκουμένην
1286 2459 1350 2542 τὸν
1370 2462 1467 2558 ἀλη-

207 2609 213 2622 ’
269 2593 341 2672 θῶς
369 2586 479 2694 φύσει
507 2590 565 2666 καὶ
592 2587 703 2686 μόνον
725 2589 790 2668 οὐκ
817 2586 948 2671 εἰδότες
973 2584 1080 2685 Θεὸν,
1099 2585 1134 2666 οἳ
1159 2591 1205 2690 τῇ
1229 2590 1277 2669 είς
1302 2581 1473 2688 Χριστὸν

258 2710 512 2790 Ιδεδικαίοινται
543 2710 676 2809 πίστει,
708 2708 994 2815 ἀνοιχθήσεσθαι
1029 2706 1160 2790 λοιπὸν
1192 2711 1214 2808 ἡ
1248 2717 1312 2788 τοῦ
1344 2741 1468 2810 παρα-

269 2835 392 2915 δείσου
416 2839 663 2937 προσεδοκᾶτο
686 2832 800 2934 πύλη·
842 2833 974 2933 ἔμελλε
1003 2841 1076 2918 τοῖς
1104 2831 1275 2914 ἀνωτάτω
1298 2828 1345 2911 τὰ
1369 2828 1473 2911 κάτω
1492 2881 1539 2922 20

193 2963 210 3012 '·
269 2957 532 3056 συνάπτεσθαι,
559 2959 860 3059 καλοίυοίγεσθαι
892 2955 958 3056 μέν
985 2954 1164 3060 οὐρανοὺς,
1191 2953 1284 3036 κατὰ
1310 2952 1377 3055 τὴν
1403 2963 1474 3036 τοῦ

271 3086 440 3186 Σωτῆρος
464 3081 602 3188 φωνήν·
632 3080 679 3161 τὰ
704 3080 742 3162 δὲ
767 3087 840 3161 τῶν
859 3080 971 3182 ἁγίων
992 3078 1162 3182 ἀγγέλων
1183 3078 1352 3182 τάγματα
1376 3081 1471 3156 ἀνα-

270 3207 408 3302 βαίνειν
435 3209 493 3286 καὶ
521 3204 748 3302 καταβαίνειν
775 3207 834 3286 ε’πὶ
861 3203 926 3286 τὸν
953 3201 1030 3286 υἱὸν
1057 3213 1122 3284 τοῦ
1149 3202 1351 3304 ἀνθρώπου.
1394 3197 1475 3281 εἶτα

238 3329 459 3410 δτοσοιίτων
487 3329 566 3410 εἶπέ
592 3363 655 3428 μοι
682 3329 993 3433 προσδοκωμένων
1022 3330 1180 3430 ἀγαθῶν,
1210 3329 1269 3408 καὶ
1299 3331 1474 3428 λαμπρῶς

272 3455 386 3537 οὕτως
402 3453 548 3538 ἐλπίδος
571 3452 846 3554 ἀνατικτομένητ
870 3453 955 3551 ἡμῖν
973 3451 1031 3532 διὰ
1055 3459 1120 3531 τοῦ
1145 3450 1325 3553 σωτηρίου
1349 3482 1470 3528 σταυ-
1490 3496 1507 3536 2
1514 3491 1533 3552 5

271 3584 350 3680 ροῦ·
380 3582 458 3659 πῶς
485 3577 549 3656 οὐκ
576 3575 644 3655 ἔδει
670 3573 734 3654 τὸν
753 3574 819 3675 τὴν
841 3575 1014 3678 ἡμετέραν
1034 3573 1244 3680 διψήσαντα
1269 3572 1469 3674 σωτηρίαν,

273 3696 333 3778 διαί
349 3732 389 3778 τε
411 3705 516 3778 τοῦτο
540 3701 622 3778 καθ’
643 3698 736 3798 ἡμᾶς
760 3696 935 3801 γεγονότα
960 3699 1067 3803 χωρίς
1092 3697 1276 3802 ἁμαρτίας,
1294 3695 1358 3776 τὸν
1375 3697 1471 3776 οὕτω

274 3819 490 3924 τριπόθητον
514 3821 720 3923 ε’πείγεσθαι
746 3823 896 3916 βλέπειν
920 3821 988 3921 ἤδη
1015 3819 1178 3924 παρόντα
1206 3817 1355 3922 καιρόν,
1393 3825 1473 3903 πῶς·

275 3943 313 4024 δὲ
351 3947 416 4026 οὐκ
447 3946 557 4050 ἐχρῆν
588 3943 652 4026 τὸν
683 3942 787 4025 οὐδέν
815 3942 932 4025 εἰδότα
964 3942 1074 4024 κακὸν
1101 3947 1377 4050 καταφρονῆσαι
1407 3941 1475 4039 μὲν

274 4074 347 4149 τῶν
378 4071 419 4149 ἐκ
454 4071 665 4168 διαβολικῆτ
701 4069 914 4172 κακουργίας
950 4067 1234 4166 ἐσκευασμένων,
1266 4064 1474 4168 ἐπείγεσθαι
1489 4111 1531 4168 30

311 4289 338 4337 4.
354 4268 735 4358 πόντυνρτοάπαρχῶνῦαὶῒ.
927 4266 953 4323 6.
971 4269 1159 4338 τολμῶμευαα.
1152 4266 1292 4360 ,τολμηρσ
1256 4265 1473 4336 Ἢωὴεὴηὶο

276 4335 399 4396 (δοτδ.Ι
546 4353 572 4412 7
588 4338 681 4411 πέρσε]
698 4346 727 4404 4·
742 4337 939 4410 Xpmascntt.
1127 4355 1168 4394 10.
1188 4361 1230 4393 και
1242 4337 1363 4408 ρτίιιοΕ.
1375 4337 1404 4392 δε
1418 4338 1471 4394 Ed.

278 4426 319 4477 14.
339 4409 524 4468 ἀπιλευσιιΕ.
652 4425 693 4478 15.
711 4410 742 4464 τὸ
754 4417 923 4479 assumptum
936 4409 1015 4464 οκΕ.
1028 4409 1184 4480 (Vnt.)cs.'
1177 4425 1205 4463 m
1218 4357 1367 4482 xi1P.Proph
1380 4423 1471 4479 471⁸,

505 4497 548 4537 αι.
567 4481 689 4552 ουρανονε
701 4479 839 4536 emendam
850 4487 911 4551 post
925 4479 1027 4550 Migne
1039 4481 1146 4552 ουρανοι
1158 4477 1230 4534 Aub
1365 4495 1409 4546 ²4·
1427 4501 1472 4534 το-
