3118 5132
233 377 238 387 .
303 321 368 386 ους
606 323 646 390 Β.
668 323 875 390 cmm
904 323 1191 390 ALEXANDR.
1367 309 1517 398 111138·

304 491 362 566 καὶ
384 489 405 566 ὁ
426 491 489 587 τῆς
511 486 666 591 Μάρθας
684 490 851 591 τέθνηκεν
869 489 1039 597 ἀδελφὸς,
1059 493 1152 598 φημὶ
1172 487 1216 590 δὴ
1234 487 1298 568 τὸν
1317 480 1512 587 Λάζαρον,

135 599 223 716 3⁹1¹}
272 611 396 712 οὲγνω
420 611 534 692 πάλιν
551 615 600 696 ὡς
622 612 727 710 θεὸς,
745 611 821 694 εἶτα
845 613 944 717 λέγει
968 623 1043 700 τοῖς
1066 619 1240 714 μαθηταῖς
1259 605 1459 710 “’Λάζαρος
1490 605 1516 682 ὃ

304 745 326 783 “
343 734 454 842 φίλος
491 736 592 834 ἡμῶν
623 739 838 838 κεκοίμηται,
870 737 971 818 ἀλλά
1001 737 1196 842 πορεύομαι
1229 737 1288 816 ἵνα
1318 729 1516 839 ε’ξιπνάτω

303 867 325 906 “
343 855 486 938 αι’πόν.”
533 859 625 963 πρὸς
662 861 701 941 δὲ
736 861 843 943 τοῦτό
877 871 994 969 φασιν
1025 863 1070 970 ἐξ
1103 858 1247 964 ἀγάπης
1279 863 1313 937 οῖ
1343 853 1519 955 μαθηταί

207 1017 214 1032 ·
303 992 325 1030 “
346 987 428 1062 Νῦν
464 981 608 1086 ἐζήτουν
644 1019 689 1065 σε
721 986 886 1066 Ἰουδαῖοι
922 985 1083 1084 λιθάσαι,
1115 987 1174 1065 καὶ
1209 982 1322 1064 πάλιν
1354 976 1535 1077 ῦπάγειςν

305 1115 327 1154 “
344 1108 417 1186 ἐκεῖ
426 1108 457 1202 ;”
486 1107 725 1207 ἀνισταμένου
743 1107 782 1188 δὲ
799 1117 865 1190 τοῦ
881 1115 1059 1213 Χριστοῦ,
1078 1112 1135 1189 καὶ
1153 1105 1195 1188 τῦ
1214 1110 1342 1212 χρῆναι
1358 1099 1516 1185 πάντως

303 1230 360 1310 ἐπὶ
378 1228 445 1330 τὴν
457 1237 530 1310 τῶν
543 1233 725 1312 Ἰουδαίων
744 1234 994 1333 ῦπονοστῆσαι
1012 1234 1135 1339 χώραν
1154 1225 1446 1326 διακελευομένου
1468 1259 1515 1304 τε

220 1393 226 1408 ·
304 1356 363 1434 καὶ
381 1353 561 1456 λέγοντος·
582 1365 603 1403 “
615 1361 751 1457 Θωμᾶς
769 1360 790 1436 ὁ
809 1358 1002 1460 λεγόμενος
1014 1359 1173 1456 Δίδυμος
1190 1361 1264 1438 τοῖς
1282 1351 1411 1455 ἑτέροις
1430 1349 1514 1454 ἔφη

280 1486 326 1532 ·“
344 1484 598 1579 συμμαθηταῖς
620 1477 796 1582 Ἀγωμεν
826 1486 885 1562 καὶ
922 1481 1032 1581 ἡμεῖς,
1063 1480 1122 1560 ἵνα
1158 1477 1394 1573 ἀποθάνωμεν
1423 1474 1511 1570 μετ’

304 1609 327 1648 “
344 1600 491 1684 αῦτοῦ.”
524 1611 687 1684 τοιοῦτον
710 1600 812 1700 οἶμαί
834 1639 870 1684 τι
896 1607 956 1684 καὶ
982 1605 1047 1684 τὸν
1072 1611 1146 1682 τῶν
1166 1602 1307 1703 Πέτρου
1333 1594 1537 1702 ῥημάτων]

304 1726 441 1806 ὠδίνειν
468 1724 621 1807 σκοπόν.
666 1727 775 1807 οἴεται
802 1727 875 1831 γάρ
902 1728 1002 1826 ἰ’σως,
1028 1725 1190 1830 καθάπερ
1218 1724 1286 1824 ἤδη
1313 1727 1510 1827 προεῖπον,

271 1851 596 1953 ᾱάποδραμεῖσθαί
610 1885 672 1931 ποι
691 1852 953 1959 διακηρύξοντα
970 1851 1035 1932 τὸν
1047 1849 1203 1950 Ἰησοῦν,
1217 1852 1276 1928 καὶ
1293 1843 1514 1927 κινδυνεύειν

304 1971 415 2056 αῦτῦν
438 1975 522 2078 παρ’
543 1976 699 2060 ἐκείνοις·
729 1974 788 2055 διὰ
815 1983 922 2056 τοῦτο
949 1979 1008 2056 καὶ
1035 1972 1152 2071 αὐτὸς,
1170 1974 1312 2074 ἐπείπερ
1339 1972 1439 2049 ἐστὶν
1466 1968 1517 2074 ἐξ

304 2095 449 2202 ἀγάπης
476 2096 680 2196 ἀκάθεκτος,
706 2097 849 2204 ἄμαχόν
876 2102 1041 2179 τινακαὶ
1069 2097 1410 2198 δυσανταγώνιστον
1438 2092 1514 2192 τὴν

305 2229 354 2309 είς
381 2231 489 2305 τοῦτο
518 2224 722 2327 προθυμίαν
750 2224 864 2304 οἴσειν
890 2220 1169 2326 ἐπαγγέλλεται,
1196 2219 1298 2300 οῦδὲν
1326 2218 1377 2298 ἔτι
1404 2243 1539 2296 παν-1

304 2354 420 2432 τελεῖς
452 2350 711 2453 ὑπολελεῖφθαι
744 2347 863 2449 λέγων
895 2345 937 2426 τὸ
971 2345 1179 2426 διακωλύειν
1211 2344 1353 2449 ἰσχύον,
1389 2343 1512 2421 καίτοι

304 2472 456 2553 ἕπεσθαι
484 2474 558 2551 δεῖν
582 2471 770 2574 ᾑρημένον,
794 2471 939 2574 ἐπείπερ
965 2471 1062 2579 αὐτῷ
1088 2472 1147 2551 καὶ
1173 2464 1410 2572 προτεθνάναι
1439 2473 1512 2544 τοῦ

305 2594 530 2676 διδασκάλου
558 2591 709 2678 σκοπός.

254 2857 533 2950 33Ἀποκρίνεται
572 2862 592 2928 ὁ
625 2862 751 2928 Ἰιισοῦε
790 2862 860 2928 Τὴν
895 2864 1000 2950 ψυχήν
1038 2885 1096 2929 σου
1135 2861 1216 2950 ὑπὲρ
1256 2861 1336 2937 ἐμοῦ
1373 2858 1509 2940 θήσεις,

277 3008 296 3051 ο
357 2985 446 3064 ἀμεῖν
481 2987 568 3064 ἀμῦν
603 2988 691 3062 λέςω
725 3011 787 3069 σοι,
822 2989 860 3055 οὐ
895 2988 939 3067 μιὶ
976 2989 1127 3077 ἀλέκτωρ
1166 2989 1326 3076 φωνήσει,
1361 2989 1424 3051 &wc
1468 2981 1540 3050 οὖν

356 3113 533 3205 ἀπαρνήσῃ
560 3137 600 3190 με
627 3113 709 3204 τρία.

365 3279 524 3382 Μείζονα
548 3275 654 3380 μένῆ
681 3281 762 3359 καθ’
784 3278 910 3360 ἑαυτὸν
931 3281 951 3358 ὁ
976 3280 1113 3387 Πέτρος
1137 3273 1416 3381 ἐπαγγέλλεται,
1438 3273 1511 3355 κάν

307 3399 533 3508 ἀξιάγαστον
561 3402 626 3508 ἔχη
653 3401 719 3502 τὴν
747 3405 805 3483 ε’πὶ
833 3403 949 3511 τούτῳ
976 3401 1152 3502 σπουδήν·
1189 3409 1254 3482 τοῦ
1281 3399 1396 3502 γεμὴν
1416 3401 1506 3478 ε’σο·

307 3525 416 3624 μένου
443 3531 617 3630 χειμῶνος
643 3525 686 3605 τὸ
714 3527 864 3625 ἀμειδές,
887 3531 945 3606 καὶ
974 3527 1170 3607 δύσοιστον
1192 3535 1257 3606 τοῦ
1284 3534 1507 3628 πειρασμοῦ,

309 3650 368 3727 καὶ
385 3656 451 3727 τοῦ
469 3652 629 3749 διωγμοῦ
654 3647 697 3729 τὸ
721 3648 871 3752 μέγεθος
893 3649 1066 3750 ἐννοήσας
1084 3652 1104 3730 ὃ
1123 3649 1296 3752 Χριστὸς,
1314 3651 1509 3754 μονονουχὶ
1526 3674 1540 3714 ²

139 3797 256 3858 πολ.
278 3810 298 3851 α
310 3772 490 3852 κατασείει
508 3770 575 3872 τὴν
592 3769 768 3879 κεφαλὴν,
788 3771 876 3853 ὅλον
894 3773 932 3853 δὲ
951 3771 1077 3878 ὥσπερ
1092 3775 1132 3854 έν
1150 3775 1355 3882 ὀφθαλμοῖς
1374 3772 1506 3852 ἀπλώ-

310 3925 381 3977 σας
397 3890 440 3972 τὸ
457 3888 583 3988 πάθος,
603 3895 660 3971 καὶ
677 3895 741 3991 τῆς
759 3893 941 3972 Ἰουδαίων
960 3893 1081 3977 ἀνοίας
1098 3893 1285 3996 θεωρήσας
1310 3891 1376 3993 τὴν
1396 3895 1507 3996 ὑπερ·

309 4014 440 4116 βολὴν,
458 4015 711 4115 διασκοπήσας
729 4015 767 4095 δὲ
790 4015 836 4094 τά
859 4015 1016 4115 ἐσόμενα
1035 4017 1110 4096 κατ’
1130 4019 1241 4097 ἐκεῖνο
1259 4023 1393 4121 καιροῦ,
1411 4016 1510 4121 τάχα

309 4173 345 4218 τι
369 4147 530 4219 τοιοῦτον
554 4142 739 4244 ἀναφωνεῖ
754 4137 816 4232 Τῖμ
838 4131 967 4250 ψυχην,
987 4135 1016 4218 ὦ
1036 4136 1161 4244 Πέτρε,
1179 4137 1260 4248 ὑπὲρ
1286 4142 1367 4244 ἐμοῦ
1389 4139 1506 4241 τίθης,

310 4263 370 4342 καὶ
405 4261 448 4342 τὸ
484 4261 595 4361 μηδὲν
627 4258 715 4341 εἶναι
748 4257 823 4368 φῂς
855 4260 919 4342 τὸν
951 4265 1009 4342 ἐπὶ
1041 4261 1157 4371 τούτῳ
1190 4261 1336 4369 φόβον;
1375 4261 1432 4342 ὅτι
1470 4277 1539 4342 τε3

311 4487 390 4602 EVA·
407 4474 602 4568 ἡρημέναιηψ
636 4477 668 4532 tit
680 4475 1104 4570 προθυμίαν-ᾔρημέγοναοιιμτο
1116 4476 1149 4532 Ε.
1182 4547 1189 4568 ,
1270 4493 1311 4558 ιη.
1329 4475 1508 4548 'Ampium

337 4585 344 4602 .
389 4545 496 4619 πεκριθη
509 4569 577 4621 αυτῳ
615 4547 642 4604 d.
751 4565 794 4605 20.
812 4548 947 4619 δνρῐοον
960 4547 993 4604 Ε.
1101 4563 1144 4618 ²9·
1163 4547 1241 4605 τιθεις
1253 4547 1356 4618 M1gne.
