3274 5118
105 359 206 428 xv.9‚
223 363 272 414 10.
296 335 360 411 ἸΝ
391 347 426 416 S.
449 347 709 416 JOANNEM.
754 349 851 414 LIB.
875 349 917 414 X.
962 346 1135 414 cAP.11.
1241 343 1305 406 569

158 511 250 620 ,Ποὺ
268 520 467 616 τοιγαροῦν,
486 511 509 615 ἢ
527 515 635 596 ποίαν
652 522 718 596 τοὺ
732 511 878 616 Πατρὸς
897 511 1085 616 τετήρηκεν
1103 505 1262 608 ἐντολὴν,
1281 501 1305 606 ἢ

108 631 169 710 καὶ
196 632 277 714 τίνα
303 635 438 738 τρόπον
466 637 677 740 ἡγαπῆσθαι
695 639 868 741 λέγεσθαι
885 638 968 742 παρ’
989 637 1108 734 αὑτοῦ,
1126 631 1302 738 ζητητέον.

108 755 282 858 παρέστω
300 768 490 863 τοιγαροῦν
504 765 652 846 Παῦλος
671 763 691 841 ό
710 761 937 868 σοφώτατος,
951 762 1009 840 καὶ
1024 755 1305 860 μυσταγωγείτω

109 877 231 980 λέγων
257 884 339 984 περὶ
366 884 487 982 αὑτοῦ,
514 887 562 970 ὡς
589 887 627 964 ἐν
652 891 777 991 μορφῇ
801 883 867 984 μὲν
895 886 1031 988 ὑπῆρχε
1051 889 1158 978 Θεοῦ,
1185 880 1303 958 “ιὶλλ’
1351 861 1456 994 ξᾞῧ·

74 1011 135 1078 5“
152 1001 279 1084 ἑαυτὸν
305 1006 455 1087 ε’κένωσε
482 1007 629 1115 μορφὴν
653 1009 784 1089 δούλου
808 1007 946 1106 λαβὼν,
963 1011 1001 1087 ἐν
1025 1006 1221 1106 ὁμοιώματι
1239 1006 1303 1082 άν-

110 1134 135 1172 “
152 1126 308 1230 θρώπων
340 1127 536 1231 γενόμενος,
570 1135 628 1212 καὶ
665 1133 826 1238 σχήματι
862 1133 1010 1236 εὑρεθείς
1042 1133 1090 1214 ὡς
1120 1129 1341 1232 όίνθρωποςῑ)

112 1257 135 1296 “
154 1253 406 1334 τεταπείνωκεν
432 1253 571 1354 ἑαυτὸν,
602 1254 791 1357 γενόμενος
822 1253 977 1355 ὑπήκοος
1007 1253 1112 1358 μέχρι
1140 1247 1308 1348 θανάτου,

111 1379 134 1419 “
150 1372 307 1456 θανάτου
334 1375 372 1458 δὲ
398 1385 572 1481 σταυροῦ·
607 1376 740 1460 διὸκαὶ
769 1379 790 1457 ό
822 1374 914 1462 Θεὺς
946 1373 1055 1457 αὑτὸν
1088 1375 1308 1480 ὑττερύψωσε

110 1505 133 1542 “
153 1500 212 1576 καὶ
230 1499 423 1603 ἐχαρίσατο
441 1501 538 1608 αὑτῷ
555 1498 668 1602 ὄνομα
692 1499 734 1582 τὸ
759 1499 847 1605 ὑπὲρ
868 1507 941 1582 πᾶν
962 1497 1103 1598 ὅνομα.”
1145 1496 1308 1598 ἀκήκοας,

56 1644 96 1688 ¹0
111 1617 210 1704 ὅπως
228 1621 341 1702 καίτοι
360 1622 453 1710 Θεὸς
472 1621 642 1729 ὑπάρχων
659 1621 838 1724 ἀληθινὸς,
858 1621 918 1702 ἅτε
944 1619 988 1723 δὴ
1011 1625 1070 1702 καὶ
1092 1619 1310 1728 σόμμορφος

110 1748 163 1849 τῷ
191 1742 327 1849 τεκόντι
356 1749 485 1850 Πατρὶ,
507 1748 758 1828 τεταπείνωκεν
784 1744 910 1826 ἑαυτὸν
938 1743 1126 1848 γενόμενος
1156 1743 1310 1844 ὑπήκοος

110 1865 217 1970 μέχρι
236 1865 417 1972 θανάτους
448 1871 566 1972 ἐπειδὴ
585 1869 657 1973 γὰρ
679 1873 860 1950 διασῶσαι
884 1866 926 1948 τὸ
944 1866 1235 1974 κατεφθαρμένον
1251 1869 1309 1950 ε’πὶ

110 1993 181 2090 γῆς
204 1989 306 2091 γένος
330 1991 573 2087 ἐβουλεύσατο
591 1994 611 2074 ὁ
630 1991 722 2077 Θεὸς
746 1995 803 2073 καὶ
824 1990 963 2094 Πατὴρ,
983 1991 1046 2072 οὑκ
1070 1990 1114 2092 ἦν
1137 1989 1175 2072 δὲ
1202 2000 1308 2072 τοὺτο

112 2115 280 2194 διανῦσαι
307 2115 406 2214 θέμις
432 2123 505 2196 τῶν
523 2119 561 2196 ε’ν
577 2113 716 2220 γενέσει
733 2119 812 2214 τινί,
829 2121 955 2196 πᾶσαν
973 2111 1097 2218 ὥσπερ
1122 2113 1188 2213 τὴν
1205 2116 1338 2194 {voa-0

58 2269 97 2332 15
114 2269 189 2316 σαν
223 2243 268 2342 τῇ
305 2240 419 2319 κτίσει
452 2239 600 2338 δύναμιν
637 2243 888 2338 άναπηδῶντος
924 2245 988 2318 τοῦ
1023 2237 1308 2340 κατορθώματος,

113 2359 222 2446 αὑτὸς
253 2361 362 2443 ὑπέδυ
394 2361 459 2463 τὴν
491 2363 703 2462 οἰκονομίαν,
732 2365 752 2442 ὁ
783 2362 973 2464 γινώσκων
1004 2361 1046 2442 τὸ
1076 2361 1216 2462 θέλημα
1244 2368 1309 2440 τοῦ

114 2488 211 2564 Θεοῦ
243 2488 301 2565 καὶ
332 2484 476 2589 Πατρὸς
505 2485 596 2570 Θεὸς
627 2485 848 2590 Μονογενής.
889 2484 1020 2588 κατέβη
1051 2484 1088 2565 δέ
1121 2485 1233 2567 οὕτως
1262 2489 1311 2568 εἷς

113 2607 277 2687 ἑκούσιον
309 2607 503 2712 ὑποταγὴν,
536 2612 584 2696 ὡς
613 2612 671 2692 καὶ
699 2609 803 2716 μέχρι
833 2607 988 2690 θανάτου
1015 2607 1222 2690 καθικέσθαι
1251 2609 1310 2688 καὶ

111 2728 241 2812 τούτου
268 2729 493 2832 άτιμοτάτου.
538 2731 581 2814 τὸ
609 2731 681 2836 γὰρ
708 2733 929 2841 ἐξηρτῆσθαι
959 2739 1130 2836 σταυροῦ,
1159 2737 1236 2815 πῶς
1266 2728 1311 2810 ἂν

59 2891 99 2934 20
112 2852 166 2954 εἴη
193 2855 320 2953 τίμιον,
341 2863 488 2953 μᾶλλον
511 2854 549 2936 δὲ
573 2862 650 2942 πῶς
679 2858 746 2962 οὑχ
775 2854 921 2956 ἁπάσης
950 2856 1095 2962 ἀδοξίας
1123 2853 1306 2950 ἐπέκεινα,

112 2975 233 3079 ἐπειδὴ
252 2977 296 3078 δὴ
315 2978 353 3060 δὲ
375 2988 489 3060 ταῦτα
513 2977 660 3079 ὑιτείττη,
679 2982 805 3086 φησὶν,
824 2981 845 3058 ὑ
864 2977 957 3064 Θεὸς
982 2977 1090 3058 αὑτὸν
1114 2977 1309 3082 ὑπερύψω-

112 3131 192 3182 σεν·
234 3103 360 3182 οὐκοῦν
378 3103 479 3208 ἔχεις,
497 3104 535 3182 έν
551 3101 680 3208 μέντῇ
706 3101 796 3182 κατὰ
820 3101 971 3202 θελησιν
996 3103 1132 3205 ὑπακοῇ
1157 3105 1229 3177 τῶν
1246 3107 1311 3178 τοῦ

115 3225 262 3330 Πατρὸς
275 3225 531 3326 βουλευμάτων
547 3224 614 3322 τὴν
631 3223 835 3329 πλήρωσιν·
866 3221 890 3304 δι
907 3226 965 3305 καὶ
984 3226 1022 3304 ε’ν
1039 3222 1137 3330 τάξει
1155 3223 1344 3302 ε’ντολῶνᾶ

114 3357 211 3456 φησι
228 3351 396 3454 γενέσθαι
418 3349 509 3454 πρὸς
531 3347 640 3430 αὑτὸν
655 3350 675 3430 ὁ
693 3347 792 3434 Υἱός.
827 3351 946 3433 συνεὶς
965 3346 1036 3452 γὰρ
1055 3351 1102 3431 ὡς
1122 3343 1241 3447 Λόγος
1266 3342 1312 3425 τὰ

58 3506 99 3567 ²5
113 3476 153 3554 ἐν
173 3477 291 3578 Πατρὶ
313 3473 514 3574 σκέμματα,
534 3475 592 3554 καὶ
611 3479 674 3552 τοὺ
692 3470 853 3556 τεκόντος
871 3471 979 3552 αὑτὸν
997 3470 1043 3552 τὸ
1060 3467 1158 3571 βάθη
1177 3473 1310 3572 διερευ-

115 3597 282 3697 νώμενος,
299 3605 444 3698 μᾶλλον
463 3597 501 3678 δὲ
523 3593 629 3682 αὐτὸς
657 3595 866 3702 ὑπάρχωνὴ
884 3596 1002 3702 σοφία
1029 3597 1087 3676 καὶ
1115 3594 1137 3694 ἡ
1166 3592 1313 3690 δύναμις

113 3728 180 3802 τοῦ
200 3719 355 3824 Πατρὸς,
375 3727 423 3804 εἰς
449 3721 555 3824 ἔργον
573 3720 651 3821 ἄγει
676 3719 718 3800 τὸ
747 3717 869 3826 δόξαν,
887 3724 935 3802 εἷς
959 3716 1071 3800 τόπον
1093 3715 1179 3798 αὑτὸ
1207 3719 1314 3801 τιθείς

114 3847 274 3945 ἐντολῆς,
292 3847 350 3924 καὶ
369 3841 551 3948 ὀνομάζων
569 3845 681 3928 οὕτως
699 3840 1023 3946 ἀνθρωπινώτερον·
1057 3841 1172 3938 βλέπε
1191 3839 1229 3920 δὲ
1247 3842 1314 3919 κάν

114 3969 230 4079 τούτῳ
258 3973 322 4068 τῆς
354 3967 497 4069 ἀγάπης
524 3963 567 4047 τὸ
604 3965 746 4070 μέτρον.
800 3963 1019 4070 ὑιτερὺψωσε
1049 3963 1121 4068 γὰρ
1152 3960 1261 4042 αὑτὸν
1293 3963 1314 4040 ό

61 4131 102 4188 30
117 4091 221 4191 Θεὸς,
233 4093 341 4200 φησί·
372 4090 436 4172 τὸν
455 4087 602 4198 ὑίαηλὸν
616 4089 683 4189 ἤδη
696 4091 754 4169 καὶ
773 4088 1037 4195 δεδοξασμένον
1056 4090 1238 4190 ὑπερνψοῖ
1253 4085 1313 4162 καὶ

116 4214 265 4326 δοξάζει,
293 4216 407 4298 καίτοι
430 4213 524 4300 Θεὸς
547 4211 639 4298 κατὰ
663 4213 777 4320 φύσιν
797 4214 876 4292 ἐστὶ
900 4215 959 4294 καὶ
982 4208 1162 4312 ἀληθινὸς,
1181 4205 1242 4289 ἅτε
1268 4203 1313 4308 δὴ

155 4471 180 4508 ι.
197 4451 415 4520 ποίας-ἐντολῆς
426 4449 460 4506 E.
472 4449 601 4506 Voluitne
612 4447 847 4507 ποίος-ίντολδςῗ
1022 4461 1047 4500 2.
1065 4441 1204 4518 λέγεσθαι]
1217 4441 1256 4498 ἰ’σ.
1268 4441 1314 4495 λε’·

115 4545 190 4598 γιτσι
203 4522 255 4578 Ed.
267 4540 322 4594 mg.
337 4521 464 4595 λέγεσθαι
475 4521 556 4576 habet
569 4522 597 4576 F.
704 4539 730 4588 4.
746 4519 793 4588 μὶν
804 4525 974 4590 assumptum
987 4533 1018 4573 ex
1035 4515 1065 4572 Ε.
1174 4530 1214 4570 ιο.
1230 4511 1313 4586 ὅπως]

119 4603 149 4662 ÷
164 4615 193 4648 τι
207 4593 239 4648 Ε.
404 4607 448 4648 21.
466 4590 643 4650 omittendum
655 4599 686 4647 ut
697 4590 753 4646 vid.
766 4589 807 4658 δὴ.

161 4693 233 4742 τοι..
250 4695 287 4742 11.
700 4695 722 4754 4
739 4693 759 4738 υ
