3238 5114
325 257 391 322 6⁷4
629 259 668 322 Β.
693 259 896 324 CYRILLI
927 259 1214 324 ALEXANDR.
1362 251 1527 331 xvii.4,5·

324 427 446 524 μηδεὶς
471 425 581 504 ἐκεῖνο
600 423 719 525 λέγειν
736 425 840 525 ἡμᾶς,
859 423 914 504 ὅτι
938 423 1117 528 προσήκοι
1141 422 1204 505 τὸν
1222 422 1419 525 ἄνθρωπον
1435 413 1531 496 κατὰ

323 548 477 648 μίμησιν
514 557 578 629 τοῦ
615 555 791 653 Χριστοῦ,
823 547 1048 650 προκόσμιόν
1079 583 1160 628 τινα
1196 550 1255 628 καὶ
1290 545 1447 649 ἀρχαίαν
1481 544 1531 624 ὡς

323 672 562 776 ὀφειλομένην
579 675 638 754 καῖ
663 674 760 779 αύτῷ
785 672 897 780 δόξαν
916 673 1100 776 ἐπιζητεῖν·
1132 671 1292 752 ἐννοείτω
1317 667 1356 748 δέ
1381 673 1532 766 μᾶλλον

324 794 380 874 ότι
407 795 449 876 τὸ
476 796 617 904 ἑκάστῳ
644 795 792 900 πρέπον,
820 798 916 904 αύτῷ
943 801 1002 876 καὶ
1030 796 1148 897 λέγειν
1176 793 1461 899 ἁρμοδιώτατον.
1503 796 1532 868 εἶ

289 916 389 1017 δμέν
407 917 478 1022 γὸρ
496 918 607 1019 μόνον
626 921 664 1000 ἐν
682 925 834 1027 Χριστῷ
853 927 982 1000 νοεῖται
1000 918 1043 1000 τὸ
1066 919 1292 1022 ἀνθρώπινον
1310 917 1395 998 καθ’
1417 915 1560 1013 ήμᾶς,5

322 1043 480 1124 λαλείτω
508 1043 552 1144 δή
579 1043 673 1144 μόνα
700 1047 759 1124 καὶ
786 1042 833 1124 τὸ
864 1052 937 1128 τοῖς
968 1044 1138 1146 γηγενέσι
1164 1043 1363 1149 πρέποντα,
1398 1041 1460 1119 καὶ
1487 1038 1532 1118 τὸ

322 1167 614 1270 ἀνθρώπινον
569 1203 619 1267 μη
647 1167 906 1274 παρεξίτω
857 1195 999 1272 μετρον·
1039 1175 1068 1248 εῖ
1097 1166 1135 1248 δέ
1161 1165 1310 1252 Θεὸς
1282 1201 1333 1245 ων
1358 1167 1379 1244 ὁ
1404 1163 1533 1316 Λόγος

322 1289 448 1392 γε’γονε
488 1291 655 1440 σὰρξ,
636 1327 723 1373 οταν
758 1326 793 1372 τι
834 1291 926 1396 λε’γῃ
969 1295 1028 1372 καὶ
1056 1298 1285 1444 θεοπρεπῶς,
1322 1291 1422 1397 αὐτῷ
1464 1289 1533 1388 μὲν

322 1413 475 1518 ἁρμόσει
501 1414 610 1526 μόνῳ,
636 1423 709 1502 τοῖς
735 1414 847 1496 δε
802 1452 852 1516 μη
882 1417 957 1496 κατ’
984 1414 1105 1514 αὐτὸν,
1132 1415 1259 1496 ούκέτι.

379 1539 522 1619 Ούκοῦν
548 1549 708 1626 νοοῦντες
733 1540 1049 1644 ἀνθρωπινώτερον
1072 1539 1164 1621 κατὰ
1191 1539 1257 1638 τήν
1285 1538 1418 1640 ἀρτίως
1445 1537 1534 1636 ἡμῖν
1549 1569 1578 1610 1⁰
1613 1625 1614 1630 ,

323 1663 566 1742 ἀποδοθεῖσαν
602 1665 769 1758 διάνοιαν,
802 1661 868 1763 τὴν
903 1671 976 1744 τῶν
1012 1663 1253 1766 προκειμένων
1288 1657 1535 1766 ε’κληφόμεθα

322 1783 484 1884 δύναμιν·
523 1785 811 1890 ἀναλογιζόμενοι
832 1787 870 1868 δὲ
889 1787 1002 1868 πάλιν
1020 1785 1063 1867 τὸ
1082 1785 1276 1888 θεοπρεπὲς
1300 1785 1446 1890 ἀξίωμα
1466 1791 1534 1863 τοῦ

323 1911 499 2011 Χριστοῦ,
525 1910 642 2014 μεῖᾷίν
669 1946 704 1990 τι
733 1910 862 1993 λοιπὸν
889 1909 913 2013 ἢ
941 1909 1034 1991 κατά
1061 1910 1252 2014 ἀνθρώπου
1280 1909 1395 2015 φύσιν
1425 1911 1530 1988 ε’ννο·

321 2042 431 2134 οῦμεν
458 2035 613 2120 εἰκότως.
654 2035 810 2142 δοξάσαι
840 2035 960 2116 τοίνυν
989 2033 1107 2142 φαμέν
1135 2033 1198 2115 τὸν
1222 2037 1348 2114 ἑαυτοῦ
1378 2031 1534 2132 Πατέρα

323 2159 431 2254 Θεὸν,
451 2159 715 2262 πεπληρωκότα
732 2160 768 2240 τὸ
789 2159 878 2268 ίργιι
896 2161 985 2262 ὅπερ
1011 2156 1124 2256 ἐ’λαβε
1148 2161 1231 2261 παρ’
1252 2159 1371 2253 αὐτοῦ,
1391 2157 1463 2260 οὐχ
1484 2159 1531 2238 ὡς
1547 2189 1578 2244 15

156 2283 543 2385 1511.αὑπηρέτηνῆ
572 2288 620 2368 ὡς
648 2287 685 2364 ἐν
703 2283 804 2390 τάξει
829 2281 1005 2385 γεγονότα
1029 2317 1074 2388 τη
1103 2285 1311 2385 ῦπουργικῇ,
1330 2285 1389 2360 καὶ
1420 2287 1532 2359 τοῦτο

323 2409 371 2490 ὡς
398 2407 443 2514 ἐξ
467 2407 634 2510 ἀνάγκης,
658 2409 717 2488 ’ίνα
745 2406 795 2508 μὴ
823 2407 995 2514 φαίνηται
1022 2410 1081 2488 καὶ
1109 2409 1129 2486 ό
1156 2405 1302 2487 πάντων
1328 2404 1466 2506 Κύριος
1494 2406 1532 2484 ἐν

254 2529 257 2543 '
321 2527 439 2639 με’τριρ
466 2537 517 2640 τῷ
545 2533 626 2612 καθ’
656 2532 749 2630 ἡμᾶς
782 2534 841 2612 καὶ
870 2535 934 2630 τῆς
963 2529 1207 2630 δουλευούσης
1244 2530 1408 2612 κτίσεως·
1460 2529 1530 2605 άν-

226 2727 229 2736 .
322 2654 478 2757 θρόπων
510 2654 582 2757 γάρ
618 2652 641 2755 ἢ
677 2655 848 2758 ἀγγέλων
880 2654 923 2736 τὸ
957 2659 1136 2738 οῖκετικῶς
1170 2652 1437 2734 ὑποτάττεσθαι
1470 2653 1533 2730 καὶ

323 2785 397 2862 τοῖς
425 2778 538 2861 θείους
566 2775 718 2878 νεύμασι
746 2783 1003 2882 δουλοπρεπιῦς
1031 2780 1232 2881 ὑπουργεῖν·
1267 2774 1431 2855 ἀλλ’ὅτι
1460 2773 1528 2852 δύ·
1547 2815 1579 2856 το

323 2937 426 3003 ναμις
452 2903 624 3006 ὑπάρχων
642 2905 700 2982 καὶ
724 2905 842 3008 σοφία
867 2910 931 2982 τοῦ
956 2901 1199 3005 γεννήσαντος
1223 2899 1341 2997 αύτὸν,
1361 2900 1401 2978 εὖ
1424 2898 1531 2997 μάλα

322 3023 559 3130 πεπλήρωκεν
576 3028 864 3132 ἐγχειρισθεῖσαν
882 3023 1009 3129 ὥσπερ
1034 3027 1130 3133 αύτῷ
1155 3023 1310 3126 τὴντῶν
1328 3026 1413 3102 καθ’
1434 3023 1532 3122 ἡμᾶς

324 3147 582 3252 ἐπανόρθωσιν,
609 3149 771 3252 καθάπερ
797 3149 922 3249 ἀμέλει
947 3153 1004 3229 καὶ
1031 3151 1051 3228 ὁ
1077 3154 1170 3233 θεῖος
1196 3149 1280 3248 ἡμῖν
1301 3147 1468 3255 μελῳδὸς
1493 3151 1531 3228 ἐν

290 3272 575 3373 ὸΠνεύματι
536 3307 602 3374 την
619 3281 683 3354 τοῦ
709 3274 909 3374 μυστηρίου
935 3273 1085 3370 δύναμιν
1104 3271 1339 3378 ἐξηγούμενος
1365 3273 1532 3419 εφασκεν

157 3395 594 3529 ξ;··1“ῑί·“”Εντειλαι
578 3431 598 3475 ο
632 3395 726 3482 Θεὸς
758 3403 803 3502 τῇ
837 3396 982 3495 δυνάμει
1020 3431 1100 3495 σου,
1134 3397 1396 3496 δυνάμωσον
1380 3429 1400 3474 ο
1434 3395 1532 3480 Θεὸς
1546 3429 1576 3488 ²5

324 3527 471 3600 “τοῦτο
504 3519 524 3602 δ
560 3521 765 3624 κατηρτίσω
802 3521 920 3620 ἡμῖν·”
970 3555 1029 3600 ινα
1066 3520 1136 3622 γάρ
1173 3519 1357 3626 άπελεγξῃ
1393 3525 1532 3626 σαφῶς

325 3642 475 3742 δύναμιν
498 3643 564 3743 μὲν
594 3646 708 3724 οὖσαν
739 3653 804 3724 τοῦ
833 3641 978 3746 Πατρός
1008 3641 1071 3724 τὸν
1098 3641 1198 3740 Υῖὸν,
1228 3645 1294 3748 οῦχ
1320 3644 1442 3744 ἕτερον
1470 3679 1532 3746 γε-

324 3767 397 3872 μήν
415 3766 502 3849 ὅντα
519 3770 603 3872 παρ’
624 3767 744 3866 αὐτὸν,
762 3767 853 3847 ὅσον
871 3773 919 3852 εἷς
941 3767 1144 3868 ταυτότητά
1164 3775 1259 3873 φημι
1279 3768 1345 3868 τήν
1363 3770 1401 3846 ἐν
1420 3769 1533 3874 οὐσίᾳ

324 3897 384 3976 καὶ
409 3891 531 4002 φύσει,
549 3889 725 3998 πρότερον
748 3891 895 3994 εἰρηκὼς
920 3891 962 3970 τό
983 3889 1172 3972 Ἔντειλαι
1197 3897 1242 3996 τῇ
1267 3887 1414 3989 δυνάμει
1440 3926 1530 3992 σου,

326 4021 385 4100 καὶ
402 4017 610 4122 προσάπτων
628 4015 741 4097 δυάδα
762 4014 1000 4120 παρενεγκιὸν,
1019 4024 1083 4096 τοῦ
1101 4050 1139 4096 τε
1157 4013 1415 4113 ἐντελλομένου
1435 4022 1531 4122 φημὶ
1544 4055 1574 4111 30

365 4237 407 4287 ¹4·
427 4219 497 4274 Πατέ
497 4217 590 4291 ροΗ
605 4220 647 4273 καὶ
659 4217 711 4275 Ed
723 4218 861 4274 invitisE.
877 4217 959 4273 Cord.
974 4217 1056 4290 [Θεὸν
1068 4217 1169 4272 ouuttlt
1181 4215 1219 4290 a.]
1295 4219 1336 4274 18.
1343 4217 1531 4348 mim?

327 4237 400 4347 είςίῖ.
450 4289 546 4344 Stotlm
558 4289 637 4359 ανθ
623 4313 698 4345 ωπων
711 4291 743 4344 Ε
747 4291 800 4344 F.a.
814 4289 866 4344 Ed.
879 4307 934 4358 mg.
945 4289 1081 4360 ανθρώπου
1092 4288 1165 4344 Aub
1266 4305 1306 4360 19.
1325 4289 1457 4348 οῖκεςικῶς

327 4361 439 4415 ίκετικῦς
452 4359 503 4414 Ed.
588 4376 630 4414 11.
648 4359 814 4430 πεπλήρωκε]
831 4367 858 4423 4
875 4358 1530 4450 τινὸςΕ.13.θεσπεσιοςρτοθεῖοςήμῖνι

329 4429 372 4484 16.
391 4451 454 4498 κατη
454 4430 572 4498 ρτίσωιι.
584 4429 619 4484 cf.
632 4447 713 4500 supra
728 4432 813 4522 1981,
827 4431 916 4485 8801.
929 4429 1130 4501 καιηργόσωΕ.
1143 4429 1307 4501 κατειργάσω
1320 4429 1372 4486 Ed.
1432 4431 1530 4488 Statim

328 4499 357 4553 ἐν
368 4499 477 4554 addita.
531 4500 662 4571 θπελέγξη
676 4499 707 4554 Ε.
721 4501 848 4572 ἐπελέγξη
861 4499 912 4554 Ed.
