3118 5132
313 338 378 402 426
617 339 656 405 B.
680 340 888 408 OYRILLI
918 341 1211 408 ALEXANDR.
1402 337 1468 402 xiv.
1484 357 1527 423 9.

279 503 542 608 Ιιδημιουργὸς,
580 503 627 588 τὸ
663 507 727 587 οῦκ
764 506 853 588 ὄντα
887 507 974 588 ποτέ
1015 513 1140 589 καλοῦν
1176 511 1225 593 είς
1260 505 1416 611 γε’νεσιν,
1452 505 1526 584 καὶ

311 627 477 733 συνέχων
494 635 543 714 είς
565 628 608 711 τὸ
632 627 721 714 εἶναι
746 629 793 712 τά
816 629 947 732 πάντα,
965 633 1025 712 καὶ
1049 631 1246 736 ζωογονῶν,
1265 628 1373 715 αὐτὸς
1393 629 1524 736 σοφία

312 751 371 831 καὶ
390 752 547 852 δυ’ναμις,
566 753 726 860 χρηστὸς
745 758 804 836 καὶ
821 757 1015 860 οἰκτίρμων
1031 759 1090 837 καὶ
1109 755 1280 857 ἐλεήμων.
1318 753 1454 834 τούτων
1473 751 1523 832 δὲ

310 872 353 957 τὸ
370 876 544 982 παράπαυ
561 877 664 960 οὐδὲν
679 881 717 960 ἐν
734 881 833 983 πυρί.
871 881 913 961 οῦ
931 878 1005 984 γὰρ
1021 879 1068 961 ἀν
1086 881 1195 962 οἴοιτό
1219 915 1284 977 τις,
1302 879 1337 959 εί
1356 912 1399 980 γε
1424 886 1523 958 νοῦν

310 998 395 1106 ἕχοι,
414 998 577 1106 χρηστὸν
600 1005 660 1084 καὶ
687 1003 950 1109 φιλάνθρωπον
971 1001 1059 1086 εἶναι
1083 1003 1125 1086 τὸ
1150 1013 1234 1108 πῦρ,
1252 1001 1333 1084 οῦδέ
1361 1005 1432 1105 ἐρεῖ
1456 1035 1523 1085 τις
1553 1044 1559 1051 ·

311 1130 526 1232 σωφρονῶν,
545 1129 593 1212 ὡς
609 1125 662 1228 εἴη
680 1125 747 1227 μέν
766 1129 1029 1232 δημιουργικὸν,
1048 1127 1171 1236 σοφόν
1188 1163 1226 1211 τε
1245 1131 1303 1209 καὶ
1322 1126 1521 1230 ζωογόνον.

310 1244 386 1330 εἶτα
410 1256 488 1336 πῶς
512 1251 558 1331 ἅν
576 1285 638 1348 τις,
658 1251 741 1334 εἱπέ
756 1287 830 1353 μοι,
848 1251 907 1332 διὸ
929 1251 1042 1358 πυρὸς
1067 1253 1133 1340 τὸς
1157 1255 1239 1357 περὶ
1262 1256 1327 1352 τῆς
1351 1253 1522 1350 ἀληθοῦς

311 1373 480 1476 θεότητος
507 1376 642 1461 ἐννοίας
669 1375 907 1484 συλλέξειεν;
947 1375 970 1478 ἢ
998 1385 1077 1465 πῶς
1109 1375 1153 1459 ὸν
1183 1381 1221 1458 ἐν
1252 1375 1418 1484 ἐσόπτρῳ
1450 1377 1521 1454 καὶ

281 1501 494 1604 οαίνίγματι
525 1497 721 1604 θεωρήσειέ
746 1535 782 1581 τι
813 1507 887 1582 τῶν
916 1500 1173 1608 ἐμπεφυκότων
1202 1503 1317 1607 aba-353
1360 1501 1414 1584 τίς
1445 1499 1521 1579 οῦν

310 1623 393 1728 ἄρα,
412 1627 539 1732 φησὶν,
559 1625 579 1704 ὸ
601 1624 723 1726 λόγος,
742 1621 765 1725 ἢ
784 1626 872 1706 ποία
888 1625 1013 1728 γέγουε
1031 1626 1221 1732 πρόφασις
1245 1631 1293 1709 εὶς
1318 1631 1392 1727 πῦρ
1417 1625 1515 1702 ἀνα·
1542 1660 1558 1700 1

308 1747 486 1830 πείθουσα
504 1748 785 1854 χρηματίζεσθαι
801 1747 866 1830 τὸν
885 1751 981 1832 Θεὸν
999 1752 1038 1831 ἐν
1056 1755 1108 1859 τῷ
1126 1749 1198 1854 ὄρει
1218 1755 1330 1856 Σινᾷ;
1361 1749 1520 1852 ἐροῦμεν

309 1871 364 1954 ὅτι
396 1872 604 1979 ἀρχομένων
636 1879 708 1954 τῶν
741 1873 785 1982 ἐξ
814 1872 970 1978 Ἰσραὴλ
1008 1877 1085 1956 κατ’
1119 1877 1230 1955 ἐκεῖνο
1267 1873 1331 1973 δὴ,
1344 1872 1519 1971 μάλιστα

309 2005 434 2102 καιροῦ
470 2001 534 2098 τῆς
569 2003 618 2083 είς
655 1999 840 2093 εὐσέβειαν
874 2002 1132 2103 παιδαγωγίας,
1170 2001 1228 2080 καὶ
1266 1994 1391 2097 ὥσπερ
1429 1995 1520 2076 τινὰ

307 2121 442 2204 κανόνα
468 2127 649 2204 ποιεῖσθαι
675 2123 887 2222 μελλόντων
907 2128 971 2224 τῆς
999 2125 1127 2209 οἰκείας
1154 2123 1244 2227 ζωῆς
1267 2119 1331 2202 τὸν
1354 2119 1512 2222 διορθώ-

307 2253 448 2330 σασθαι
475 2243 661 2344 μέλλοντα
687 2245 807 2346 νόμον,
840 2245 910 2328 ἔδει
941 2245 1022 2328 τότε
1054 2247 1098 2348 δὴ
1127 2247 1292 2346 μάλιστα
1319 2244 1553 2345 κολαστήνι

306 2405 387 2452 τινα
421 2373 480 2451 καὶ
511 2369 670 2477 φοβερὸν
699 2373 819 2456 αιἰτοΐς
851 2372 1047 2478 φαίνεσθαι
1079 2371 1145 2453 τὸν
1173 2368 1279 2468 Θεὸν,
1307 2371 1349 2450 ἵν’
1380 2369 1514 2450 είδέυαι

306 2491 420 2601 ἔχοιεν
437 2497 470 2575 οἱ
487 2495 782 2598 παραβαίνοντες,
801 2495 856 2576 ότι
880 2494 971 2602 πρὸς
995 2503 1069 2600 πῦρ
1094 2498 1115 2577 ὸ
1140 2494 1252 2598 λόγος
1275 2494 1406 2577 αὐτοῖς.
1446 2493 1513 2574 διὸ

305 2615 378 2720 γάρ
396 2651 451 2698 τοι
470 2625 576 2698 τοῦτο
595 2621 653 2699 καὶ
672 2621 692 2698 ὸ
711 2619 823 2722 με’γας
844 2625 1008 2721 Μωυσῆς
1033 2627 1108 2705 τοῖς
1133 2619 1177 2728 ἐξ
1191 2617 1347 2720 Ἰσραὴλ
1363 2651 1507 2720 προσε-

138 2741 206 2874 {19‘}
220 2741 293 2813 ’δᾶ
307 2741 417 2850 φιόυει
442 2743 561 2847 λέγων
578 2753 600 2790 “
613 2745 661 2822 'O
681 2743 775 2828 Θεὸς
802 2743 903 2843 ἡμων
921 2753 995 2848 πῦρ
1019 2745 1288 2824 καταναλίσκον
1306 2742 1417 2824 ἐστί.”
1445 2747 1512 2822 καὶ

138 2873 260 3004 PCM*
306 2867 349 2947 οῦ
375 2865 490 2968 δήπου
514 2868 670 2973 φαίημεν
689 2866 733 2948 ἀν
753 2867 808 2948 ὅτι
832 2867 898 2970 τὴν
915 2877 979 2949 τοῦ
998 2875 1095 2950 Θεοῦ
1120 2868 1235 2976 φύσιν
1253 2865 1508 2974 ἐξηγούμενος,
1528 2905 1558 2944 τι

305 2993 390 3094 πυρὶ
408 2990 616 3095 παρείκαζεν
634 2991 782 3092 αι’ττὴυὸ
804 2993 898 3074 οὕτω
920 2993 1145 3100 σοφώτατος,
1165 2989 1321 3093 ὠνόμαζε
1348 2989 1386 3070 δέ
1411 2992 1510 3070 οὕτω

303 3114 369 3198 τὸν
393 3115 499 3214 Θεὸν,
527 3119 576 3202 ὡς
603 3119 641 3197 ἐκ
668 3122 813 3217 πολλῆς
841 3118 938 3218 ιῖγιιν
964 3116 1235 3218 μισοπονηρίας,
1257 3111 1372 3217 πυρὸς
1403 3113 1512 3214 δίκην

303 3247 370 3321 τοῦ
386 3245 591 3346 παμφαγου
609 3245 773 3322 δαπανᾶν
791 3275 830 3322 τε
848 3243 907 3322 καὶ
925 3242 1138 3320 ἀναλίσκειν
1154 3241 1196 3320 οῦ
1220 3236 1511 3341 παραιτουμένου

302 3361 386 3448 τοῦς
413 3371 729 3470 καταφρονοῦντας
756 3367 879 3446 αὐτοῦ.
925 3366 1055 3446 οὐκοῦν
1075 3366 1139 3446 οῦκ
1166 3364 1211 3471 ἐξ
1232 3361 1283 3442 ὧν
1307 3361 1388 3442 ἐστι
1412 3361 1510 3442 κατὰ

303 3486 428 3594 φύσιν,
448 3488 542 3574 Θεὸς
567 3488 625 3569 διὸ
650 3489 763 3594 πυρὸς
785 3488 1005 3594 γνωρίζεται·
1036 3489 1078 3570 τὸ
1100 3487 1138 3570 δὲ
1160 3491 1274 3571 οὕτως
1292 3485 1510 3584 ὠνομάσθαι
1526 3521 1557 3577 25

302 3611 362 3690 καὶ
381 3606 502 3714 ὦφθαι
521 3611 601 3693 τότε
620 3613 712 3717 πρὸς
730 3613 773 3694 τὸ
792 3621 866 3698 τοῖς
884 3615 1121 3715 ἀκροωμένοις
1139 3613 1284 3719 ἐλήφθη
1301 3611 1507 3694 λυσιτελές.

274 3731 410 3830 οἵωμευ
442 3733 487 3834 δὴ
524 3734 654 3816 λοιπὸν
689 3739 747 3818 ἐπὶ
783 3735 849 3837 τὴν
886 3741 1007 3838 ἀληθῆ
1043 3741 1102 3818 καὶ
1138 3735 1404 3839 ἀκριβεστάτην
1439 3743 1509 3815 τοῦ

302 3855 451 3962 Πατρὸς
486 3859 648 3961 θεωρίαν,
676 3859 841 3941 τουτέστι
878 3860 943 3941 τὸν
971 3859 1074 3942 Υἱόν.
1129 3859 1247 3940 εἰκόνα
1283 3857 1357 3960 γὸρ
1392 3860 1507 3940 αὐτὸν

300 3979 469 4088 ὸφόμεθα
500 3990 565 4062 τοῦ
597 3981 851 4084 γεννήσαντος,
879 3991 953 4069 τοῖς
981 3988 1125 4066 ἐνοῦσιν
1152 3985 1249 4092 αὐτῷ
1277 3984 1503 4084 πλεονεκτή-

298 4139 392 4204 μασι
428 4103 493 4186 τὸν
529 4108 593 4204 τῆς
629 4108 787 4190 διανοίας
823 4109 1063 4210 ἐνερείσαντες
1097 4106 1306 4214 ὀφθαλμόν.
1362 4107 1505 4208 ἀγαθὸς
1519 4137 1555 4196 30

297 4235 489 4332 τοιγαροῦν
515 4229 536 4308 ὸ
564 4228 659 4313 Θεὸς
686 4233 745 4310 καὶ
773 4230 903 4334 Πατὴρ
934 4231 1026 4312 κατὸ
1060 4231 1190 4340 φύσιν,
1222 4239 1386 4312 τοιοῦτον
1412 4229 1505 4312 ὅντα

331 4453 359 4508 5.
377 4441 433 4511 ἔχοι
447 4439 479 4495 Ε.
491 4439 547 4510 ἔχει
558 4438 611 4494 Ed.
756 4459 799 4496 11.
815 4442 1021 4566 fflpoen'swssm
1034 4442 1087 4497 Ed.
1098 4464 1141 4532 γρ.
1154 4442 1363 4514 σχηματίζεσθαι
1376 4441 1430 4497 Ed.
1495 4485 1502 4499 .

299 4527 340 4576 ¹⁴·
358 4510 555 4574 διορθόσισθαι
567 4510 600 4566 R
612 4510 805 4580 &offlam
862 4551 870 4567 .
959 4513 1002 4568 16.
1019 4511 1051 4568 ἶν’
1064 4513 1097 4568 Ε.
1110 4535 1150 4568 αα
1163 4513 1214 4568 Ed.
1308 4529 1354 4569 τι.
1371 4513 1454 4584 ἀντὶ·
1494 4555 1501 4570 .

295 4581 373 4636 αὐτὸν
386 4581 438 4636 Ed.
546 4599 589 4650 τι.
606 4581 699 4638 οὐκοῦν
711 4591 881 4654 asumptum
893 4599 926 4638 ex
938 4582 972 4639 E.
