3200 5092
860 1113 1101 1190 ΚΕΦΑΛΗ
1141 1115 1189 1188 Δ.

432 1371 505 1437 Ὀτι
527 1371 608 1440 Θεὸς
630 1375 704 1437 κατὰ
726 1373 820 1456 φύσιν
841 1373 925 1438 ἐστὶν
946 1375 963 1436 δ
984 1373 1058 1439 ‘rias
1079 1375 1131 1451 τῆς
1152 1371 1224 1452 πρὸς
1245 1369 1300 1450 τὴν
1323 1369 1423 1434 κτίσιν
1447 1369 1478 1448 ὁρ

395 1505 412 1549 ο
627 1485 829 1572 ἀνῳκισμένος
850 1492 1011 1564 παντελῶς,
1034 1487 1109 1550 ὅσον
1131 1488 1172 1553 είς
1194 1486 1298 1551 οὐσίας
1319 1485 1428 1566 λόγον.

479 1748 592 1829 ’Υμεῖα
619 1753 655 1818 ὲκ
683 1754 799 1820 τούτου
826 1757 883 1819 τοῢ
909 1753 1031 1830 κόσμου
1058 1753 1143 1834 ἐστὲ,
1170 1753 1237 1828 ὲτὼ
1263 1753 1322 1818 οὐκ
1350 1748 1417 1828 εἰμί
1445 1751 1478 1814 ἐκ

884 1879 1005 1955 κόσμου
1031 1879 1159 1944 τούτου.

472 2093 724 2184 ἘΔΕῙΞΕΝ
751 2098 789 2176 έν
816 2095 953 2181 τούτοις
981 2097 1019 2176 εὖ
1046 2095 1148 2198 μάλα
1177 2099 1235 2176 καῖ
1263 2102 1406 2201 σαφεῖς,
1431 2097 1470 2174 τί

423 2225 540 2298 νοοῖτο
567 2220 609 2299 τό
635 2219 749 2318 Ἀνω,
778 2222 817 2300 τί
843 2219 880 2299 δέ
910 2219 952 2301 τό
980 2219 1101 2302 Κότω.
1150 2219 1270 2320 ἐπειδὴ
1301 2219 1374 2323 γὰρ
1407 2224 1478 2298 δυνι

423 2341 581 2422 συνιέναι
599 2342 710 2444 μηδὲν
728 2342 819 2429 εἰκός
843 2343 959 2444 δήπου
983 2344 1064 2428 τοὺς
1085 2343 1305 2449 Φαρισαίους
1324 2377 1478 2442 σωματιι

424 2473 498 2549 τοῖς
516 2466 707 2569 εἰρημένοις
725 2475 964 2571 προσβαλεῖν,
984 2466 1101 2548 καὶτὸ
1121 2468 1195 2548 α’ίνω
1213 2503 1252 2550 τε
1270 2471 1328 2548 καῖ
1346 2466 1442 2546 κάτω
1464 2499 1478 2544 ι

425 2589 601 2688 ἐκλαβεῖν,
630 2594 687 2670 καῖ
716 2597 765 2675 εἷς
790 2590 935 2676 πολλός
962 2595 1122 2673 ἐντεῦθεν
1149 2593 1283 2676 ἐννοίας
1310 2602 1477 2694 περιπλαι

256 2737 373 2793 5οη
394 2751 413 2790 a
425 2716 614 2817 χρησίμως
636 2717 656 2794 ό
676 2715 809 2819 Κύριος
833 2717 933 2816 ἡμῶν
951 2717 1094 2815 Ἰησοῦς
1117 2715 1318 2820 όΧριστδς
1343 2725 1406 2795 τοῦ
1430 2719 1477 2794 δοι

424 2839 634 2944 ε’πεῤῥίφθαι
659 2837 930 2941 περιβλήματος
959 2842 1016 2918 καῖ
1042 2840 1220 2944 ἀσαφείας
1246 2838 1390 2938 ἁπάσης
1416 2841 1477 2918 ἀπε

424 2961 487 3040 τόν
509 2962 633 3065 λόγον,
653 2961 861 3066 λευκότερον
884 2963 1008 3066 ὥσπερ
1037 2967 1094 3044 καῖ
1122 2969 1278 3048 εἰσαῦθις
1307 2966 1422 3046 αὐτοῖς
1447 2997 1476 3042 πι

424 3083 512 3189 ὅπερ
533 3085 669 3189 εἴρηκεν
688 3089 967 3189 αἰνιγματωδῶς.
1008 3087 1122 3193 ’Τρεῖς
1146 3087 1217 3192 γάρ
1242 3097 1358 3194 φησιν
1376 3088 1413 3167 ἐκ
1432 3109 1476 3166 τοι

426 3211 553 3314 κόσμου
572 3209 659 3302 ε’στέ,
680 3210 844 3289 τουτέστι
872 3217 937 3290 τοῦ
964 3209 1074 3290 κοῖτω·
1109 3209 1177 3314 ε’γδ
1200 3217 1258 3292 οὐκ
1282 3215 1347 3315 εἰμῖ
1370 3211 1407 3291 ἐκ
1428 3223 1476 3290 τιό

425 3335 564 3437 κόσμου,
584 3335 711 3412 οὐκοῦν
734 3333 839 3413 τοῦτό
868 3336 947 3413 ε’στι
974 3333 1016 3413 τό
1045 3333 1130 3414 ἅνω.
1171 3335 1372 3438 ὑπερτρέχει
1396 3330 1476 3412 δῖᾶ

423 3457 461 3534 ἐν
488 3457 626 3556 γενέσει
655 3455 758 3554 Θεὸς,
787 3458 829 3536 οὐ
858 3465 1016 3541 τοπικοῖς
1044 3457 1224 3563 ὑπερέχων
1253 3459 1454 3564 ιῖψώμασιν·

423 3575 495 3681 γιῖρ
523 3583 580 3659 καῖ
608 3578 759 3680 ἀνόητον
787 3584 915 3686 κομιδῇ
945 3579 987 3661 τὸ
1018 3583 1055 3660 έν
1083 3581 1183 3689 τόπῳ
1217 3589 1309 3661 νοεῖν
1337 3580 1376 3661 τό
1405 3583 1475 3659 οῖσιό

424 3701 524 3782 ἀλλὰ
552 3710 625 3788 τοῖς
652 3708 716 3803 τῆς
744 3705 891 3812 φύσεως
918 3702 1083 3808 οῖῤῥήτοις
1111 3703 1414 3804 πλεονεκτήμασιν
1441 3707 1475 3784 ὑπ

389 3838 529 3931 δσχωυ
553 3825 599 3906 τὰ
622 3828 764 3929 γευητά.
804 3825 935 3927 ταύτης
962 3827 1087 3906 ἑαυτὸν
1112 3824 1199 3907 εἶναι
1227 3832 1290 3928 τῆς
1318 3829 1431 3912 οὐσίας
1453 3835 1475 3935 Φ

425 3949 557 4053 Λόγος,
576 3953 640 4030 οὐκ
662 3951 778 4054 ἔργον,
797 3950 898 4030 ἀλλὰ
924 3949 1064 4054 καρπόν
1082 3953 1140 4030 καῖ
1164 3951 1330 4054 γέννημα.
1365 3951 1474 4056 ἐπιτήρ

424 4074 521 4158 ὅπως
539 4076 605 4179 οὐχ
625 4076 812 4153 ἁλίσκεται
831 4073 949 4176 λέγων
967 4072 1132 4154 Ἀνωθεν
1149 4074 1220 4177 ε’γιῖι
1239 4076 1366 4178 γέγονα
1382 4079 1433 4155 καῖ
1451 4111 1474 4155 π

423 4233 498 4298 μοι,
526 4207 671 4299 μᾶλλον
700 4196 737 4276 δέ
765 4195 808 4277 τό
837 4201 932 4298 Εῖμῖ,
958 4198 1016 4277 ἵνα
1045 4199 1144 4306 δείξῃ
1172 4203 1229 4279 καῖ
1257 4199 1338 4280 ὅθεν
1359 4203 1474 4296 ἐστὶι

460 4423 486 4462 α.
505 4409 570 4464 θεὸς
582 4418 752 4480 assumptum
764 4426 797 4463 ex
810 4408 843 4464 B.
979 4409 1005 4465 6.
1025 4409 1066 4464 καὶ
1078 4427 1132 4464 om.
1147 4409 1217 4465 Catt.
1342 4423 1378 4479 15.
1394 4411 1474 4467 τοοτέσ

425 4477 516 4532 Holnt.
530 4477 581 4530 Ed.
594 4481 670 4532 τοῦτό
683 4480 740 4534 ι’στι
752 4481 782 4532 τὸ
797 4479 828 4534 Β.
888 4481 935 4534 τοῦ
947 4481 1046 4550 κόσμου
1058 4479 1150 4536 τούτου
1162 4481 1268 4536 inverso
1280 4479 1367 4538 ordine
1376 4499 1398 4538 α.
1471 4505 1473 4537 :

423 4556 593 4617 assumptum
606 4565 638 4601 ex
651 4565 700 4602 ας.
714 4547 795 4602 Cord.
