3274 5118
316 337 380 400 554
615 335 655 400 Β.
679 333 889 400 OYRILLI
919 335 1206 400 ALEXANDR.
1419 355 1480 397 xv.
1495 351 1524 416 3.

285 575 303 634 3
350 579 446 662 ἨδιιΙ
464 577 553 656 ὑμεῖς
581 581 718 670 καθαροί
745 584 818 648 ἐστε
846 581 898 647 διδ
926 583 982 650 τὸν
1009 583 1106 658 κότον
1132 583 1170 648 ὃν
1197 583 1367 647 Λελὰλιικα
1396 575 1490 656 ὑμῖν.

286 771 304 815 ⁰
372 751 579 860 Ἀπόδειξιν
600 749 724 856 ῶσπερ
749 759 906 859 διαφανῆ
934 759 1056 835 τεκαὶ
1084 757 1339 860 ἀναμφίλογον
1362 755 1429 852 τῆς
1460 757 1529 830 τοῦ

316 877 605 979 διακαθαίροντος
633 875 761 962 αὐτοῦς
789 877 915 982 τέχνης
942 886 1093 958 ποιεῖται
1124 877 1207 963 τοῦς
1236 875 1414 977 μαθητάς.
1468 868 1528 968 ήδη

314 998 387 1103 γὰρ
406 997 533 1084 αὐτοῦς
552 1000 825 1103 διακεκαθάρθαι
843 1005 970 1108 φησὶν,
990 1003 1056 1108 οὐχ
1081 1001 1201 1105 ἐτέρου
1225 999 1322 1084 τινῦς
1345 997 1524 1080 ἀπολαῦ-

314 1156 463 1222 σαντας,
495 1121 606 1223 μόνον
636 1123 675 1204 δέ
705 1120 764 1204 διίι
795 1123 848 1206 τδν
878 1121 971 1227 πρὸς
1002 1123 1129 1209 αὐτοῦς
1158 1124 1362 1219 λαληθέντα
1394 1125 1558 1224 λίγιι,5

314 1245 488 1345 τουτέστι,
516 1245 583 1346 τὴν
610 1248 709 1328 θείαν
736 1283 776 1329 τε
806 1250 878 1328 καὶ·
893 1247 1128 1352 εῦαγγελικήν
1155 1249 1352 1354 ὑφήγησιν.
1404 1243 1528 1348 λόγος

314 1367 354 1450 δέ
384 1370 486 1455 οὗτός
518 1373 598 1452 ἐστι
625 1369 726 1474 παρὰ
753 1377 931 1474 Χριστοῦ.
981 1368 1057 1452 εἶτα
1085 1372 1139 1456 τίς
1169 1372 1240 1475 ἄρα
1268 1375 1346 1452 ἐστὶ
1375 1376 1455 1451 τῶν
1485 1369 1527 1447 εδ

315 1493 555 1601 φρονούντων,
575 1493 614 1578 ῦς
632 1492 809 1575 ἐνδοιάσει
827 1493 968 1592 λοιπὸν,
988 1493 1044 1576 ὅτι
1062 1493 1219 1598 δρεπάνη
1237 1529 1291 1578 τις
1308 1492 1438 1595 ῶσπερ
1462 1494 1526 1571 καὶ

314 1615 392 1722 χεὶρ
411 1625 475 1697 τοῦ
495 1617 651 1720 Πατρδς,
671 1620 691 1698 ὁ
717 1620 759 1698 δι’
779 1617 822 1698 οῦ
844 1616 890 1698 τῦ
914 1618 1034 1699 πάντα
1058 1621 1148 1718 ἐστὶ,
1166 1621 1352 1700 τουτέστιν
1370 1619 1390 1698 ὁ
1408 1615 1521 1714 Υἱὸς,

314 1738 381 1839 τήν
400 1745 464 1840 τῆς
488 1747 537 1825 είς
562 1742 653 1841 ἡμᾶς
675 1741 851 1846 γεωργίας
874 1743 1051 1845 ἐνέργειαν
1069 1746 1302 1846 ἀποπληρῶν,
1321 1740 1366 1842 ἣν
1381 1745 1437 1848 τῷ
1454 1747 1525 1820 τοῦ
1540 1769 1576 1810 10

280 1863 462 1968 ᾶΠατρὸς
479 1865 682 1966 προσάπτει
699 1865 898 1975 προσοίσω,
917 1865 1098 1948 διδάσκων
1115 1865 1170 1946 ὅτι
1192 1865 1311 1946 πάντα
1333 1863 1397 1961 μέν
1416 1861 1525 1966 παρὰ

314 1987 471 2091 Πατρὸς,
490 1987 590 2089 πλὴν
612 1993 661 2074 ὡς
688 1989 747 2070 διὰ
776 1990 958 2090 δυνάμεως
985 1997 1050 2070 τοῦ
1068 1994 1186 2087 Υὶοῦ;
1219 1987 1375 2091 καὶγὰρ
1402 1990 1425 2068 ὁ
1454 1995 1524 2068 τοῦ

315 2116 483 2216 Σωτῆρος
519 2114 611 2214 ἡμᾶς
647 2115 863 2217 διακαθαίρει
900 2113 1022 2215 λόγος,
1055 2115 1169 2193 καίτοι
1205 2117 1269 2212 τῆς
1304 2113 1388 2192 καθ’
1424 2113 1522 2211 ἡμᾶς

315 2237 489 2338 γεωργίας
507 2239 772 2338 άνατεθειμένης
790 2243 841 2345 τῷ
855 2242 939 2344 Θεῷ
960 2238 1018 2316 καὶ
1034 2238 1165 2338 Πατρί.
1201 2235 1307 2319 αὐτὸς
1324 2233 1395 2337 γάρ
1415 2237 1521 2314 ἐστιν

145 2344 213 2462 fifh·
226 2345 260 2396 λ’·
315 2361 335 2439 ὁ
369 2358 438 2462 ζῶν
471 2364 529 2441 καὶ
560 2361 765 2461 τομῶτατος
798 2363 906 2440 αὐτοῦ
938 2357 1059 2462 λόγος,
1083 2362 1102 2440 ὀ
1130 2371 1153 2409 “
1166 2357 1402 2458 διικνούμενος
1431 2359 1520 2464 ἄχρι
1536 2387 1569 2448 ¹5

315 2495 336 2534 “
354 2494 532 2587 μερισμοῦ
550 2489 673 2590 ψυχῆς
691 2486 750 2564 καὶ
768 2483 968 2583 πνεύματος
987 2485 1111 2588 ἁρμῶν
1129 2517 1169 2564 τε
1194 2486 1253 2562 καὶ
1278 2489 1436 2581 μυελῶν,
1457 2485 1520 2563 καὶ

312 2618 335 2656 “
353 2608 507 2709 κριτικὸς
532 2608 761 2708 ἐνθυμήσεων
779 2611 838 2688 καὶ
862 2611 1007 2688 ἐννοιῶν
1029 2608 1211 2709 καρδίας.”
1241 2608 1520 2706 καθικνούμενος

312 2730 384 2834 γὰρ
416 2737 464 2815 εἱς
493 2730 539 2811 τά
570 2730 668 2831 βάθη
695 2737 759 2832 τῆς
787 2732 943 2812 ἑκάστου
969 2735 1103 2839 ψυχῆς,
1130 2734 1188 2811 καὶ
1216 2729 1280 2810 τὸν
1307 2735 1345 2811 ἐν
1372 2729 1520 2840 ἑκάστῳ

283 2855 552 2959 οκεκρυμμένον
569 2853 710 2936 σκοπὸν
729 2854 1030 2936 ἀκατακάλυπτον
1049 2855 1141 2959 ἔχων
1160 2859 1208 2940 ὡς
1227 2853 1334 2953 Θεὸς,
1354 2862 1430 2940 τοῖς
1452 2857 1521 2954 μέν

312 2981 454 3064 είκαίοις
470 2980 572 3080 ήμῶν
589 2979 854 3078 σπουδάσμασι
872 2978 938 3079 τὴν
957 2979 1077 3086 ὀξεῖαν
1095 2979 1218 3081 ἐπάγει
1237 2975 1351 3078 τομήν
1369 2978 1429 3060 διὰ
1453 2985 1519 3079 τῆς
1532 3011 1568 3053 ιο

312 3114 376 3186 τοῦ
405 3104 614 3204 Πνεῦματος
641 3104 828 3206 ἐνεργείας·
875 3111 981 3182 τοῦτο
1009 3101 1081 3204 γὰρ
1109 3098 1206 3202 οἶμαι
1234 3110 1423 3202 νομιοῦμεν
1450 3103 1519 3203 τήν

312 3227 571 3331 ἀποκάθαρσιν·
600 3225 646 3307 τῦ
671 3226 708 3306 δέ
733 3225 806 3306 ὅσα
833 3224 991 3332 πέφυκεν
1014 3229 1167 3332 ὠφελεῖν
1194 3227 1286 3326 ἡμᾶς
1314 3231 1361 3310 εἰς
1390 3225 1520 3333 ἔφεσιν

311 3355 447 3456 ἀρετῆς,
466 3359 579 3432 ταῦτα
596 3348 960 3454 πολυπλασιοίζεσθαι
977 3357 1074 3431 ποιεῖ
1094 3349 1187 3454 πρὸς
1207 3351 1472 3458 καρποφορίαν,
1495 3349 1519 3450 ἦ

312 3484 441 3557 νοεῖται
459 3477 534 3554 κατ’
553 3475 749 3568 εὐσέβειαν.

361 3596 454 3678 Ὅτε
478 3597 597 3676 τοίνυν
615 3599 658 3676 δι’
679 3601 770 3678 Υίοῦ
795 3595 895 3700 παρὰ
920 3595 1066 3702 Πατρῦς
1092 3599 1283 3702 ἐνεργεῖται
1307 3605 1428 3684 καλῶς
1453 3603 1519 3699 τῆς
1532 3621 1567 3685 ²5

312 3726 361 3806 εἰς
379 3721 471 3821 ἡμᾶς
489 3719 663 3822 γεωργίας
682 3722 702 3799 ὁ
721 3719 864 3824 τρόπος,
878 3723 1128 3821 μεματαίωται·
1159 3729 1236 3806 πῶς
1255 3721 1326 3825 γὰρ
1345 3722 1451 3827 οῦχί;
1474 3723 1520 3804 τὸ

312 3843 478 3950 περιττὸν
509 3847 567 3924 καὶ
605 3845 893 3946 κακουργότατον
924 3853 997 3926 τῶν
1024 3847 1068 3925 δι’
1097 3847 1257 3930 ἐναντίας
1290 3847 1517 3951 ἐπιχείρημα,

313 3971 487 4076 ἐτεροφυῶ
514 3965 578 4048 τὸν
596 3964 685 4047 Υίὸν
711 3968 770 4048 διὰ
797 3978 903 4050 τοῦτο
932 3967 1116 4071 λεγόντων
1141 3969 1323 4075 ὑπάρχειν,
1349 3973 1397 4054 ὡς
1424 3972 1521 4071 πρὸς
1626 4045 1627 4062 ,

148 4104 260 4163 ΒΜ·
285 4094 462 4199 εΠατέρα
489 4095 548 4174 καὶ
576 4089 683 4188 Θεὸν,
711 4091 899 4197 ἐπειδήπερ
928 4093 1090 4194 ἄμπελος
1118 4093 1183 4192 μέν
1211 4091 1328 4192 αὐτὸς,
1356 4092 1518 4174 κατωνό-

312 4252 451 4315 μασται
477 4216 515 4298 δέ
541 4215 700 4321 γεωργὸς
725 4218 745 4297 ὁ
770 4216 913 4321 Πατήρ.
955 4217 1230 4298 διασκεπτεσθω
1254 4215 1292 4296 δέ
1315 4217 1438 4314 πάλιν,
1457 4220 1518 4297 καὶ
1533 4247 1566 4305 30
1624 4183 1626 4312 ί

313 4343 543 4446 περιαθρείτω
563 4347 704 4449 σαφῶς,
724 4341 778 4422 ὅτι
798 4339 975 4445 καθαροῦς
993 4337 1080 4421 εἶναι
1100 4341 1284 4445 διορίζεται
1300 4339 1382 4426 τοῦς
1405 4342 1517 4421 αὑτοῦ
1625 4379 1626 4384 ’

349 4575 375 4629 9.
394 4557 436 4630 οὗ]
451 4561 506 4614 υίοῦ
520 4559 582 4630 (εἰς)
598 4559 629 4614 Ε.
755 4575 798 4615 21.
817 4555 901 4632 οἶμαι]
916 4555 978 4616 εἶναι
992 4560 1024 4617 Ε.
1147 4559 1189 4616 26.
1207 4561 1354 4631 μεμάτωτσι
1367 4560 1429 4632 (εἰς)
1446 4561 1479 4620 Ε.
