<?xml version="1.0" encoding="UTF-8"?>
<!DOCTYPE html PUBLIC "-//W3C//DTD XHTML 1.0 Transitional//EN"
    "http://www.w3.org/TR/xhtml1/DTD/xhtml1-transitional.dtd">
<html xmlns="http://www.w3.org/1999/xhtml" xml:lang="en" lang="en">
 <head>
  <title>
</title>
<meta http-equiv="Content-Type" content="text/html;charset=utf-8" />
  <meta name='ocr-system' content='tesseract 3.04.00' />
  <meta name='ocr-capabilities' content='ocr_page ocr_carea ocr_par ocr_line ocrx_word'/>
</head>
<body>
  <div class='ocr_page' id='page_1' title='image "./sanctipatrisnos02pusegoog_0506.png"; bbox 0 0 3248 5112; ppageno 0'>
   <div class='ocr_carea' id='block_1_1' title="bbox 288 313 1489 396">
    <p class='ocr_par' dir='ltr' id='par_1_1' title="bbox 288 313 1489 396">
     <span class='ocr_line' id='line_1_1' title="bbox 288 313 1489 396; baseline -0.001 -18"><span class='ocrx_word' id='word_1_1' title='bbox 288 314 354 378; x_wconf 76' lang='lat'>464</span> <span class='ocrx_word' id='word_1_2' title='bbox 584 315 624 382; x_wconf 89' lang='grc' dir='ltr'>Β.</span> <span class='ocrx_word' id='word_1_3' title='bbox 648 315 858 382; x_wconf 84' lang='lat' dir='ltr'>OYRILLI</span> <span class='ocrx_word' id='word_1_4' title='bbox 887 315 1180 383; x_wconf 83' lang='lat' dir='ltr'><strong>ALEXANDR.</strong></span> <span class='ocrx_word' id='word_1_5' title='bbox 1358 313 1421 380; x_wconf 87' lang='lat' dir='ltr'>xiv.</span> <span class='ocrx_word' id='word_1_6' title='bbox 1438 327 1489 396; x_wconf 87' lang='lat'>15.</span> 
     </span>
    </p>
   </div>
   <div class='ocr_carea' id='block_1_2' title="bbox 117 475 1559 3558">
    <p class='ocr_par' dir='ltr' id='par_1_2' title="bbox 158 475 1490 703">
     <span class='ocr_line' id='line_1_2' title="bbox 158 475 1490 585; baseline 0.003 -28"><span class='ocrx_word' id='word_1_7' title='bbox 158 535 180 578; x_wconf 93' lang='lat'>·.</span> <span class='ocrx_word' id='word_1_8' title='bbox 288 475 344 557; x_wconf 78' lang='grc' dir='ltr'>ίπι</span> <span class='ocrx_word' id='word_1_9' title='bbox 373 488 397 526; x_wconf 88' lang='grc'><strong>“</strong></span> <span class='ocrx_word' id='word_1_10' title='bbox 410 479 596 585; x_wconf 80' lang='grc' dir='ltr'>ὀφθαλμοὶ</span> <span class='ocrx_word' id='word_1_11' title='bbox 628 481 765 585; x_wconf 78' lang='grc' dir='ltr'>Κυρίου</span> <span class='ocrx_word' id='word_1_12' title='bbox 797 483 855 564; x_wconf 78' lang='grc' dir='ltr'>ἐπὶ</span> <span class='ocrx_word' id='word_1_13' title='bbox 890 484 1055 582; x_wconf 74' lang='grc' dir='ltr'><strong><em>δικαίους,</em></strong></span> <span class='ocrx_word' id='word_1_14' title='bbox 1089 484 1148 562; x_wconf 88' lang='grc' dir='ltr'>καὶ</span> <span class='ocrx_word' id='word_1_15' title='bbox 1183 477 1258 560; x_wconf 81' lang='grc' dir='ltr'>ὦτα</span> <span class='ocrx_word' id='word_1_16' title='bbox 1294 479 1404 559; x_wconf 78' lang='grc' dir='ltr'>αὐτοῦ</span> <span class='ocrx_word' id='word_1_17' title='bbox 1441 483 1490 561; x_wconf 85' lang='grc' dir='ltr'>είς</span> 
     </span>
     <span class='ocr_line' id='line_1_3' title="bbox 288 600 628 703; baseline 0.009 -22"><span class='ocrx_word' id='word_1_18' title='bbox 288 611 311 650; x_wconf 85' lang='grc'><strong>“</strong></span> <span class='ocrx_word' id='word_1_19' title='bbox 329 600 452 703; x_wconf 73' lang='grc' dir='ltr'>δέησιν</span> <span class='ocrx_word' id='word_1_20' title='bbox 476 604 628 685; x_wconf 78' lang='grc' dir='ltr'>αὐτῶν.”</span> 
     </span>
    </p>

    <p class='ocr_par' dir='ltr' id='par_1_3' title="bbox 287 725 1523 1326">
     <span class='ocr_line' id='line_1_4' title="bbox 342 725 1491 834; baseline 0 -28"><span class='ocrx_word' id='word_1_21' title='bbox 342 725 585 830; x_wconf 87' lang='grc' dir='ltr'>Ὁρισάμενος</span> <span class='ocrx_word' id='word_1_22' title='bbox 617 727 737 808; x_wconf 78' lang='grc' dir='ltr'>τοίνυν</span> <span class='ocrx_word' id='word_1_23' title='bbox 763 731 823 808; x_wconf 87' lang='grc' dir='ltr'>καὶ</span> <span class='ocrx_word' id='word_1_24' title='bbox 855 728 1048 834; x_wconf 72' lang='grc' dir='ltr'>διαρρήδην</span> <span class='ocrx_word' id='word_1_25' title='bbox 1075 727 1184 810; x_wconf 79' lang='grc' dir='ltr'>εἰπὸν</span> <span class='ocrx_word' id='word_1_26' title='bbox 1212 727 1266 808; x_wconf 86' lang='grc' dir='ltr'>ὅτι</span> <span class='ocrx_word' id='word_1_27' title='bbox 1298 733 1373 812; x_wconf 92' lang='grc' dir='ltr'>τοῖς</span> <span class='ocrx_word' id='word_1_28' title='bbox 1399 730 1491 830; x_wconf 88' lang='grc' dir='ltr'>ἀγα-</span> 
     </span>
     <span class='ocr_line' id='line_1_5' title="bbox 287 849 1491 959; baseline 0.002 -29"><span class='ocrx_word' id='word_1_29' title='bbox 287 855 410 931; x_wconf 87' lang='grc' dir='ltr'>πῶσιν</span> <span class='ocrx_word' id='word_1_30' title='bbox 437 850 546 932; x_wconf 76' lang='grc' dir='ltr'>αὐτὸν</span> <span class='ocrx_word' id='word_1_31' title='bbox 573 852 759 958; x_wconf 79' lang='grc' dir='ltr'>ἀφείλεταί</span> <span class='ocrx_word' id='word_1_32' title='bbox 783 855 905 933; x_wconf 79' lang='grc' dir='ltr'>τεκαὶ</span> <span class='ocrx_word' id='word_1_33' title='bbox 933 849 1086 959; x_wconf 78' lang='grc' dir='ltr'>ὑπάρξει</span> <span class='ocrx_word' id='word_1_34' title='bbox 1113 851 1157 952; x_wconf 78' lang='grc' dir='ltr'>δή</span> <span class='ocrx_word' id='word_1_35' title='bbox 1184 849 1328 936; x_wconf 87' lang='grc' dir='ltr'>πάντως</span> <span class='ocrx_word' id='word_1_36' title='bbox 1352 850 1394 930; x_wconf 93' lang='grc' dir='ltr'>τὸ</span> <span class='ocrx_word' id='word_1_37' title='bbox 1415 857 1491 933; x_wconf 91' lang='grc' dir='ltr'>τοῖς</span> 
     </span>
     <span class='ocr_line' id='line_1_6' title="bbox 288 973 1523 1081; baseline 0.001 -28"><span class='ocrx_word' id='word_1_38' title='bbox 288 973 625 1081; x_wconf 76' lang='grc' dir='ltr'>άνωθεν,ε’ντρυφιῖν</span> <span class='ocrx_word' id='word_1_39' title='bbox 643 979 802 1077; x_wconf 88' lang='grc' dir='ltr'>ἀγαθοῖς,</span> <span class='ocrx_word' id='word_1_40' title='bbox 820 977 864 1055; x_wconf 87' lang='grc' dir='ltr'>δι’</span> <span class='ocrx_word' id='word_1_41' title='bbox 885 977 995 1058; x_wconf 77' lang='grc' dir='ltr'>αὐτοῦ</span> <span class='ocrx_word' id='word_1_42' title='bbox 1019 973 1186 1077; x_wconf 89' lang='grc' dir='ltr'>δηλονότι</span> <span class='ocrx_word' id='word_1_43' title='bbox 1212 975 1523 1081; x_wconf 65' lang='grc' dir='ltr'>χορηγουμείιοιςὸ</span> 
     </span>
     <span class='ocr_line' id='line_1_7' title="bbox 287 1096 1490 1206; baseline 0 -28"><span class='ocrx_word' id='word_1_44' title='bbox 287 1097 387 1200; x_wconf 78' lang='grc' dir='ltr'>παρὰ</span> <span class='ocrx_word' id='word_1_45' title='bbox 410 1097 566 1202; x_wconf 90' lang='grc' dir='ltr'>Πατρὸς,</span> <span class='ocrx_word' id='word_1_46' title='bbox 588 1097 813 1206; x_wconf 83' lang='grc' dir='ltr'>καταγράφει</span> <span class='ocrx_word' id='word_1_47' title='bbox 833 1104 1055 1205; x_wconf 77' lang='grc' dir='ltr'>παραχρῆμα</span> <span class='ocrx_word' id='word_1_48' title='bbox 1079 1103 1138 1180; x_wconf 82' lang='grc' dir='ltr'>καὶ</span> <span class='ocrx_word' id='word_1_49' title='bbox 1166 1104 1230 1200; x_wconf 80' lang='grc' dir='ltr'>τῆς</span> <span class='ocrx_word' id='word_1_50' title='bbox 1254 1096 1397 1201; x_wconf 77' lang='grc' dir='ltr'>ἀγάπης</span> <span class='ocrx_word' id='word_1_51' title='bbox 1421 1096 1490 1197; x_wconf 83' lang='grc' dir='ltr'>τὴν</span> 
     </span>
     <span class='ocr_line' id='line_1_8' title="bbox 288 1219 1489 1326; baseline 0 -25"><span class='ocrx_word' id='word_1_52' title='bbox 288 1220 438 1320; x_wconf 84' lang='grc' dir='ltr'>δύναμιν</span> <span class='ocrx_word' id='word_1_53' title='bbox 462 1224 531 1322; x_wconf 78' lang='grc' dir='ltr'>καὶ,</span> <span class='ocrx_word' id='word_1_54' title='bbox 554 1223 652 1309; x_wconf 80' lang='grc' dir='ltr'>ὅπως</span> <span class='ocrx_word' id='word_1_55' title='bbox 676 1221 721 1304; x_wconf 88' lang='grc' dir='ltr'>ἀν</span> <span class='ocrx_word' id='word_1_56' title='bbox 743 1222 855 1325; x_wconf 80' lang='grc' dir='ltr'>αὐτὴν</span> <span class='ocrx_word' id='word_1_57' title='bbox 875 1223 1181 1324; x_wconf 82' lang='grc' dir='ltr'>ἐπιτηδεόσαιμεν,</span> <span class='ocrx_word' id='word_1_58' title='bbox 1207 1219 1341 1326; x_wconf 78' lang='grc' dir='ltr'>ἄριστά</span> <span class='ocrx_word' id='word_1_59' title='bbox 1365 1256 1403 1302; x_wconf 93' lang='grc' dir='ltr'>τε</span> <span class='ocrx_word' id='word_1_60' title='bbox 1428 1224 1489 1303; x_wconf 83' lang='grc' dir='ltr'>καὶ</span> 
     </span>
    </p>

    <p class='ocr_par' dir='ltr' id='par_1_4' title="bbox 117 1345 1559 3558">
     <span class='ocr_line' id='line_1_9' title="bbox 259 1345 1489 1453; baseline 0.001 -27"><span class='ocrx_word' id='word_1_61' title='bbox 259 1345 516 1449; x_wconf 71' lang='grc' dir='ltr'>νάνεγκλήτως</span> <span class='ocrx_word' id='word_1_62' title='bbox 535 1346 695 1428; x_wconf 77' lang='grc' dir='ltr'>διδάσκει</span> <span class='ocrx_word' id='word_1_63' title='bbox 713 1345 772 1427; x_wconf 87' lang='grc' dir='ltr'>διά</span> <span class='ocrx_word' id='word_1_64' title='bbox 788 1346 830 1428; x_wconf 92' lang='grc' dir='ltr'>τὸ</span> <span class='ocrx_word' id='word_1_65' title='bbox 853 1347 1046 1453; x_wconf 89' lang='grc' dir='ltr'>χρήσιμον.</span> <span class='ocrx_word' id='word_1_66' title='bbox 1089 1349 1131 1428; x_wconf 83' lang='grc' dir='ltr'>οὖ</span> <span class='ocrx_word' id='word_1_67' title='bbox 1156 1345 1228 1451; x_wconf 88' lang='grc' dir='ltr'>γάρ</span> <span class='ocrx_word' id='word_1_68' title='bbox 1253 1346 1287 1426; x_wconf 85' lang='grc' dir='ltr'>εί</span> <span class='ocrx_word' id='word_1_69' title='bbox 1307 1381 1360 1430; x_wconf 91' lang='grc' dir='ltr'>τις</span> <span class='ocrx_word' id='word_1_70' title='bbox 1385 1345 1489 1449; x_wconf 82' lang='grc' dir='ltr'>λε’γοι</span> 
     </span>
     <span class='ocr_line' id='line_1_10' title="bbox 287 1469 1489 1574; baseline 0 -25"><span class='ocrx_word' id='word_1_71' title='bbox 287 1469 351 1550; x_wconf 91' lang='grc' dir='ltr'>τὸν</span> <span class='ocrx_word' id='word_1_72' title='bbox 371 1470 468 1551; x_wconf 86' lang='grc' dir='ltr'>Θεὸν</span> <span class='ocrx_word' id='word_1_73' title='bbox 486 1473 646 1574; x_wconf 82' lang='grc' dir='ltr'>ἀγαπᾶν,</span> <span class='ocrx_word' id='word_1_74' title='bbox 666 1470 811 1556; x_wconf 87' lang='grc' dir='ltr'>πάντως</span> <span class='ocrx_word' id='word_1_75' title='bbox 838 1471 882 1573; x_wconf 82' lang='grc' dir='ltr'>δή</span> <span class='ocrx_word' id='word_1_76' title='bbox 910 1475 969 1552; x_wconf 82' lang='grc' dir='ltr'>καὶ</span> <span class='ocrx_word' id='word_1_77' title='bbox 996 1471 1063 1572; x_wconf 84' lang='grc' dir='ltr'>τὴν</span> <span class='ocrx_word' id='word_1_78' title='bbox 1080 1480 1144 1552; x_wconf 82' lang='grc' dir='ltr'>τοῦ</span> <span class='ocrx_word' id='word_1_79' title='bbox 1172 1474 1317 1572; x_wconf 89' lang='grc' dir='ltr'>ἀληθῶς</span> <span class='ocrx_word' id='word_1_80' title='bbox 1341 1472 1489 1572; x_wconf 80' lang='grc' dir='ltr'>ἀγαπᾶν</span> 
     </span>
     <span class='ocr_line' id='line_1_11' title="bbox 288 1593 1544 1704; baseline 0.002 -30"><span class='ocrx_word' id='word_1_81' title='bbox 288 1594 478 1674; x_wconf 81' lang='grc' dir='ltr'>ἀποίσεται</span> <span class='ocrx_word' id='word_1_82' title='bbox 512 1593 639 1702; x_wconf 86' lang='grc' dir='ltr'>δόξαν,</span> <span class='ocrx_word' id='word_1_83' title='bbox 671 1597 745 1676; x_wconf 73' lang='grc' dir='ltr'>ἐπεὶ</span> <span class='ocrx_word' id='word_1_84' title='bbox 782 1593 832 1695; x_wconf 82' lang='grc' dir='ltr'>μή</span> <span class='ocrx_word' id='word_1_85' title='bbox 867 1597 905 1676; x_wconf 83' lang='grc' dir='ltr'>ἐν</span> <span class='ocrx_word' id='word_1_86' title='bbox 934 1594 1036 1704; x_wconf 78' lang='grc' dir='ltr'>λόγῳ</span> <span class='ocrx_word' id='word_1_87' title='bbox 1068 1601 1172 1704; x_wconf 78' lang='grc' dir='ltr'>ψιλῷ</span> <span class='ocrx_word' id='word_1_88' title='bbox 1206 1598 1270 1694; x_wconf 78' lang='grc' dir='ltr'>τῆς</span> <span class='ocrx_word' id='word_1_89' title='bbox 1305 1595 1434 1695; x_wconf 78' lang='grc' dir='ltr'>ἀρετῆς</span> <span class='ocrx_word' id='word_1_90' title='bbox 1463 1593 1544 1693; x_wconf 75' lang='grc' dir='ltr'>ἡῐο</span> 
     </span>
     <span class='ocr_line' id='line_1_12' title="bbox 287 1716 1488 1826; baseline 0.005 -31"><span class='ocrx_word' id='word_1_91' title='bbox 287 1716 446 1815; x_wconf 83' lang='grc' dir='ltr'>δύναμις,</span> <span class='ocrx_word' id='word_1_92' title='bbox 479 1716 568 1818; x_wconf 90' lang='grc' dir='ltr'>μήτε</span> <span class='ocrx_word' id='word_1_93' title='bbox 600 1717 673 1819; x_wconf 86' lang='grc' dir='ltr'>μὴν</span> <span class='ocrx_word' id='word_1_94' title='bbox 701 1720 739 1800; x_wconf 82' lang='grc' dir='ltr'>ἐν</span> <span class='ocrx_word' id='word_1_95' title='bbox 767 1727 915 1822; x_wconf 88' lang='grc' dir='ltr'>γυμνοῖς</span> <span class='ocrx_word' id='word_1_96' title='bbox 946 1727 1148 1826; x_wconf 71' lang='grc' dir='ltr'>μορφοῦται</span> <span class='ocrx_word' id='word_1_97' title='bbox 1178 1717 1316 1823; x_wconf 85' lang='grc' dir='ltr'>ῥήμασι</span> <span class='ocrx_word' id='word_1_98' title='bbox 1345 1720 1409 1814; x_wconf 79' lang='grc' dir='ltr'>τῆς</span> <span class='ocrx_word' id='word_1_99' title='bbox 1438 1722 1488 1801; x_wconf 84' lang='grc' dir='ltr'>είς</span> 
     </span>
     <span class='ocr_line' id='line_1_13' title="bbox 288 1838 1488 1951; baseline -0.002 -29"><span class='ocrx_word' id='word_1_100' title='bbox 288 1840 383 1922; x_wconf 86' lang='grc' dir='ltr'>Θεὸν</span> <span class='ocrx_word' id='word_1_101' title='bbox 400 1841 582 1936; x_wconf 80' lang='grc' dir='ltr'>εὐσεβείας</span> <span class='ocrx_word' id='word_1_102' title='bbox 597 1840 639 1922; x_wconf 93' lang='grc' dir='ltr'>τὸ</span> <span class='ocrx_word' id='word_1_103' title='bbox 658 1840 805 1941; x_wconf 88' lang='grc' dir='ltr'>κάλλος,</span> <span class='ocrx_word' id='word_1_104' title='bbox 817 1845 902 1923; x_wconf 85' lang='grc' dir='ltr'>ἀλλ’</span> <span class='ocrx_word' id='word_1_105' title='bbox 916 1841 939 1944; x_wconf 84' lang='grc' dir='ltr'>ή</span> <span class='ocrx_word' id='word_1_106' title='bbox 959 1844 1003 1951; x_wconf 79' lang='grc' dir='ltr'>ἐξ</span> <span class='ocrx_word' id='word_1_107' title='bbox 1019 1846 1166 1946; x_wconf 80' lang='grc' dir='ltr'>ἀγαθῶν</span> <span class='ocrx_word' id='word_1_108' title='bbox 1183 1838 1488 1940; x_wconf 84' lang='grc' dir='ltr'>ἀπατελεσμάτων</span> 
     </span>
     <span class='ocr_line' id='line_1_14' title="bbox 286 1962 1489 2072; baseline 0.001 -28"><span class='ocrx_word' id='word_1_109' title='bbox 286 1968 344 2044; x_wconf 79' lang='grc' dir='ltr'>καὶ</span> <span class='ocrx_word' id='word_1_110' title='bbox 362 1962 540 2072; x_wconf 88' lang='grc' dir='ltr'>φιληκόου</span> <span class='ocrx_word' id='word_1_111' title='bbox 557 1965 704 2067; x_wconf 80' lang='grc' dir='ltr'>γνώμης</span> <span class='ocrx_word' id='word_1_112' title='bbox 725 1968 764 2047; x_wconf 81' lang='grc' dir='ltr'>εὖ</span> <span class='ocrx_word' id='word_1_113' title='bbox 788 1965 891 2067; x_wconf 91' lang='grc' dir='ltr'>μάλα</span> <span class='ocrx_word' id='word_1_114' title='bbox 914 1966 1197 2070; x_wconf 88' lang='grc' dir='ltr'>διαγινώσκεται,</span> <span class='ocrx_word' id='word_1_115' title='bbox 1216 1968 1364 2046; x_wconf 81' lang='grc' dir='ltr'>καὶτῶν</span> <span class='ocrx_word' id='word_1_116' title='bbox 1383 1966 1489 2046; x_wconf 89' lang='grc' dir='ltr'>θείων</span> 
     </span>
     <span class='ocr_line' id='line_1_15' title="bbox 286 2088 1487 2196; baseline -0.002 -27"><span class='ocrx_word' id='word_1_117' title='bbox 286 2089 481 2191; x_wconf 88' lang='grc' dir='ltr'>εὐτολῶνή</span> <span class='ocrx_word' id='word_1_118' title='bbox 499 2089 651 2192; x_wconf 84' lang='grc' dir='ltr'>τήρησις</span> <span class='ocrx_word' id='word_1_119' title='bbox 667 2088 734 2192; x_wconf 77' lang='grc' dir='ltr'>τὴν</span> <span class='ocrx_word' id='word_1_120' title='bbox 752 2097 800 2176; x_wconf 86' lang='grc' dir='ltr'>είς</span> <span class='ocrx_word' id='word_1_121' title='bbox 817 2089 859 2172; x_wconf 92' lang='grc' dir='ltr'>τὸ</span> <span class='ocrx_word' id='word_1_122' title='bbox 877 2096 973 2172; x_wconf 87' lang='grc' dir='ltr'>θεῖον</span> <span class='ocrx_word' id='word_1_123' title='bbox 986 2089 1132 2194; x_wconf 86' lang='grc' dir='ltr'>ἀγάπην</span> <span class='ocrx_word' id='word_1_124' title='bbox 1145 2090 1277 2192; x_wconf 84' lang='grc' dir='ltr'>ἀριστα</span> <span class='ocrx_word' id='word_1_125' title='bbox 1294 2088 1487 2196; x_wconf 67' lang='grc' dir='ltr'>ζωγραφεῖ</span> 
     </span>
     <span class='ocr_line' id='line_1_16' title="bbox 286 2211 1546 2318; baseline 0 -26"><span class='ocrx_word' id='word_1_126' title='bbox 286 2216 346 2292; x_wconf 86' lang='grc' dir='ltr'>καὶ</span> <span class='ocrx_word' id='word_1_127' title='bbox 364 2213 485 2317; x_wconf 83' lang='grc' dir='ltr'>ζῶσαν</span> <span class='ocrx_word' id='word_1_128' title='bbox 502 2213 599 2296; x_wconf 83' lang='grc' dir='ltr'>ὅλως</span> <span class='ocrx_word' id='word_1_129' title='bbox 616 2215 675 2294; x_wconf 78' lang='grc' dir='ltr'>καὶ</span> <span class='ocrx_word' id='word_1_130' title='bbox 693 2216 813 2314; x_wconf 87' lang='grc' dir='ltr'>ἀληθῆ</span> <span class='ocrx_word' id='word_1_131' title='bbox 831 2216 1057 2317; x_wconf 91' lang='grc' dir='ltr'>παρίστησιν</span> <span class='ocrx_word' id='word_1_132' title='bbox 1074 2211 1213 2318; x_wconf 82' lang='grc' dir='ltr'>ἀρετὴν,</span> <span class='ocrx_word' id='word_1_133' title='bbox 1225 2214 1289 2292; x_wconf 80' lang='grc' dir='ltr'>οὐκ</span> <span class='ocrx_word' id='word_1_134' title='bbox 1307 2215 1345 2292; x_wconf 81' lang='grc' dir='ltr'>ἐν</span> <span class='ocrx_word' id='word_1_135' title='bbox 1362 2214 1487 2312; x_wconf 86' lang='grc' dir='ltr'>μόναις</span> <span class='ocrx_word' id='word_1_136' title='bbox 1505 2249 1546 2310; x_wconf 83' lang='lat'>15</span> 
     </span>
     <span class='ocr_line' id='line_1_17' title="bbox 252 2335 1484 2444; baseline -0.003 -24"><span class='ocrx_word' id='word_1_137' title='bbox 252 2337 628 2444; x_wconf 76' lang='grc' dir='ltr'>ἀσκιαγραφουμένην</span> <span class='ocrx_word' id='word_1_138' title='bbox 646 2345 722 2422; x_wconf 89' lang='grc' dir='ltr'>ταῖς</span> <span class='ocrx_word' id='word_1_139' title='bbox 746 2338 818 2419; x_wconf 92' lang='grc' dir='ltr'>ἀπὸ</span> <span class='ocrx_word' id='word_1_140' title='bbox 843 2339 1011 2441; x_wconf 79' lang='grc' dir='ltr'>γλώττης</span> <span class='ocrx_word' id='word_1_141' title='bbox 1036 2343 1183 2444; x_wconf 79' lang='grc' dir='ltr'>Φωναῖς,</span> <span class='ocrx_word' id='word_1_142' title='bbox 1203 2335 1365 2439; x_wconf 88' lang='grc' dir='ltr'>καθάπερ</span> <span class='ocrx_word' id='word_1_143' title='bbox 1386 2341 1484 2438; x_wconf 88' lang='grc' dir='ltr'>είρή·</span> 
     </span>
     <span class='ocr_line' id='line_1_18' title="bbox 287 2459 1488 2567; baseline -0.001 -27"><span class='ocrx_word' id='word_1_144' title='bbox 287 2494 410 2559; x_wconf 90' lang='grc' dir='ltr'>καμεν,</span> <span class='ocrx_word' id='word_1_145' title='bbox 429 2464 592 2567; x_wconf 83' lang='grc' dir='ltr'>φαιδροῖς</span> <span class='ocrx_word' id='word_1_146' title='bbox 618 2460 655 2541; x_wconf 76' lang='grc' dir='ltr'>δὲ</span> <span class='ocrx_word' id='word_1_147' title='bbox 681 2459 804 2563; x_wconf 88' lang='grc' dir='ltr'>ῶσπερ</span> <span class='ocrx_word' id='word_1_148' title='bbox 829 2460 1099 2566; x_wconf 74' lang='grc' dir='ltr'>διαπρέπουσαν</span> <span class='ocrx_word' id='word_1_149' title='bbox 1117 2461 1287 2566; x_wconf 81' lang='grc' dir='ltr'>χρώμασι</span> <span class='ocrx_word' id='word_1_150' title='bbox 1311 2468 1388 2546; x_wconf 87' lang='grc' dir='ltr'>ταῖς</span> <span class='ocrx_word' id='word_1_151' title='bbox 1412 2467 1488 2540; x_wconf 91' lang='grc' dir='ltr'>τῶν</span> 
     </span>
     <span class='ocr_line' id='line_1_19' title="bbox 287 2585 1488 2690; baseline 0.002 -27"><span class='ocrx_word' id='word_1_152' title='bbox 287 2585 404 2685; x_wconf 83' lang='grc' dir='ltr'>ἔργων</span> <span class='ocrx_word' id='word_1_153' title='bbox 441 2585 547 2668; x_wconf 77' lang='grc' dir='ltr'>ἰδέαις</span> <span class='ocrx_word' id='word_1_154' title='bbox 584 2587 641 2664; x_wconf 80' lang='grc' dir='ltr'>καὶ</span> <span class='ocrx_word' id='word_1_155' title='bbox 679 2585 890 2690; x_wconf 83' lang='grc' dir='ltr'>ὁλοκλήρως</span> <span class='ocrx_word' id='word_1_156' title='bbox 926 2585 1197 2686; x_wconf 83' lang='grc' dir='ltr'>ἐκλάμπουσαν.</span> <span class='ocrx_word' id='word_1_157' title='bbox 1249 2589 1308 2666; x_wconf 81' lang='grc' dir='ltr'>καὶ</span> <span class='ocrx_word' id='word_1_158' title='bbox 1342 2594 1431 2688; x_wconf 86' lang='grc' dir='ltr'>γοῦν</span> <span class='ocrx_word' id='word_1_159' title='bbox 1466 2587 1488 2666; x_wconf 88' lang='grc' dir='ltr'>ὸ</span> 
     </span>
     <span class='ocr_line' id='line_1_20' title="bbox 247 2705 1486 2814; baseline -0.002 -24"><span class='ocrx_word' id='word_1_160' title='bbox 247 2771 254 2790; x_wconf 59' lang='grc' dir='ltr'>ι</span> <span class='ocrx_word' id='word_1_161' title='bbox 290 2707 424 2810; x_wconf 78' lang='grc' dir='ltr'>Κύριος</span> <span class='ocrx_word' id='word_1_162' title='bbox 451 2709 553 2808; x_wconf 85' lang='grc' dir='ltr'>ἡμῶν</span> <span class='ocrx_word' id='word_1_163' title='bbox 569 2705 712 2808; x_wconf 83' lang='grc' dir='ltr'>Ἰησοῦς</span> <span class='ocrx_word' id='word_1_164' title='bbox 740 2707 942 2812; x_wconf 88' lang='grc' dir='ltr'>ὸΧριστὸς</span> <span class='ocrx_word' id='word_1_165' title='bbox 970 2717 1103 2814; x_wconf 88' lang='grc' dir='ltr'>σαφῶς</span> <span class='ocrx_word' id='word_1_166' title='bbox 1129 2710 1215 2809; x_wconf 71' lang='grc' dir='ltr'>ἡμῖν</span> <span class='ocrx_word' id='word_1_167' title='bbox 1236 2719 1342 2789; x_wconf 85' lang='grc' dir='ltr'>τοῦτο</span> <span class='ocrx_word' id='word_1_168' title='bbox 1365 2743 1486 2810; x_wconf 89' lang='grc' dir='ltr'>παρα-</span> 
     </span>
     <span class='ocr_line' id='line_1_21' title="bbox 117 2830 1552 2950; baseline 0.004 -41"><span class='ocrx_word' id='word_1_169' title='bbox 117 2832 245 2950; x_wconf 49' lang='lat' dir='ltr'>§ifflh&#39;</span> <span class='ocrx_word' id='word_1_170' title='bbox 290 2830 425 2916; x_wconf 81' lang='grc' dir='ltr'>δεικνύς</span> <span class='ocrx_word' id='word_1_171' title='bbox 442 2841 464 2880; x_wconf 91' lang='lat'><strong>“</strong></span> <span class='ocrx_word' id='word_1_172' title='bbox 476 2833 535 2912; x_wconf 83' lang='grc' dir='ltr'>Οὖ</span> <span class='ocrx_word' id='word_1_173' title='bbox 552 2839 624 2916; x_wconf 87' lang='grc' dir='ltr'>πᾶς</span> <span class='ocrx_word' id='word_1_174' title='bbox 646 2834 666 2912; x_wconf 88' lang='grc' dir='ltr'><strong><em>ὁ</em></strong></span> <span class='ocrx_word' id='word_1_175' title='bbox 688 2832 807 2936; x_wconf 82' lang='grc' dir='ltr'>λε’γων</span> <span class='ocrx_word' id='word_1_176' title='bbox 824 2868 883 2932; x_wconf 92' lang='grc' dir='ltr'>μοι</span> <span class='ocrx_word' id='word_1_177' title='bbox 906 2834 1016 2936; x_wconf 82' lang='grc' dir='ltr'>Κύριε</span> <span class='ocrx_word' id='word_1_178' title='bbox 1037 2834 1157 2937; x_wconf 81' lang='grc' dir='ltr'>Κύριε,</span> <span class='ocrx_word' id='word_1_179' title='bbox 1176 2836 1303 2940; x_wconf 78' lang='grc' dir='ltr'>φησὶν,</span> <span class='ocrx_word' id='word_1_180' title='bbox 1323 2833 1484 2914; x_wconf 83' lang='grc' dir='ltr'>εῖσελεά-</span> <span class='ocrx_word' id='word_1_181' title='bbox 1503 2873 1552 2915; x_wconf 76' lang='grc' dir='ltr'>οο</span> 
     </span>
     <span class='ocr_line' id='line_1_22' title="bbox 290 2955 1488 3061; baseline 0.003 -26"><span class='ocrx_word' id='word_1_182' title='bbox 290 2964 310 3002; x_wconf 85' lang='grc'><strong>“</strong></span> <span class='ocrx_word' id='word_1_183' title='bbox 328 2989 432 3036; x_wconf 91' lang='grc' dir='ltr'>σεται</span> <span class='ocrx_word' id='word_1_184' title='bbox 459 2960 508 3040; x_wconf 85' lang='grc' dir='ltr'>είς</span> <span class='ocrx_word' id='word_1_185' title='bbox 535 2955 601 3057; x_wconf 83' lang='grc' dir='ltr'>τήν</span> <span class='ocrx_word' id='word_1_186' title='bbox 627 2959 821 3052; x_wconf 78' lang='grc' dir='ltr'>βασιλείαν</span> <span class='ocrx_word' id='word_1_187' title='bbox 848 2964 921 3038; x_wconf 90' lang='grc' dir='ltr'>τῶν</span> <span class='ocrx_word' id='word_1_188' title='bbox 948 2959 1118 3061; x_wconf 79' lang='grc' dir='ltr'>οὐρανῶν,</span> <span class='ocrx_word' id='word_1_189' title='bbox 1143 2957 1228 3038; x_wconf 85' lang='grc' dir='ltr'>ἀλλ’</span> <span class='ocrx_word' id='word_1_190' title='bbox 1259 2959 1279 3037; x_wconf 91' lang='grc' dir='ltr'><strong><em>ὁ</em></strong></span> <span class='ocrx_word' id='word_1_191' title='bbox 1306 2963 1420 3038; x_wconf 85' lang='grc' dir='ltr'>ποιῶν</span> <span class='ocrx_word' id='word_1_192' title='bbox 1443 2958 1488 3038; x_wconf 91' lang='grc' dir='ltr'>τὸ</span> 
     </span>
     <span class='ocr_line' id='line_1_23' title="bbox 289 3077 1489 3187; baseline 0.001 -27"><span class='ocrx_word' id='word_1_193' title='bbox 289 3089 310 3127; x_wconf 83' lang='grc'><strong>“</strong></span> <span class='ocrx_word' id='word_1_194' title='bbox 328 3077 471 3180; x_wconf 69' lang='grc' dir='ltr'>θέλημα</span> <span class='ocrx_word' id='word_1_195' title='bbox 502 3089 567 3161; x_wconf 86' lang='grc' dir='ltr'>τοῦ</span> <span class='ocrx_word' id='word_1_196' title='bbox 600 3078 745 3184; x_wconf 85' lang='grc' dir='ltr'>Πατρός</span> <span class='ocrx_word' id='word_1_197' title='bbox 773 3117 845 3181; x_wconf 90' lang='grc' dir='ltr'>μου</span> <span class='ocrx_word' id='word_1_198' title='bbox 874 3090 938 3163; x_wconf 84' lang='grc' dir='ltr'>τοῦ</span> <span class='ocrx_word' id='word_1_199' title='bbox 970 3085 1009 3163; x_wconf 81' lang='grc' dir='ltr'>ἐν</span> <span class='ocrx_word' id='word_1_200' title='bbox 1040 3081 1235 3187; x_wconf 79' lang='grc' dir='ltr'>οὖρανοῖς.”</span> <span class='ocrx_word' id='word_1_201' title='bbox 1276 3083 1318 3163; x_wconf 78' lang='grc' dir='ltr'>οὐ</span> <span class='ocrx_word' id='word_1_202' title='bbox 1347 3079 1419 3184; x_wconf 88' lang='grc' dir='ltr'>γάρ</span> <span class='ocrx_word' id='word_1_203' title='bbox 1449 3083 1489 3162; x_wconf 81' lang='grc' dir='ltr'>ἐν</span> 
     </span>
     <span class='ocr_line' id='line_1_24' title="bbox 288 3201 1489 3308; baseline 0.002 -26"><span class='ocrx_word' id='word_1_204' title='bbox 288 3205 416 3307; x_wconf 87' lang='grc' dir='ltr'>ἀργαῖς</span> <span class='ocrx_word' id='word_1_205' title='bbox 450 3201 620 3308; x_wconf 82' lang='grc' dir='ltr'>ῥημάτων</span> <span class='ocrx_word' id='word_1_206' title='bbox 652 3208 851 3290; x_wconf 86' lang='grc' dir='ltr'>κολακείαις</span> <span class='ocrx_word' id='word_1_207' title='bbox 886 3205 909 3306; x_wconf 81' lang='grc' dir='ltr'><strong><em>ἡ</em></strong></span> <span class='ocrx_word' id='word_1_208' title='bbox 945 3207 1082 3300; x_wconf 86' lang='grc' dir='ltr'>πίστις,</span> <span class='ocrx_word' id='word_1_209' title='bbox 1115 3203 1200 3287; x_wconf 84' lang='grc' dir='ltr'>ἀλλ’</span> <span class='ocrx_word' id='word_1_210' title='bbox 1234 3207 1273 3286; x_wconf 80' lang='grc' dir='ltr'>ἐν</span> <span class='ocrx_word' id='word_1_211' title='bbox 1301 3212 1379 3290; x_wconf 90' lang='grc' dir='ltr'>ταῖς</span> <span class='ocrx_word' id='word_1_212' title='bbox 1414 3213 1489 3286; x_wconf 91' lang='grc' dir='ltr'>τῶν</span> 
     </span>
     <span class='ocr_line' id='line_1_25' title="bbox 289 3325 1489 3433; baseline 0.003 -27"><span class='ocrx_word' id='word_1_213' title='bbox 289 3326 478 3428; x_wconf 70' lang='grc' dir='ltr'>δρωμένων</span> <span class='ocrx_word' id='word_1_214' title='bbox 515 3327 684 3427; x_wconf 84' lang='grc' dir='ltr'>ποιότησι</span> <span class='ocrx_word' id='word_1_215' title='bbox 724 3327 959 3432; x_wconf 77' lang='grc' dir='ltr'>δοκιμάζεται·</span> <span class='ocrx_word' id='word_1_216' title='bbox 1010 3331 1068 3408; x_wconf 79' lang='grc' dir='ltr'>καὶ</span> <span class='ocrx_word' id='word_1_217' title='bbox 1109 3337 1198 3433; x_wconf 85' lang='grc' dir='ltr'>γοῦν</span> <span class='ocrx_word' id='word_1_218' title='bbox 1236 3327 1363 3432; x_wconf 81' lang='grc' dir='ltr'>νεκρὸν</span> <span class='ocrx_word' id='word_1_219' title='bbox 1399 3325 1489 3410; x_wconf 78' lang='grc' dir='ltr'>εἶναι</span> 
     </span>
     <span class='ocr_line' id='line_1_26' title="bbox 258 3449 1559 3558; baseline 0.002 -31"><span class='ocrx_word' id='word_1_220' title='bbox 258 3449 422 3549; x_wconf 82' lang='grc' dir='ltr'>οταιίτην</span> <span class='ocrx_word' id='word_1_221' title='bbox 440 3451 482 3530; x_wconf 81' lang='grc' dir='ltr'>οὐ</span> <span class='ocrx_word' id='word_1_222' title='bbox 498 3451 753 3554; x_wconf 71' lang='grc' dir='ltr'>παρεπομεῖιων</span> <span class='ocrx_word' id='word_1_223' title='bbox 770 3459 843 3532; x_wconf 91' lang='grc' dir='ltr'>τῶν</span> <span class='ocrx_word' id='word_1_224' title='bbox 861 3452 976 3556; x_wconf 77' lang='grc' dir='ltr'>ἔργων</span> <span class='ocrx_word' id='word_1_225' title='bbox 994 3453 1017 3552; x_wconf 86' lang='grc' dir='ltr'>ή</span> <span class='ocrx_word' id='word_1_226' title='bbox 1040 3453 1118 3533; x_wconf 89' lang='grc' dir='ltr'>θεία</span> <span class='ocrx_word' id='word_1_227' title='bbox 1142 3452 1240 3556; x_wconf 80' lang='grc' dir='ltr'>λε’γει</span> <span class='ocrx_word' id='word_1_228' title='bbox 1265 3451 1404 3558; x_wconf 90' lang='grc' dir='ltr'>γραφή.</span> <span class='ocrx_word' id='word_1_229' title='bbox 1443 3449 1488 3534; x_wconf 92' lang='grc' dir='ltr'>τὸ</span> <span class='ocrx_word' id='word_1_230' title='bbox 1506 3489 1559 3549; x_wconf 81' lang='lat'>²5</span> 
     </span>
    </p>
   </div>
   <div class='ocr_carea' id='block_1_3' title="bbox 119 3323 243 3449">
    <p class='ocr_par' dir='ltr' id='par_1_5' title="bbox 119 3323 243 3449">
     <span class='ocr_line' id='line_1_27' title="bbox 119 3323 243 3376; baseline -0.016 0"><span class='ocrx_word' id='word_1_231' title='bbox 119 3325 207 3376; x_wconf 64' lang='lat' dir='ltr'><strong>asso.</strong></span> <span class='ocrx_word' id='word_1_232' title='bbox 215 3323 243 3374; x_wconf 84' lang='lat' dir='ltr'>ii.</span> 
     </span>
     <span class='ocr_line' id='line_1_28' title="bbox 121 3387 208 3449; baseline -0.023 -7"><span class='ocrx_word' id='word_1_233' title='bbox 121 3404 160 3449; x_wconf 68' lang='grc' dir='ltr'>ιο,</span> <span class='ocrx_word' id='word_1_234' title='bbox 169 3387 208 3440; x_wconf 79' lang='lat'>26.</span> 
     </span>
    </p>
   </div>
   <div class='ocr_carea' id='block_1_4' title="bbox 119 3571 1573 4301">
    <p class='ocr_par' dir='ltr' id='par_1_6' title="bbox 119 3571 1573 4301">
     <span class='ocr_line' id='line_1_29' title="bbox 119 3571 1488 3683; baseline 0.007 -31"><span class='ocrx_word' id='word_1_235' title='bbox 119 3577 210 3644; x_wconf 83' lang='lat' dir='ltr'>1b.19.</span> <span class='ocrx_word' id='word_1_236' title='bbox 288 3571 354 3671; x_wconf 75' lang='grc' dir='ltr'>μὲν</span> <span class='ocrx_word' id='word_1_237' title='bbox 372 3571 445 3675; x_wconf 88' lang='grc' dir='ltr'>γάρ</span> <span class='ocrx_word' id='word_1_238' title='bbox 462 3574 597 3672; x_wconf 75' lang='grc' dir='ltr'>εἰδέναι,</span> <span class='ocrx_word' id='word_1_239' title='bbox 617 3578 742 3683; x_wconf 75' lang='grc' dir='ltr'>φησίν,</span> <span class='ocrx_word' id='word_1_240' title='bbox 761 3575 816 3657; x_wconf 82' lang='grc' dir='ltr'>ὅτι</span> <span class='ocrx_word' id='word_1_241' title='bbox 834 3578 855 3656; x_wconf 90' lang='grc' dir='ltr'>ὸ</span> <span class='ocrx_word' id='word_1_242' title='bbox 875 3575 968 3662; x_wconf 92' lang='grc' dir='ltr'>Θεὸς</span> <span class='ocrx_word' id='word_1_243' title='bbox 985 3575 1035 3663; x_wconf 79' lang='grc' dir='ltr'>εἷς</span> <span class='ocrx_word' id='word_1_244' title='bbox 1053 3580 1163 3676; x_wconf 81' lang='grc' dir='ltr'>ἔστιν,</span> <span class='ocrx_word' id='word_1_245' title='bbox 1182 3577 1246 3658; x_wconf 81' lang='grc' dir='ltr'>οὐκ</span> <span class='ocrx_word' id='word_1_246' title='bbox 1264 3579 1302 3657; x_wconf 83' lang='grc' dir='ltr'>ἐν</span> <span class='ocrx_word' id='word_1_247' title='bbox 1319 3577 1488 3661; x_wconf 87' lang='grc' dir='ltr'>διανοίαις</span> 
     </span>
     <span class='ocr_line' id='line_1_30' title="bbox 288 3696 1488 3801; baseline 0.007 -25"><span class='ocrx_word' id='word_1_248' title='bbox 288 3696 527 3799; x_wconf 88' lang='grc' dir='ltr'>ἀνθροιπίναις</span> <span class='ocrx_word' id='word_1_249' title='bbox 561 3697 760 3801; x_wconf 82' lang='grc' dir='ltr'>εὑρήσομεν</span> <span class='ocrx_word' id='word_1_250' title='bbox 795 3698 917 3799; x_wconf 92' lang='grc' dir='ltr'>μόνον,</span> <span class='ocrx_word' id='word_1_251' title='bbox 950 3700 1051 3782; x_wconf 89' lang='grc' dir='ltr'>ἀλλά</span> <span class='ocrx_word' id='word_1_252' title='bbox 1088 3704 1146 3780; x_wconf 86' lang='grc' dir='ltr'>καὶ</span> <span class='ocrx_word' id='word_1_253' title='bbox 1182 3702 1221 3780; x_wconf 79' lang='grc' dir='ltr'>ἐν</span> <span class='ocrx_word' id='word_1_254' title='bbox 1257 3700 1375 3784; x_wconf 80' lang='grc' dir='ltr'>αὐτοῖς</span> <span class='ocrx_word' id='word_1_255' title='bbox 1411 3707 1488 3784; x_wconf 89' lang='grc' dir='ltr'>τοῖς</span> 
     </span>
     <span class='ocr_line' id='line_1_31' title="bbox 287 3818 1488 3928; baseline 0.004 -29"><span class='ocrx_word' id='word_1_256' title='bbox 287 3818 501 3925; x_wconf 89' lang='grc' dir='ltr'>ἀκαθάρτοις</span> <span class='ocrx_word' id='word_1_257' title='bbox 520 3819 740 3920; x_wconf 90' lang='grc' dir='ltr'>δαίμοσιν,ἀ</span> <span class='ocrx_word' id='word_1_258' title='bbox 764 3827 823 3903; x_wconf 84' lang='grc' dir='ltr'>καὶ</span> <span class='ocrx_word' id='word_1_259' title='bbox 848 3825 988 3928; x_wconf 82' lang='grc' dir='ltr'>φρίττει</span> <span class='ocrx_word' id='word_1_260' title='bbox 1013 3826 1072 3904; x_wconf 80' lang='grc' dir='ltr'>καὶ</span> <span class='ocrx_word' id='word_1_261' title='bbox 1098 3825 1165 3928; x_wconf 81' lang='grc' dir='ltr'>οὐχ</span> <span class='ocrx_word' id='word_1_262' title='bbox 1192 3823 1318 3904; x_wconf 81' lang='grc' dir='ltr'>ἑκόντα</span> <span class='ocrx_word' id='word_1_263' title='bbox 1339 3821 1405 3922; x_wconf 86' lang='grc' dir='ltr'>τὴν</span> <span class='ocrx_word' id='word_1_264' title='bbox 1421 3831 1488 3904; x_wconf 84' lang='grc' dir='ltr'>τοῦ</span> 
     </span>
     <span class='ocr_line' id='line_1_32' title="bbox 287 3943 1489 4052; baseline 0.002 -29"><span class='ocrx_word' id='word_1_265' title='bbox 287 3943 507 4044; x_wconf 90' lang='grc' dir='ltr'>ποιήσαντος</span> <span class='ocrx_word' id='word_1_266' title='bbox 543 3945 704 4042; x_wconf 82' lang='grc' dir='ltr'>δύναμιν.</span> <span class='ocrx_word' id='word_1_267' title='bbox 758 3945 800 4026; x_wconf 90' lang='grc' dir='ltr'>τὸ</span> <span class='ocrx_word' id='word_1_268' title='bbox 836 3947 951 4050; x_wconf 83' lang='grc' dir='ltr'>γεμὴν</span> <span class='ocrx_word' id='word_1_269' title='bbox 987 3947 1192 4052; x_wconf 79' lang='grc' dir='ltr'>σύνδρομον</span> <span class='ocrx_word' id='word_1_270' title='bbox 1225 3951 1406 4028; x_wconf 89' lang='grc' dir='ltr'>ποιεῖσθαι</span> <span class='ocrx_word' id='word_1_271' title='bbox 1441 3954 1489 4051; x_wconf 81' lang='grc' dir='ltr'>τῇ</span> 
     </span>
     <span class='ocr_line' id='line_1_33' title="bbox 287 4067 1573 4179; baseline -0.001 -29"><span class='ocrx_word' id='word_1_272' title='bbox 287 4069 409 4150; x_wconf 85' lang='grc' dir='ltr'>πίστει</span> <span class='ocrx_word' id='word_1_273' title='bbox 427 4067 493 4169; x_wconf 82' lang='grc' dir='ltr'>τήν</span> <span class='ocrx_word' id='word_1_274' title='bbox 511 4067 583 4150; x_wconf 92' lang='grc' dir='ltr'>ἀπὸ</span> <span class='ocrx_word' id='word_1_275' title='bbox 601 4075 674 4149; x_wconf 91' lang='grc' dir='ltr'>τῶν</span> <span class='ocrx_word' id='word_1_276' title='bbox 692 4071 882 4171; x_wconf 72' lang='grc' dir='ltr'>δρωμένων</span> <span class='ocrx_word' id='word_1_277' title='bbox 900 4071 1134 4179; x_wconf 86' lang='grc' dir='ltr'>φαιδρότητα,</span> <span class='ocrx_word' id='word_1_278' title='bbox 1148 4069 1269 4170; x_wconf 86' lang='grc' dir='ltr'>μόνοις</span> <span class='ocrx_word' id='word_1_279' title='bbox 1287 4069 1332 4148; x_wconf 85' lang='grc' dir='ltr'>ἀν</span> <span class='ocrx_word' id='word_1_280' title='bbox 1349 4069 1490 4173; x_wconf 71' lang='grc' dir='ltr'>τρίπον</span> <span class='ocrx_word' id='word_1_281' title='bbox 1512 4103 1573 4162; x_wconf 81' lang='lat'>30</span> 
     </span>
     <span class='ocr_line' id='line_1_34' title="bbox 289 4190 1491 4301; baseline 0.001 -29"><span class='ocrx_word' id='word_1_282' title='bbox 289 4195 347 4272; x_wconf 82' lang='grc' dir='ltr'>καὶ</span> <span class='ocrx_word' id='word_1_283' title='bbox 365 4190 555 4291; x_wconf 82' lang='grc' dir='ltr'>ἐλλάμπον</span> <span class='ocrx_word' id='word_1_284' title='bbox 573 4194 687 4301; x_wconf 71' lang='grc' dir='ltr'>ὁρῷτο</span> <span class='ocrx_word' id='word_1_285' title='bbox 705 4199 779 4278; x_wconf 92' lang='grc' dir='ltr'>τοῖς</span> <span class='ocrx_word' id='word_1_286' title='bbox 798 4197 944 4295; x_wconf 89' lang='grc' dir='ltr'>ἀληθῶς</span> <span class='ocrx_word' id='word_1_287' title='bbox 961 4197 1134 4299; x_wconf 83' lang='grc' dir='ltr'>ἀγαπῶσι</span> <span class='ocrx_word' id='word_1_288' title='bbox 1152 4191 1335 4275; x_wconf 86' lang='grc' dir='ltr'>τὸνθεόν.</span> <span class='ocrx_word' id='word_1_289' title='bbox 1360 4193 1491 4276; x_wconf 82' lang='grc' dir='ltr'>οὐκοῦν</span> 
     </span>
    </p>
   </div>
   <div class='ocr_carea' id='block_1_5' title="bbox 289 4463 1491 4605">
    <p class='ocr_par' dir='ltr' id='par_1_7' title="bbox 289 4463 1491 4605">
     <span class='ocr_line' id='line_1_35' title="bbox 289 4463 1491 4605; baseline 0.002 -86"><span class='ocrx_word' id='word_1_290' title='bbox 289 4463 509 4605; x_wconf 47' lang='grc' dir='ltr'>3οηπήὲήητφοὶλέἆ</span> <span class='ocrx_word' id='word_1_291' title='bbox 523 4535 553 4590; x_wconf 42' lang='lat' dir='ltr'>E·</span> <span class='ocrx_word' id='word_1_292' title='bbox 642 4465 681 4522; x_wconf 81' lang='lat'>16.</span> <span class='ocrx_word' id='word_1_293' title='bbox 701 4464 766 4539; x_wconf 79' lang='grc' dir='ltr'>ἀπὸ]</span> <span class='ocrx_word' id='word_1_294' title='bbox 783 4473 809 4532; x_wconf 72' lang='lat'>4</span> <span class='ocrx_word' id='word_1_295' title='bbox 826 4467 870 4536; x_wconf 74' lang='grc' dir='ltr'>τῆς</span> <span class='ocrx_word' id='word_1_296' title='bbox 883 4465 935 4523; x_wconf 84' lang='lat' dir='ltr'>Ed.</span> <span class='ocrx_word' id='word_1_297' title='bbox 947 4466 1032 4524; x_wconf 82' lang='lat' dir='ltr'><strong>invito</strong></span> <span class='ocrx_word' id='word_1_298' title='bbox 1045 4467 1076 4523; x_wconf 87' lang='lat' dir='ltr'>E.</span> <span class='ocrx_word' id='word_1_299' title='bbox 1257 4477 1299 4534; x_wconf 85' lang='lat'>17.</span> <span class='ocrx_word' id='word_1_300' title='bbox 1317 4465 1442 4536; x_wconf 78' lang='grc' dir='ltr'>φαιδροῖς</span> <span class='ocrx_word' id='word_1_301' title='bbox 1454 4463 1491 4522; x_wconf 80' lang='grc' dir='ltr'>Ε.</span> 
     </span>
    </p>
   </div>
   <div class='ocr_carea' id='block_1_6' title="bbox 0 0 1628 5112">
    <p class='ocr_par' dir='ltr' id='par_1_8' title="bbox 0 0 1628 5112">
     <span class='ocr_line' id='line_1_36' title="bbox 0 0 1628 5112; baseline 0 0"><span class='ocrx_word' id='word_1_302' title='bbox 0 0 1628 5112; x_wconf 95' lang='lat' dir='ltr'> </span> 
     </span>
    </p>
   </div>
  </div>
 </body>
</html>
