3118 5132
284 321 351 384 ιιι
589 321 627 387 Β.
653 317 864 386 omnm
894 319 1182 384 ALEXANDR.
1373 317 1438 383 xiv.
1454 335 1490 402 9.

287 481 369 564 ὅποι
393 482 482 565 ποτέ
507 488 683 581 βαδιεῖται
710 489 774 584 τῆς
802 485 937 569 εὐθείας
965 481 1050 565 ὁδοῦ
1078 482 1295 565 διεκπίπτων
1317 483 1337 560 ὁ
1364 477 1492 581 λόγος,

288 613 347 687 καὶ
366 614 414 692 εἷς
433 606 508 688 οἷον
528 607 733 712 ἀποκομίζει
751 608 937 712 βάραθρον
956 609 1038 694 τοὺς
1057 611 1169 688 ἐκεῖνα
1186 602 1489 712 πεφρονηκάτας;

258 731 389 811 θάλλά
407 734 474 828 ναὶ,
493 733 650 830 δύναται,
670 735 775 838 φησὶ,
794 731 908 810 καίτοι
926 730 1075 833 γενητὸς
1101 731 1274 836 ὑπάρχων
1292 731 1312 809 ὁ
1330 727 1416 811 Υἱὸς
1439 727 1495 805 τὰ

287 859 350 952 τῆς
376 855 523 963 φύσεως
547 856 637 960 ἔργα
660 864 837 960 πληροῦν,
856 854 968 962 δόξαν
986 857 1079 936 οὕτω
1098 862 1150 962 τῷ
1168 860 1252 960 Θεῷ
1271 856 1330 933 καὶ
1350 853 1488 952 Πατρί.

287 975 363 1059 εἷτα
390 981 428 1060 τί
451 981 580 1062 τούτου
608 987 773 1087 φανεῖται
800 977 842 1060 τὸ
871 979 1186 1082 δυσσεβέστερον,
1220 976 1321 1058 οῦδὲν
1339 973 1409 1078 γάρ
1434 975 1494 1054 ἔτι
1515 1000 1542 1060 5

287 1101 330 1184 τὸ
348 1104 468 1208 μεῖζον
485 1105 564 1206 ἤτοι
586 1104 629 1185 τὸ
652 1103 765 1185 πλέον
782 1106 820 1184 ἐν
840 1109 923 1210 Θεῷ
941 1102 1040 1207 παρὰ
1058 1101 1123 1202 τὴν
1142 1105 1271 1198 κτίσιν,
1289 1107 1319 1180 εῖ
1340 1102 1398 1180 καὶ
1418 1098 1496 1197 τὴν

287 1231 352 1327 τῆς
377 1225 546 1328 θεότητος
573 1225 685 1334 δόξαν
705 1263 744 1308 τε
771 1230 831 1308 καὶ
854 1226 1005 1325 δύναμιν
1027 1228 1116 1333 αὑτῇ
1140 1224 1395 1330 περιθήσομεν.
1434 1219 1494 1320 μὴ

287 1349 360 1454 γάρ
378 1385 432 1436 τις
449 1353 488 1432 ε’κ
506 1354 796 1458 φρενοβλαβείας
815 1350 945 1431 οἰέσθω
964 1355 1106 1450 πολλῆς
1128 1347 1353 1458 ἀξιάγοστόν
1371 1380 1405 1425 τι
1427 1348 1495 1425 καὶ

288 1475 383 1578 μέγα
397 1479 590 1579 περῖὙῖοῦ
609 1475 754 1583 φρονεῖν
772 1510 810 1554 τε
830 1479 888 1555 καὶ
907 1474 1035 1576 λέγειν,
1054 1475 1108 1554 ὅτι
1127 1475 1263 1574 κτίσμα
1284 1472 1351 1572 μέν
1367 1473 1494 1567 ἐστιν,
1553 1519 1554 1526 1

289 1601 358 1705 οὑχ
375 1603 424 1685 ὡς
443 1599 481 1680 ἓν
500 1600 538 1680 δὲ
556 1607 629 1680 τιῦν
647 1599 867 1697 κτισμάτων·
897 1595 989 1680 ἰῖττω
1008 1598 1046 1680 δέ
1064 1601 1106 1679 οὑ
1121 1604 1254 1703 μικρῶς
1272 1600 1402 1677 ἀδικῶν
1420 1594 1496 1694 τὴν
1518 1629 1554 1670 τε

121 1743 187 1801 ’179
196 1741 238 1796 A·
261 1723 404 1830 αδόξαν
421 1726 543 1806 αὑτοῦ.
582 1725 624 1803 οὑ
647 1722 720 1826 γάρ
748 1729 778 1803 εἰ
803 1724 985 1831 ἐξαίρετον
1003 1724 1075 1829 ἔχει
1099 1723 1166 1823 τὴν
1185 1723 1299 1829 φύσιν
1317 1718 1416 1821 παρὰ
1441 1719 1497 1799 τὰ

290 1848 392 1928 ἀλλα
423 1849 605 1946 κτίσματα
638 1847 816 1952 ζητητέον,
844 1849 929 1926 ἀλλ’
958 1855 987 1928 εί
1017 1848 1165 1952 γέγονεν
1192 1847 1298 1929 ὅλως.
1346 1843 1496 1945 τὸγὰρ

289 1969 378 2052 εῖναι
415 1974 552 2073 κτίσμα
581 1980 660 2058 πῶς
691 1973 736 2052 ἀν
766 1970 947 2079 διαφύγοι,
976 1979 1005 2054 εῖ
1038 1977 1096 2054 καὶ
1129 1970 1275 2052 πάντων
1304 1972 1382 2048 ἐστὶ
1414 1976 1497 2046 τῶν

290 2095 501 2198 κτισμάτων
528 2094 571 2178 τὸ
599 2096 829 2194 κάλλιστον,
872 2097 1100 2198 ἀδικουμένης
1129 2096 1167 2177 δὲ
1195 2101 1258 2196 τῆς
1286 2094 1395 2201 δόξης
1422 2103 1496 2172 τοῦ

290 2226 382 2302 Υἱοῦ
414 2224 452 2302 έν
483 2227 535 2330 τῷ
567 2221 739 2323 γενέσθαι
771 2221 894 2322 λέγειν
925 2221 1043 2320 αὑτὸν,
1076 2223 1115 2302 τί
1142 2221 1260 2322 μάτην
1291 2219 1491 2320 ἐπάγουσι,
1518 2243 1554 2302 ¹5

291 2343 453 2450 καθάπερ
471 2381 506 2426 τι
525 2343 718 2449 φάρμακον
737 2347 845 2452 αὑτῷ,
863 2342 905 2426 τὸ
923 2349 962 2424 έν
980 2351 1031 2454 τῷ
1056 2347 1247 2452 καλλίστῳ
1270 2351 1342 2424 τῶν
1360 2342 1496 2422 ἀλλων

291 2469 463 2574 ὑπάρχειν
492 2471 620 2577 τόπιρς
662 2471 854 2573 ὑβριοῦμεν
886 2479 1078 2574 τοιγαροῦν
1110 2471 1176 2570 τὴν
1205 2477 1269 2549 τοῦ
1302 2473 1397 2548 Θεοῦ
1430 2470 1496 2545 καὶ

210 2647 214 2654 -
292 2593 438 2697 Πατρῖις
464 2594 602 2692 οὑσίαν,
625 2599 655 2672 εῖ
680 2601 793 2673 ταῦτα
818 2592 996 2676 δύνασθαι
1023 2601 1221 2698 κατορθοῦν
1245 2590 1495 2696 περιθήσομεν
1525 2643 1534 2654 ·

272 2722 342 2825 ’τῷ
369 2722 458 2825 Υίῷ,
486 2723 625 2825 γενητῷ
656 2721 714 2797 καὶ
747 2719 843 2826 αὑτῷ
876 2719 1101 2823 τυγχάνοντι,
1130 2715 1221 2799 κατά
1253 2718 1317 2798 τὸν
1348 2717 1495 2796 ἐκείνων

257 2842 412 2940 οάμαθῆ
431 2845 490 2921 καὶ
514 2839 689 2921 ἀσύνετον
708 2841 900 2944 λογισμόν.
932 2846 995 2923 οὑκ
1020 2843 1217 2950 ἀνεξόμεθα
1244 2840 1283 2921 δέ
1308 2839 1494 2940 λεγόντων
1512 2881 1554 2920 20

291 2966 420 3064 αὑτῶν,
449 2965 504 3047 ὅτι
536 2965 583 3046 τά
614 2971 679 3066 τῆς
709 2964 875 3067 θεότητος
906 2967 995 3070 ἔργα
1024 2973 1203 3070 κατορθοῖ,
1232 2967 1367 3063 κτίσμα
1397 2963 1495 3043 κατὰ

291 3088 408 3195 φύσιν
436 3090 608 3196 ὑπάρχων
636 3093 655 3170 ὁ
683 3089 782 3190 Υἱὸς,
810 3094 904 3172 οὕτω
933 3091 1044 3198 δόξαν
1071 3097 1122 3198 τῷ
1151 3095 1235 3197 Θεῷ
1266 3093 1324 3168 καὶ
1354 3090 1503 3188 Πατρί.·

289 3219 322 3293 εἰ
349 3213 416 3312 μὲν
440 3214 510 3318 γάρ
538 3217 662 3322 έχουσι
687 3216 855 3295 δεικνύειν
879 3224 986 3296 τοῦτο
1014 3214 1086 3295 ἀπὸ
1113 3218 1177 3313 τῆς
1205 3214 1300 3297 θείας
1327 3216 1492 3320 γραφῆς,

290 3338 608 3443 παρακομιζόντων
635 3339 659 3420 ἀ
686 3339 894 3439 βούλονται,
919 3343 978 3420 καὶ
1009 3339 1280 3439 ἀκαπηλεύτους
1314 3339 1398 3436 ἡμῖν
1425 3334 1496 3422 τὰς

190 3517 191 3526 1
290 3469 364 3542 τῶν
383 3464 496 3564 ἁγίων
514 3465 718 3567 τηρούντων
738 3464 874 3568 φωνάς·
906 3471 936 3544 εί
955 3463 992 3544 δὲ
1010 3463 1155 3566 γνώμης
1179 3464 1268 3546 ίδίας
1291 3459 1491 3563 εὑρήματα,
1513 3497 1553 3555 25

292 3588 351 3664 καὶ
369 3583 451 3669 τοῦς
470 3590 528 3667 ε’πὶ
546 3589 662 3696 τούτῳ
680 3588 889 3688 πεποίηνται
908 3584 1118 3690 λογισμοὺς,
1137 3587 1327 3692 χαριέντως
1344 3587 1497 3688 ἐροῦμεν

123 3712 213 3842 Ξῖξ
294 3719 316 3758 “
335 3711 430 3791 Οῦαὶ
448 3717 522 3796 τοῖς
539 3711 833 3817 προφητεύουσιν
851 3711 923 3792 ἀπὸ
942 3713 1087 3814 καρδίας
1106 3711 1259 3790 αὑτῶν·”
1289 3713 1401 3790 ἐκεῖνα
1419 3709 1496 3812 γὰρ

265 3835 461 3935 οδιίσομεν
485 3833 619 3915 ἐθέλειν
643 3837 696 3914 ἀεὶ
723 3833 787 3915 τάν
807 3835 965 3939 Πατέρα,
984 3833 1009 3916 ἃ
1034 3833 1100 3936 τὴν
1122 3836 1219 3916 θείαν
1242 3835 1351 3913 αὑτοῦ
1379 3831 1498 3939 δόξαν

295 3958 598 4064 ἀπαραχάρακτον
622 3955 694 4038 οἶδε
722 3967 851 4062 τηρεῖν,
874 3962 933 4039 καῖ
960 3966 1033 4039 τῶν
1056 3961 1137 4062 περὶ
1165 3960 1274 4038 αὑτοῦ
1301 3957 1497 4060 δογμάτων

295 4083 460 4188 διασώζει
484 4083 550 4184 τὴν
572 4083 762 4186 ὀρθότητα.
799 4085 928 4163 οὐκοῦν
950 4091 1027 4168 ταῖς
1050 4083 1191 4164 ἐκείνων
1213 4083 1421 4166 ἀσυνεσίαις
1448 4080 1495 4162 τὸ
1512 4120 1553 4176 30

295 4211 474 4314 ε’ῤῥῶσθαι
493 4205 709 4315 φράσαντες,
727 4208 785 4288 ε’πῖ
810 4206 874 4288 τὸν
893 4210 1013 4307 ἀληθῆ
1038 4210 1120 4310 περὶ
1143 4207 1252 4286 αὑτοῦ
1275 4205 1497 4311 χωρήσομεν

296 4476 520 4621 31132pffiffl}
530 4481 561 4536 ὃν
572 4479 739 4623 {max}
751 4479 774 4606 ἕ
786 4478 955 4623 mma
967 4495 1094 4608 Ean-24.
1113 4475 1376 4544 ὁΥἱὸς-βοὺλονται
1388 4493 1443 4532 om.
1459 4477 1494 4534 Ε.
