3248 5112
296 326 361 392 502
604 331 643 397 Β.
668 332 880 400 OYRILLI
909 333 1198 402 ALEXANDR.
1372 335 1445 401 xiv.
1461 354 1528 418 24·

298 492 400 574 ἐστιν
422 491 446 595 ἢ
471 493 618 599 ἀγαθὸς,
642 503 672 579 εί
698 501 757 579 καὶ
782 501 847 580 οὐκ
874 505 924 585 είς
951 500 1062 604 ἀκρον
1083 500 1256 603 πονηρίας
1283 497 1409 604 τυχὸν,
1431 500 1527 600 ἤτοι

298 621 364 717 τῆς
390 620 626 721 ἀγαθύτητος.
668 623 798 704 οὐκοῦν
821 621 1013 730 ἰσχύοντος
1040 627 1079 705 έν
1100 625 1186 725 ἡμῖν
1209 632 1274 704 τοῦ
1300 621 1390 721 ένδς,
1415 626 1522 703 ἀτο·

301 741 403 844 νὴσει
430 741 575 830 πάντως
602 743 644 827 τὸ
672 745 803 851 ἕτερον,
820 745 997 846 τουτέστι,
1016 746 1059 830 τὸ
1083 747 1249 833 ἐναντίως
1272 745 1368 853 έχον.
1411 753 1446 826 εί
1474 746 1525 827 δέ

266 868 339 948 δέν
360 873 412 974 τῷ
437 872 594 972 τηρῆσαι
617 868 684 956 τάς
704 868 854 956 έντολάς
880 869 924 952 τὸ
951 875 1016 972 τῆς
1042 873 1170 976 ἀρετῆς
1195 867 1286 956 εἶδός
1312 871 1406 968 ἐστι,
1429 877 1523 955 πῶς

301 992 381 1096 οὐχὶ
412 991 697 1096 προδηλότατον,
727 997 776 1080 ὡς
805 996 843 1075 ἐν
871 1001 923 1104 τῷ
955 994 1006 1096 μὴ
1037 999 1195 1099 τηρῆσαι
1225 997 1291 1094 τῆς
1322 994 1453 1078 κακίας
1491 995 1554 1094 ἡ5

300 1115 465 1218 γένεσις;
507 1116 690 1200 ἀπόκειται
720 1116 759 1198 δέ
791 1116 918 1220 ὥσπερ
949 1124 1001 1228 τῷ
1030 1116 1237 1223 τετηρηκότι
1269 1115 1313 1198 τὸ
1343 1117 1442 1222 ἔχειν
1469 1120 1519 1196 ἐν

299 1243 414 1349 ἐαυτῷ
436 1241 501 1322 τὸν
521 1242 669 1346 Πατέρα
693 1245 752 1323 καί
777 1241 841 1324 τὸν
858 1241 959 1343 Υίὸν,
979 1241 1067 1348 ὅπερ
1092 1244 1193 1324 ἐστὶν
1211 1240 1357 1341 ἀπάσης
1381 1246 1514 1341 θυμη-

300 1367 379 1450 δίας
410 1400 449 1447 τε
477 1373 536 1447 καὶ
566 1364 675 1475 δόξης
707 1365 802 1474 ἀρχὴ
834 1369 893 1448 καί
926 1364 1108 1452 ἀπόθεσις·
1151 1369 1245 1447 οὕτω
1277 1367 1336 1446 καὶ
1365 1370 1420 1471 τῷ
1452 1363 1515 1464 μὴ

299 1488 499 1594 τηρήσαντι
526 1489 569 1572 τὸ
597 1492 730 1592 ἥκιστα
757 1497 953 1597 μετασχεῖν
980 1494 1045 1591 ιη”ς
1072 1492 1169 1576 θείας
1195 1491 1318 1570 τεκαὶ
1344 1490 1515 1594 ἀρῥήτου

301 1614 457 1722 φύσεως,
477 1613 565 1719 ὅπερ
590 1617 691 1696 ἐστὶν
712 1613 854 1700 οὐδενὸς
877 1613 920 1697 τὸ
943 1613 1096 1716 σύμπαν
1118 1610 1321 1698 ἀπόλαυσις
1346 1615 1505 1715 ἀγαθοῦ.
1529 1654 1570 1696 ιο

301 1739 430 1819 οῦκοῦν
448 1737 546 1848 ε’ίτῳ
569 1737 684 1821 καλὸν
701 1743 759 1821 καί
783 1739 1001 1847 ἀξιέραστον
1018 1735 1106 1820 εἶναι
1131 1741 1230 1818 δοκεῖ
1249 1736 1293 1819 τὸ
1316 1740 1381 1837 τῆς
1404 1737 1514 1822 θείας

270 1861 448 1971 θφύσεως
481 1871 708 1971 μεταλαχεΐν,
736 1863 1003 1963 ἐνδιαιτώμενύν
1034 1896 1073 1943 τε
1105 1865 1163 1943 καὶ
1193 1864 1396 1942 ἐνοικοῦντα
1427 1869 1513 1946 τοῖς

299 1989 365 2086 τῆς
388 1987 536 2092 καρδίας
560 1989 728 2089 ταμιείοις
752 1985 817 2068 τὸν
833 1993 906 2068 τῶν
925 1985 1023 2068 ὅλων
1041 1985 1134 2091 ἐχειν
1152 1986 1300 2088 Πατέρα
1324 1987 1383 2065 καὶ
1404 1983 1510 2066 θεὸν

299 2110 343 2190 δι’
363 2116 454 2192 Υίοῦ
481 2113 519 2193 ἐν
538 2113 733 2213 Πνεύματι,
751 2109 931 2215 διανιζέτω
956 2108 1024 2211 τὴν
1044 2111 1171 2190 ἐαυτοῦ
1196 2107 1333 2216 ψυχὴν,
1351 2111 1409 2188 καὶ
1435 2107 1510 2210 τὴν

299 2236 338 2315 ἐκ
365 2238 430 2334 τῆς
458 2234 697 2343 φαυλότητος,
723 2233 768 2316 δι’
790 2232 841 2315 ὦν
868 2233 914 2315 ἀν
941 2234 1085 2316 δύναιτο
1109 2231 1266 2337 τρόπων,
1289 2239 1438 2332 μᾶλλον
1463 2233 1507 2312 δέ
1526 2273 1563 2330 ¹5

299 2358 359 2440 διὰ
381 2360 505 2462 πόσης
529 2361 775 2465 ἀγαθονργίας
798 2359 1022 2465 ἀποτριβέτω
1040 2362 1182 2458 κηλῖδα.
1219 2363 1412 2462 χρηματιεΐ
1426 2355 1507 2458 γὰρ

299 2479 380 2564 τότε
406 2482 490 2568 ναὸς
515 2483 627 2568 ὅντως
644 2489 754 2564 Θεοῦ·
785 2483 1034 2564 ἀναπαύσεται
1058 2480 1096 2562 δέ
1119 2483 1158 2561 ἐν
1177 2481 1275 2588 αὐτῷ
1300 2481 1359 2561 καὶ
1384 2515 1502 2560 κατα-

300 2605 417 2703 λύσει,
437 2605 529 2686 κατά
553 2605 596 2687 τὸ
620 2605 879 2711 γεγραμμένον.
917 2607 959 2687 οῦ
977 2604 1050 2710 γάρ
1069 2605 1172 2686 ἔσται
1191 2602 1268 2685 κατ’
1287 2606 1418 2685 ἐκεῖνον
1436 2605 1507 2686 τὸν

300 2731 339 2809 ἐν
360 2737 435 2814 τοῖς
462 2731 683 2833 εὐαγγελίοις
711 2729 857 2831 νομικὸν
881 2730 1149 2831 ὠνομασμένον,
1168 2725 1207 2813 ἀς
1228 2726 1294 2829 τὴν
1310 2725 1411 2830 παρά
1437 2737 1506 2808 τοῦ

302 2857 469 2956 Σωτῆρος
497 2856 540 2934 οὐ
566 2855 769 2958 περιμείνας
793 2851 909 2959 χάριν,
932 2853 1152 2955 αὐτόκλητος
1176 2849 1265 2933 εἶναι
1290 2848 1382 2954 πρὸς
1409 2854 1500 2933 ἀκο-
1520 2889 1560 2928 20

265 2978 477 3078 δλούθησιν
505 2980 587 3087 ἐφη,
614 2981 674 3059 καὶ
702 2977 769 3080 τὴν
800 2980 912 3064 οὕτως
942 2977 1169 3086 ἀξιάγαστον
1198 2975 1366 3080 ἁρπάζων
1393 2974 1504 3076 τιμήν

299 3109 395 3208 φησι
426 3114 449 3152 “
458 3101 684 3202 Διδάσκαλε,
720 3102 963 3203 ἀκολουθήσω
999 3136 1062 3182 σοι
1098 3101 1189 3182 ὅπου
1225 3099 1287 3180 ἐὰν
1324 3099 1502 3205 ἀπέρχῃ·”

298 3225 400 3308 ἀλλά
426 3229 466 3308 τί
488 3227 579 3332 πρὸς
603 3226 755 3308 αὐτὸνὸ
784 3227 929 3330 Κύριος,
949 3230 998 3312 ὧς
1023 3228 1061 3306 ἐν
1079 3228 1277 3328 παραβολῇ
1302 3225 1361 3304 καὶ
1386 3224 1502 3326 αἰνίγ-

131 3362 221 3416 nmo.
297 3383 408 3448 ματι;
440 3357 522 3431 “Αἱ
549 3351 732 3436 ἀλώπεκες
758 3349 923 3456 φωλεούς
950 3349 1088 3456 έχουσι,
1110 3352 1168 3429 καὶ
1190 3346 1237 3428 τά
1262 3345 1407 3429 πετεινά
1433 3355 1501 3426 τοῦ

297 3484 320 3521 “
338 3474 489 3576 οὐρανοῦ
512 3473 819 3575 κατασκηνώσεις,
837 3476 858 3554 ὁ
877 3472 916 3554 δέ
936 3473 1010 3559 υίὸς
1031 3481 1095 3554 τοῦ
1121 3470 1314 3576 ἀνθριύπου
1338 3472 1403 3551 οὐκ
1426 3470 1499 3574 ἔχει
1515 3501 1553 3561 ²5

298 3605 320 3646 “
337 3605 410 3676 ποῦ
444 3597 512 3696 τὴν
546 3595 713 3704 κεφαλὴν
750 3595 890 3704 κλίνῃ.”
935 3597 1125 3681 ἀλώπεκας
1168 3593 1207 3675 δέ
1245 3597 1304 3676 καὶ
1346 3595 1499 3699 ούρανοῦ

296 3718 449 3819 πετεινά,
467 3717 549 3804 τοῦς
567 3720 793 3824 πανούργους
810 3725 869 3801 καὶ
887 3719 1110 3824 ἀκαθάρτους
1128 3717 1296 3818 ὠνόμασε
1316 3721 1498 3818 δαίμονας,

297 3845 355 3924 καὶ
385 3842 432 3924 τά
464 3842 643 3947 ἐγκύσμια
674 3846 776 3924 ταυτὶ
807 3847 866 3924 καὶ
898 3844 998 3947 ἀέρια
1031 3843 1228 3943 πνεύματα,
1260 3837 1285 3921 ἀ
1316 3849 1395 3927 ταῖς
1425 3849 1499 3924 τῶυ

297 3967 505 4074 φιληδόνων
538 3968 697 4072 καρδίαις
729 3969 977 4074 έμφιλοχωρεῖ
1004 4002 1043 4048 τε
1076 3971 1135 4047 καὶ
1166 3963 1399 4068 ἐναυλίζεται,
1432 3966 1498 4066 τὴν

266 4097 369 4172 οτῦν
393 4093 492 4172 ἰδίων
517 4091 731 4192 θελημάτων
753 4089 882 4196 ἔχοντα
908 4090 1114 4195 πλήρωσιν,
1138 4087 1433 4196 στενοχωροῦνπά
1458 4125 1496 4172 τε
1510 4127 1548 4185 3ο

296 4218 391 4297 οὕτω
418 4213 484 4301 τάς
510 4215 641 4300 ἀθλίας
667 4221 741 4297 τῶν
768 4213 969 4322 δεχομείιων
993 4213 1131 4322 ψυχὰς,
1158 4217 1207 4300 ὡς
1234 4212 1348 4295 τόπον
1373 4213 1497 4294 ούδείια

131 3099 254 3151 matth.

132 3166 184 3216 viii,
197 3179 235 3232 19.

330 4433 357 4488 8.
374 4433 490 4506 τῷΕ.Ε.
504 4431 556 4488 Ed.
569 4433 732 4558 ωΕΛδΕδ.
805 4449 832 4503 9.
849 4430 1010 4503 τηρήσαντες
1023 4431 1055 4488 Ε.
1138 4447 1180 4556 13.
1199 4431 1325 4503 ταμιείοις
1336 4431 1370 4486 Ε.
1383 4433 1495 4501 ταμείας

295 4501 348 4556 Ed.
431 4517 472 4573 15.
491 4505 579 4572 τρόπω
618 4542 626 4558 .
706 4503 748 4558 16.
767 4503 810 4558 διδ
822 4504 909 4572 πάσης
922 4503 954 4556 Ε.
967 4502 1000 4558 δι’
1012 4502 1180 4572 ἀπόσηςΕ.
1262 4503 1306 4558 28.
1325 4503 1451 4576 ένκοσμια
1463 4503 1494 4559 Ε.

293 4577 346 4626 τῶν
357 4584 529 4642 assumptum
541 4590 574 4626 ex
587 4573 620 4628 E.
725 4589 770 4644 3ο.
788 4576 971 4645 στενοχωροῦν
983 4573 1017 4630 Ε.
1123 4589 1168 4645 31.
1187 4573 1285 4645 ψυχῦν
1298 4573 1332 4628 Ε.
