3238 5114
767 1239 1006 1319 ΚΕΦΑΛΗ
1049 1243 1098 1320 Θ.

355 1507 427 1574 Ὀτι
449 1511 578 1594 φυσικδν
603 1515 637 1578 έν
661 1513 702 1602 τηῖ
726 1515 788 1603 m
813 1515 849 1582 τδ
874 1521 927 1598 τῆς
952 1519 1092 1599 θεότητος
1116 1519 1241 1600 ἀξίωμα,
1269 1517 1327 1585 κάν
1351 1519 1521 1602 εἰληφέναι

411 1720 418 1732 Ι
470 1633 595 1716 λέγηται
624 1639 710 1700 τοῦτο
739 1639 820 1718 παρῖι
849 1637 971 1720 Πατρδς
999 1641 1047 1704 διδ
1069 1637 1104 1704 τδ
1130 1640 1318 1723 δνθρθπινον
1345 1641 1398 1706 καὶ

696 1755 730 1820 τδ
751 1759 803 1836 τῖης
823 1758 1032 1827 τατεινάσειις
1053 1761 1164 1843 σχῆμα-

365 2012 475 2104 Πάτερ
501 2013 572 2090 dne
598 2015 742 2106 τάρυοον
769 2015 888 2086 αὐτοὺς
914 2018 949 2084 ἒν
977 2024 1024 2105 τῷ
1045 2016 1183 2096 ὀνόματί
1210 2040 1267 2085 σου
1295 2013 1507 2106 ᾦδὲδωκάο
1553 2052 1568 2112 5

638 2165 704 2224 μοι,
730 2142 784 2209 ἵνα
811 2140 892 2211 ὦσιν
918 2143 954 2210 ἓν
982 2144 1093 2211 καθὼς
1120 2139 1223 2222 ἀμεῖα.

385 2379 649 2464 ἘΠΙΤΗΡΕΙ
675 2389 841 2490 πανταχῆ
866 2392 943 2466 τοῖν
962 2387 1060 2467 δυοῖν
1086 2381 1316 2488 πραγμάτοιν
1337 2380 1406 2484 τὴν
1424 2389 1476 2468 εῖς
1501 2383 1537 2464 ἓν

330 2503 550 2605 ἀναπλοκὴν,
569 2516 633 2587 τοῦ
659 2542 699 2588 τε
726 2510 951 2612 ἀνθρωπίνου
977 2511 1071 2618 φημὶ
1095 2508 1138 2590 τὸ
1164 2509 1247 2590 καθ’
1268 2507 1363 2607 ἡμᾶς
1391 2507 1535 2614 ἔχοντος

330 2629 605 2731 σμικροπρεπῖς,
625 2635 683 2711 καὶ
702 2640 766 2712 τοῦ
784 2639 903 2714 θεῖκοῦ
921 2632 988 2733 τὴν
1005 2632 1177 2713 ἀνωτάτω
1193 2637 1327 2713 πασῶν
1345 2631 1534 2714 ὠδῖναντος

331 2749 455 2858 δόξαν.
493 2752 705 2857 κεκέρασται
734 2753 806 2860 γὰρ
840 2757 883 2864 ἐξ
911 2760 1048 2864 ἀμφοῖν
1076 2759 1096 2837 ὁ
1130 2755 1254 2860 λόγος,
1281 2757 1341 2836 καὶ
1372 2752 1531 2856 καθάπερ
1543 2791 1573 2831 10

164 2891 232 2951 9¹10
243 2889 284 2950 Δ.
301 2873 376 2956 οτά
400 2877 438 2956 έν
463 2882 537 2961 τοῖς
562 2879 726 2982 ἀνωτέρω
754 2878 976 2988 διειληφότες
1004 2879 1186 2983 ἐλέγομεν,
1211 2881 1292 2960 οὕτε
1318 2877 1411 2982 πρὸς
1440 2881 1530 2986 ὕψος

330 3001 474 3085 τελείως
499 3003 666 3111 ἀναπηδᾷ
689 3002 732 3083 τὸ
758 3002 962 3107 θεοπρεπὲς,
982 3005 1062 3084 οὔτε
1080 3002 1152 3103 μὴν
1169 3008 1219 3089 εῖς
1241 2999 1430 3083 ἀπαντῶν
1449 3003 1527 3082 καθ’

331 3124 423 3224 ἡμᾶς
451 3127 693 3207 ἀπανίσταται
719 3127 870 3230 μέτρων·
920 3127 1015 3212 Θεὸς
1041 3125 1114 3230 γάρ
1141 3129 1221 3208 ε’στι
1248 3126 1438 3230 γενόμενος
1465 3123 1526 3206 ἀν-

331 3253 485 3350 θρωπος,
514 3248 656 3358 ἀῤῥήτερ
685 3253 753 3331 τινὶ
783 3254 842 3330 καὶ
874 3249 1056 3359 ἀφράστιρ
1088 3249 1232 3360 συνόδῳ
1261 3249 1380 3350 μέσην
1406 3247 1528 3354 ὥσπερ

330 3370 411 3450 τινὰ
440 3370 562 3478 χώραν
592 3373 739 3479 ἐπέχων,
770 3377 818 3458 ὡς
847 3373 938 3475 μήτε
967 3373 1050 3460 τοὺς
1078 3377 1142 3474 τῆς
1175 3375 1333 3474 ἀληθοῦς
1365 3361 1527 3474 θεότητος
1540 3405 1566 3463 15

330 3493 435 3596 ὅρους
461 3498 656 3600 ἐκδραμεῖν,
681 3497 771 3599 μήτε
799 3497 873 3599 μὴν
902 3497 1111 3602 ὁλοτρόπως
1138 3495 1220 3582 τοὺς
1247 3500 1312 3596 τῆς
1340 3496 1525 3600 ἀνθρωπό-

330 3651 436 3717 τητος
468 3623 669 3701 ἀπολιπεῖν.
710 3625 842 3703 ἀνωθεῖ
874 3621 941 3722 μέν
972 3619 1045 3724 γάρ
1077 3617 1186 3700 αι’πὸν
1217 3621 1239 3720 ἡ
1276 3622 1315 3699 έκ
1346 3624 1443 3700 Θεοῦ
1472 3627 1527 3701 καὶ

332 3741 479 3846 Πατρός
490 3742 691 3848 ἀπόρῤητος
705 3744 884 3848 γέννησις,
895 3744 984 3826 καθὸ
1000 3743 1121 3846 Λόγος
1138 3745 1217 3824 έστῖ
1236 3745 1294 3823 καὶ
1310 3743 1524 3846 Μονογειάγς,

328 3872 377 3950 εῖς
401 3867 529 3948 οὐσίαν
550 3866 616 3969 τὴν
634 3867 755 3970 θεῖκὴν
773 3872 832 3949 καὶ
855 3873 903 3954 εῖς
927 3866 1039 3977 δόξαν
1057 3864 1124 3968 τὴν
1148 3867 1264 3975 τοάτιρ
1281 3869 1524 3970 παρεπομένην

293 3989 483 4077 λεῖκότως·
516 3990 725 4097 ἀποβιβάζει
743 3993 787 4072 δέ
804 4027 881 4076 πως
900 3992 922 4093 ἡ
946 3992 1095 4077 κένωσις
1113 3996 1162 4075 εὶς
1180 3989 1223 4072 τὸ
1240 3991 1323 4072 καθ’
1345 3991 1438 4091 ἡμᾶς
1462 3995 1559 4100 οὐχπ

326 4114 452 4220 ὥσπερ
469 4118 508 4196 ἐκ
526 4117 610 4212 βίας
624 4123 849 4198 πλεονεκτεῖν
868 4115 1061 4222 ῖσχιῖσασα
1080 4113 1144 4196 τὸν
1162 4121 1235 4195 τῶν
1253 4113 1352 4194 ὅλων
1369 4119 1522 4212 βασιλέα

326 4237 417 4338 μετὰ
437 4238 594 4343 Πατρός·
635 4240 678 4320 οὐ
695 4239 766 4343 γάρ
785 4237 830 4321 ἀν
848 4239 1004 4341 ἐβιάσθη
1029 4235 1118 4321 ποτέ
1143 4239 1186 4319 τὸ
1211 4236 1312 4342 παρά
1335 4239 1480 4341 γνώμην
1503 4243 1520 4322 ὁ

329 4363 549 4468 Μονογενής·
589 4363 810 4466 αὐτόκλητος
828 4364 866 4448 δὲ
891 4371 1048 4465 μᾶλλον,
1067 4364 1111 4472 ἐξ
1126 4361 1271 4467 ἀγάπης
1288 4366 1353 4462 τῆς
1371 4369 1420 4448 εἰς
1437 4365 1519 4466 ἡμᾶς

843 4576 892 4627 ι-4
905 4576 959 4614 om.
973 4559 1006 4614 E.
