3274 5118
298 353 371 415 ³566
612 359 650 422 Β.
675 359 886 424 CYRILLI
915 357 1206 425 ABEXANDR.
1412 378 1466 421 xv.
1480 354 1507 419 8.

307 515 533 622 κατάρθωσιν
551 524 804 625 ἐπιτρέπεσθαι
830 531 881 629 τῷ
901 531 986 632 Υίῶ
1001 523 1101 628 παρὰ
1121 521 1278 628 Πατρὸς,
1297 521 1359 603 ἅτε
1381 522 1426 622 δὴ
1452 525 1509 602 καὶ

302 643 504 748 ὑπάρχοντι
523 645 666 746 δυνάμει
693 652 751 727 καὶ
774 649 893 756 σοφίᾳ
914 651 1041 747 αὐτοῦ,
1051 655 1260 753 παρακαλεῖ
1274 648 1405 750 λέγων,
1424 645 1510 727 πατέ
1620 731 1621 748 ἶ

130 763 259 893 ἔξω
304 766 372 866 μία
396 765 611 850 “”Εντειλαι
631 773 651 850 ὁ
673 772 765 856 Θεὸς
792 779 837 878 τῇ
865 771 1009 864 δυνάμει
1037 807 1120 870 σου,
1141 773 1358 871 δννάμωσον
1377 773 1398 850 ὁ
1417 769 1510 854 Θεὸς

139 911 209 964 880
219 909 257 964 A
270 902 331 964 οὔ(
349 901 455 972 τοῦτο
487 891 507 973 δ
540 895 747 998 κατηρτίσω
770 898 884 995 ἡμῖν,”
909 895 997 976 ποτέ
1024 900 1067 976 δὲ
1088 895 1201 977 πάλιν
1229 908 1251 945 “
1268 897 1317 975 ‘O
1348 893 1443 979 Θεὸς
1469 893 1510 973 τὸ

132 994 253 1106 ‘3³³¹'
301 1029 330 1066 “
347 1025 456 1120 κρῖμα
483 1053 554 1098 σου
584 1027 635 1127 τῷ
665 1027 818 1114 βασιλεῖ
844 1019 949 1105 δός.”’
986 1021 1093 1124 ἐργαν
1123 1020 1195 1124 γὰρ
1228 1019 1272 1120 ἦν
1302 1019 1416 1119 μόνον
1446 1027 1539 1102 τοῦ5

299 1141 644 1241 ’συμβασιλεύοντος
672 1149 724 1250 τῷ
742 1149 825 1250 Θεῷ
850 1147 908 1223 καὶ
927 1147 1059 1248 Πατρὶ,
1078 1141 1121 1222 τὸ
1148 1150 1275 1224 πᾶσαν
1302 1148 1508 1249 κατεφθαρ·

303 1267 416 1366 με’νην
448 1270 701 1368 ἐπανορθῶσαι
732 1265 799 1366 τὴν
831 1271 910 1371 γῆν,
943 1271 1001 1347 καὶ
1033 1269 1297 1374 ἀναμορφῶσαι
1330 1265 1509 1346 δυ’νασθαι

303 1390 398 1494 πρὸς
428 1390 515 1493 ὅπερ
542 1388 587 1490 ἦν
615 1394 652 1470 ἐν
674 1393 811 1495 ἀρχαῖς.
852 1386 1010 1498 ἐδοξάσθη
1038 1399 1227 1495 τοιγαροῦν
1255 1400 1271 1472 ί
1302 1393 1416 1498 Πατήρ
1443 1427 1509 1493 μου

307 1512 448 1599 ἐπιδοὺς
475 1516 687 1617 ἀντίλυτρον
715 1519 778 1613 τῆς
801 1523 872 1595 τοῦ
893 1513 1034 1613 κόσμου
1061 1513 1151 1616 ζωῆς
1177 1513 1242 1594 τὸν
1262 1515 1351 1594 ἰ’διαν
1380 1515 1510 1592 ἑαυτοῦ

309 1636 409 1735 Υίὸν,
436 1637 630 1736 εὐδοκήσας
660 1641 743 1717 ἰδεῖν
769 1640 807 1716 ἐν
836 1645 909 1720 τοῖς
938 1636 1028 1717 καθἸ
1051 1639 1143 1737 ἡμᾶς
1171 1635 1235 1718 τὸν
1264 1635 1352 1740 ὑπὲρ
1379 1643 1509 1716 πᾶσαν
1524 1671 1560 1711 ιο

307 1757 375 1859 τὴν
408 1761 535 1856 κτίσιν,
572 1763 639 1865 οὐχ
665 1761 724 1840 ’ίνα
754 1795 788 1840 τι
819 1767 892 1841 τῶν
921 1765 1069 1862 ἀγαθῶν
1099 1767 1143 1865 τῇ
1180 1761 1253 1868 ίδίηι
1290 1761 1509 1867 κατορθώσῃ

271 1896 295 1962 b
309 1885 432 1990 φύσει·
463 1883 670 1968 παντέλειαν
683 1883 755 1986 γὰρ
770 1886 827 1964 καὶ
840 1883 1062 1986 ἀπροσδεὴς,
1075 1881 1243 1965 ἁπάντων
1257 1883 1350 1990 ἔχων
1363 1881 1406 1964 τὸ
1420 1885 1509 1988 κρά-

307 2037 380 2092 τος·
422 2009 505 2088 ἀλλ’
525 2007 580 2088 ’ίια
606 2010 702 2106 ὑμεῖς
726 2009 878 2088 πλείονα
909 2008 1035 2114 καρπὸν
1054 2008 1182 2116 φέρητε,
1202 2017 1262 2089 καί
1282 2005 1414 2110 γεἰησθε
1433 2009 1505 2113 ἐμοὶ

306 2133 467 2244 μαθηταί.
503 2137 533 2212 εί
561 2129 610 2231 μὴ
636 2130 708 2236 γάρ
727 2131 874 2233 γε’γονεν
893 2133 1092 2234 ἅνθρωπος,
1112 2133 1184 2212 οὐδ’
1204 2130 1248 2211 ἀν
1272 2129 1367 2214 ὅλως
1394 2133 1505 2231 ἡμεῖς,

306 2261 370 2356 τῆς
397 2256 487 2358 πρὸς
522 2255 629 2336 αὐτὸν
657 2255 842 2362 συμφυΐας
873 2255 1063 2362 ἠξιωμένοι
1091 2258 1149 2334 καὶ
1180 2254 1376 2354 κλημάτων
1404 2255 1506 2357 δίκην
1522 2295 1561 2349 15

308 2380 548 2486 ἐμπεφυκότες
578 2383 636 2459 καί
662 2377 812 2478 δυ’ναμιν
831 2385 879 2462 είς
901 2378 1151 2484 καρποφορίαν
1167 2377 1391 2482 ποριζόμενοι
1418 2381 1504 2481 παρ’

308 2506 416 2582 αὑτοῦ
440 2502 497 2582 διὰ
520 2504 711 2602 μετουσίας
735 2511 799 2582 τοῦ
820 2502 1042 2601 Πνεῦματος,
1062 2502 1276 2595 ἀπετέκομεν
1296 2500 1340 2582 ἀν
1359 2501 1423 2582 τὸν
1442 2508 1507 2600 τῆς

307 2633 499 2733 θεοφιλοῦς
527 2627 709 2711 πολιτείας
740 2626 887 2730 καρπὸν,
907 2624 947 2705 ὸν
972 2630 1030 2706 καὶ
1056 2624 1162 2708 πολὸν
1190 2624 1360 2728 ὀνομάζει,
1381 2626 1445 2706 τὸν
1468 2628 1509 2705 ἐκ

307 2753 371 2848 τῆς
391 2755 534 2849 νομικῆς
553 2750 718 2853 λατρείας
737 2750 856 2830 ὀπίσω
869 2754 975 2834 τιθεὶς
995 2753 1052 2831 καὶ
1071 2753 1108 2830 ἐν
1126 2749 1319 2848 ἐλάττοσιν
1337 2746 1424 2828 εἶναι
1445 2755 1506 2849 δη-

139 2868 259 3000 &miz
308 2881 394 2954 λῶν.
426 2875 652 2955 “τετελείωκε
671 2871 743 2975 γὰρ
763 2875 783 2952 ὁ
803 2872 908 2972 νόμος
927 2871 1057 2971 οῦδέν,”
1078 2873 1169 2953 κατά
1188 2872 1254 2972 τὴν
1272 2881 1336 2952 τοῦ
1352 2873 1507 2954 Παύλου
1521 2913 1561 2953 ιο

278 2997 444 3104 οφωνήν·
486 2996 544 3078 διά
567 3005 672 3077 τοῦτο
700 2996 789 3100 πρὸς
810 2996 891 3080 τοῦς
910 3000 1032 3099 ἁγίους
1050 2997 1187 3104 ἐφασκε
1211 2995 1384 3096 μαθητάς,
1403 3003 1505 3096 μᾶλ·

307 3133 375 3202 λον
393 3123 429 3202 δέ
451 3121 542 3224 πρὸς
564 3120 726 3205 ἅπαντας
745 3123 847 3221 ἡμᾶς,
867 3121 899 3200 οἳ
925 3122 983 3201 διὰ
1006 3122 1161 3206 πίστεως
1182 3125 1240 3201 καὶ
1263 3125 1327 3220 τῆς
1349 3121 1508 3201 εἶσαίπαν

138 3232 261 3349 ffitth·
307 3245 449 3348 ἀγάπης
468 3249 563 3353 αὐτῷ
590 3244 840 3345 κεκαλλήμεθα
865 3257 886 3293 “
899 3245 1018 3344 Ἀμὴν
1036 3244 1131 3344 ἀμὴν
1149 3243 1247 3347 λε’γω
1271 3247 1353 3342 ὑμῖν
1370 3244 1433 3324 ἐὰν
1455 3245 1507 3346 μὴ

308 3380 329 3418 “
346 3368 573 3474 περισσεύσῃ
601 3370 623 3468 ἡ
651 3367 860 3470 δικαιοσύνη
890 3371 989 3466 ὑμῶν
1020 3369 1134 3450 πλέον
1164 3375 1236 3449 τῶν
1265 3370 1508 3471 γραμματέων

307 3503 328 3538 “
348 3497 406 3571 καὶ
432 3493 652 3594 Φαρισαίων,
678 3494 720 3572 οῦ
748 3491 798 3591 μὴ
827 3490 1015 3594 είσέλθητε
1044 3498 1092 3577 είς
1121 3491 1187 3592 τὴν
1214 3493 1407 3588 βασιλείαν
1432 3500 1506 3572 τῶν
1520 3526 1561 3587 α5

307 3625 329 3661 “
348 3616 539 3716 οῦρανῶν,”
565 3621 622 3694 καὶ
652 3616 765 3696 πάλιν
792 3627 818 3665 ‘⁶
831 3623 911 3700 Πάς
943 3615 1173 3720 γραμματεὺς
1199 3619 1432 3715 μαθητευθεὶς
1459 3621 1505 3722 τῇ

307 3749 329 3784 “
345 3740 518 3845 βασιλείᾳ
547 3746 620 3818 τῶν
648 3742 807 3842 οὐρανῶν
837 3741 956 3837 ὅμοιός
989 3743 1089 3820 ἐστιν
1119 3739 1297 3848 ἀνθρώπῳ
1325 3743 1505 3848 πλουσίῳ,

306 3873 328 3910 “
347 3862 449 3948 ὅστις
468 3863 640 3960 ἐκβάλλει
664 3865 702 3941 ἐκ
721 3871 785 3942 τοῦ
804 3869 988 3968 θησαυροῦ
1007 3865 1115 3944 αὐτοῦ
1134 3862 1240 3944 καινὰ
1257 3868 1315 3944 καὶ
1332 3865 1505 3944 παλαιοί·”

272 3997 294 4063 d
306 3989 468 4092 καθάπερ
499 3991 538 4068 ἐκ
574 3993 761 4091 θησαυροῦ
792 3991 855 4086 τῆς
887 3988 1032 4090 καρδίας
1063 3988 1109 4068 τὰ
1139 3985 1346 4068 Μωυσαίκά
1375 3987 1502 4090 διηγή-

340 4181 367 4230 4.
380 4163 525 4234 κατηρτίσω
539 4163 571 4216 E.
584 4161 619 4216 cf.
633 4179 714 4232 supra
728 4161 778 4233 198
791 4179 816 4215 a.
829 4160 988 4232 κατειργάσω
1001 4161 1029 4216 ἐν
1041 4161 1093 4216 Ed.
1213 4163 1240 4218 8.
1253 4183 1303 4230 μου
1315 4179 1371 4215 om.
1384 4179 1406 4215 c.
1422 4160 1506 4216 Cord.

306 4251 346 4288 ιο.
361 4234 537 4303 ἀνασχόμενος
549 4234 590 4286 καὶ
602 4233 743 4301 εὐδοκήσας
754 4250 778 4286 c.
793 4231 873 4286 Cord.
927 4231 986 4304 τὸν]
1000 4233 1030 4286 τὸ
1043 4249 1067 4287 c.
1080 4230 1162 4286 Cord.
1290 4250 1331 4286 11.
1344 4233 1457 4300 τὴνοιῐι.
1472 4233 1504 4286 Ε.
1620 4191 1621 4272 ί

304 4303 535 4358 habento.Cord.
609 4320 649 4356 12.
663 4300 887 4375 πουτίλειοςγδρ]
901 4303 1020 4374 ἔστιγδρ
1031 4301 1332 4358 παντέλειαςα.ς.0οτιί.
1409 4319 1450 4390 13.
1460 4325 1505 4372 μοι

304 4373 425 4428 c.00rd.
523 4373 660 4442 ι.αῦτῆς
673 4373 705 4427 Ε.
799 4392 839 4445 ¹9·
859 4374 900 4428 καὶ
912 4385 1080 4444 assumptum
1092 4391 1125 4427 ex
1138 4373 1170 4426 E.
1265 4374 1505 4442 α.κεκολλημεθα

305 4385 559 4524 E3xex20'1pcOaEJ.
666 4459 709 4509 24.
727 4441 916 4515 ὴδικαιοσδνη]
930 4447 945 4499 ό
958 4443 1120 4514 δικαιοσύνην
1133 4443 1194 4512 (sie)
1208 4443 1241 4497 E.
1278 4390 1375 4499 §batim
1388 4443 1459 4511 ὑμῶν
1472 4443 1505 4498 Ε.

305 4511 409 4646 ἕψε.
415 4515 492 4639 ἔρᾶὂν
500 4513 599 4638 Aub.E
610 4512 676 4568 Post
687 4513 738 4568 hoc
751 4515 873 4581 verbum,
881 4517 968 4572 πλέον
978 4520 1030 4570 τῶν
1040 4516 1196 4585 γραμμάτων
1205 4513 1239 4569 Ε.
1312 4529 1356 4584 ²9.
1374 4513 1504 4586 καθάπερ]

351 4583 402 4654 γὰρ
460 4584 563 4638 ,ἰατίιο
602 4623 610 4637 .
