3238 5114
310 333 376 400 686
616 339 655 406 Β.
679 339 892 408 CYRILLI
922 337 1212 406 ALEXANDR.
1352 333 1436 398 xvii.
1451 328 1527 396 6-8.

313 509 336 548 “
353 500 484 586 ἐστίν.”
526 505 612 613 ὁρᾷς
640 504 738 591 ὅπως
765 505 972 610 ἠρνήσαντο
999 505 1066 606 τὴν
1093 501 1319 603 ἀποστολὴν,
1347 501 1400 582 ὧν
1434 495 1530 596 μηδὲ

146 634 262 692 θθῡΑ·
284 621 438 706 λείδένιιι
455 625 566 710 πόθεν
584 631 685 710 ἐστὶν
702 629 952 736 ἀναισχύντως
969 633 1193 737 ἀναφωνεῖνς
1223 626 1278 708 ὅτι
1306 623 1345 705 δὲ
1371 623 1435 702 καὶ
1461 617 1532 718 τὴν

314 747 468 852 ἆρῤητον
498 752 607 834 αῦτοῦ
639 757 698 834 καί
729 755 945 857 προαιώνιον
976 754 1156 858 γέννησιν,
1187 751 1281 858 φημὶ
1312 747 1352 828 δὲ
1387 745 1462 855 τὴν
1491 747 1531 824 ε’κ

314 876 411 953 Θεοῦ
445 876 592 979 Πατρὸς
623 879 688 958 οὐκ
718 877 882 984 ἐδέχοντο
912 876 1060 978 πολλὴν
1093 884 1286 958 νοσοῦντες
1319 870 1530 969 ἀθλιότητα

313 1004 515 1098 λογισμῶν,
533 1004 593 1080 καὶ
610 997 737 1105 ῶσπερ
756 1005 824 1082 τινὶ
840 1004 934 1111 λίθῳ
951 1001 1220 1105 περιπταίοντες
1238 995 1297 1078 διὰ
1319 995 1442 1094 μόνην
1462 989 1556 1091 τήνᾶ

314 1119 594 1225 ε’νανθροῖπησιν,
626 1124 945 1232 πληροφορηθήση
981 1125 1124 1232 ῥᾳδίως,
1156 1122 1244 1204 ὅταν
1276 1119 1424 1222 ἀκούσῃ
1461 1117 1525 1194 λέ-

315 1277 441 1344 γοντος
458 1253 522 1326 τοῦ
539 1249 816 1352 Εὐαγγελιστοῦ
834 1259 856 1298 “
871 1251 944 1330 Καὶ
963 1249 1022 1330 διά
1040 1257 1147 1329 τοῦτο
1165 1247 1229 1326 οδν
1247 1243 1393 1348 ἐζήτουν
1412 1239 1529 1320 αὐτὸν

315 1377 337 1414 “
355 1373 389 1448 οἱ
409 1369 573 1451 Ἰουδαῖοι
600 1375 815 1472 ἀποκτεῖναι,
838 1372 892 1454 ὅτι
920 1375 963 1454 οῦ
990 1371 1101 1472 μόνον
1125 1368 1207 1452 ἐ’λυε
1235 1367 1278 1450 τῦ
1305 1363 1525 1460 σάββατον,

315 1501 336 1538 “
356 1490 457 1572 ἀλλά
475 1497 533 1574 καὶ
553 1495 700 1600 Πατέρα
717 1496 806 1577 ἰ’δων
824 1495 927 1600 ἐ’λεγε
949 1495 1015 1578 τὸν
1033 1494 1140 1592 Θεὸν,
1158 1493 1241 1574 ’ίσον
1259 1487 1388 1572 ἑαιττῦν
1407 1493 1527 1568 ποιῶν

280 1609 338 1675 b“
354 1617 406 1722 τῷ
434 1615 554 1724 Θεῷ·”
590 1618 861 1723 ἀναγέγραπται
894 1618 933 1700 δὲ
964 1623 1023 1701 καὶ
1050 1626 1123 1702 τῶν
1150 1617 1307 1698 ἀνοσίων
1333 1613 1567 1692 Ἰονδαίωνιο

315 1736 421 1844 φωνή
439 1739 531 1842 πρός
549 1740 658 1822 αι’ττόν
677 1755 699 1792 “
712 1745 806 1846 Περὶ
821 1752 936 1824 καλοῦ
952 1735 1059 1845 ἔργον
1078 1745 1119 1824 οὐ
1138 1737 1329 1841 λιθάζομέν
1347 1769 1405 1832 σε,
1420 1733 1525 1814 ἀλλὰ

315 1873 337 1911 “
354 1866 437 1966 περὶ
465 1869 719 1974 βλασφημίαις,
748 1866 803 1948 ὅτι
836 1867 887 1948 σῦ
917 1867 1106 1972 ἅνθρωπος
1138 1863 1190 1946 ιῦν
1216 1870 1327 1947 ποιεῖς
1361 1857 1525 1940 σεαυτὸν

314 1997 336 2034 “
356 1985 486 2068 Θεόν.”
521 1997 654 2075 συνιεῖς
680 1991 743 2072 οῦν
762 1992 832 2093 ἀρα
858 1995 916 2072 καὶ
943 1990 1046 2093 μάλα
1070 1995 1212 2098 σαφῶς,
1231 1991 1280 2072 ὡς
1304 1989 1338 2065 οἱ
1362 1983 1431 2082 μέν
1451 1989 1524 2062 τῶν

315 2111 438 2215 λόγων
456 2121 530 2195 τῶν
547 2116 631 2218 παρ’
650 2116 761 2196 αὐτοῦ
779 2113 983 2218 γεγονότων
1001 2115 1147 2218 γνήσιοι
1164 2113 1327 2220 φύλακες
1344 2141 1520 2205 συνωμο-

315 2234 484 2337 λόγησοίν
502 2271 540 2317 τε
559 2241 618 2318 καὶ
636 2239 934 2338 πεπιστεύκασιν,
950 2241 998 2324 ῶς
1016 2237 1208 2342 ἀνέλαμψε
1227 2233 1292 2330 μὲν
1305 2235 1345 2314 ἐκ
1360 2231 1520 2334 Πατρός·
1537 2261 1567 2317 ¹5

314 2366 421 2438 τοῦτο
444 2359 517 2464 γὰρ
542 2357 640 2460 οἶμαι
664 2363 707 2442 τό
728 2361 882 2471 Ἐξήλθον
902 2368 1050 2463 δηλοῦν·
1085 2363 1142 2441 καὶ
1171 2362 1400 2440 ἀπέσταλται
1427 2354 1522 2459 πρὸς

148 2475 190 2526 ¹³²
205 2475 229 2525 ἥ·
243 2485 264 2538 ⁷·
315 2483 408 2582 ἡμᾶς
438 2495 459 2532 “
475 2481 706 2587 διαγγέλλων
734 2485 776 2567 τὸ
813 2485 1039 2590 πρόσταγμα
1073 2483 1238 2589 Κνρίον,”
1273 2479 1365 2562 κατὰ
1402 2478 1447 2559 τὸ
1484 2482 1521 2558 ἐν

317 2613 483 2712 ψαλμοῖς
509 2612 700 2713 εῖρημένον·
733 2617 765 2692 οῖ
788 2612 826 2690 δὲ
850 2611 914 2691 τὸν
933 2614 1026 2692 οὕτω
1051 2608 1147 2692 θεῖόν
1168 2641 1205 2689 τε
1228 2609 1287 2688 καὶ
1313 2607 1353 2684 ἐκ
1374 2601 1519 2706 Πατρός

289 2730 600 2833 οδιαγελιῖσαντες
617 2733 741 2836 λόγον,
759 2733 1036 2838 σννηρνήσαντο
1054 2733 1120 2835 τὴν
1137 2733 1273 2828 πίστιν,
1293 2731 1352 2808 καὶ
1374 2725 1515 2830 ἀπειρή-

319 2889 428 2934 κασιν
460 2857 629 2960 ἐναργῶς,
659 2857 714 2937 ὅτι
746 2857 839 2942 Θεός
871 2891 909 2938 τε
939 2859 992 2958 ε’ίη
1022 2861 1081 2938 καὶ
1110 2859 1149 2937 εἰς
1182 2852 1338 2958 Πατρός,
1366 2856 1425 2932 καί
1456 2855 1518 2950 τῆς
1531 2885 1562 2924 20

319 2978 490 3082 ἡμετέρας
526 2978 628 3060 ἕνεκα
663 2982 845 3085 σωτηρίας
882 2985 930 3066 ὡς
962 2983 1055 3082 ἡμᾶς
1087 2980 1295 3088 ἀφιγμένος,
1327 2975 1421 3078 μετὰ
1456 2983 1517 3055 τοῦ

318 3101 487 3203 γενέσθαι
509 3105 592 3185 καθ’
612 3104 704 3204 ἡμᾶς
729 3109 838 3210 χωρὶς
864 3105 1051 3209 ἁμαρτίας.
1091 3103 1233 3186 δικαίως
1259 3101 1322 3182 οῦν
1344 3101 1415 3204 ἀρα
1437 3097 1518 3185 τοῦς

317 3225 476 3327 ἀγαθοὺς
506 3230 564 3308 καὶ
595 3227 768 3331 γνησίους
794 3233 853 3309 καὶ
882 3228 950 3330 τὴν
976 3233 1041 3329 τῆς
1068 3231 1192 3336 φυχῆς
1219 3224 1332 3326 ἀκοὴν
1358 3227 1514 3306 εῦιτειθε·

317 3350 453 3453 στέραν
481 3352 677 3436 ῦποθέντας
704 3354 801 3461 αὐτῷ
828 3354 1061 3457 παρατίθεται
1092 3357 1144 3460 τῷ
1175 3355 1260 3458 Θεῷ
1291 3349 1351 3430 καῖ
1384 3351 1515 3450 Πατρί,

317 3479 391 3552 τῶν
426 3473 477 3575 μὴ
514 3475 687 3556 τοωύτων
718 3475 977 3577 ἀμνημονήσας
1012 3481 1211 3573 παντελῶς,
1242 3472 1286 3554 ἵν’
1325 3471 1414 3575 ὅπερ
1450 3473 1518 3580 ἔφη
1531 3502 1559 3561 ²5

320 3595 490 3700 φαίνηται
517 3598 646 3704 σαφὲς,
665 3601 704 3680 ἐκ
727 3607 801 3681 τῶν
823 3602 904 3681 καθ’
925 3601 1016 3700 ἡμᾶς
1039 3598 1243 3707 ἀρξάμενον
1267 3595 1420 3702 χρόνων.
1463 3603 1518 3679 καί

149 3721 276 3851 {rm
321 3720 359 3799 τί
386 3719 431 3821 δή
463 3721 570 3802 τοῦτό
600 3725 706 3820 ἐστι,
751 3730 868 3809 “·Πᾶς
898 3723 962 3804 οὖν
991 3722 1094 3808 ὅστις
1123 3719 1346 3824 ὁμολογήσει
1378 3721 1417 3799 ἐν
1445 3723 1517 3818 ἐμοὶ

285 3855 343 3933 d“
361 3844 568 3948 ἔμπροσθεν
603 3851 677 3926 τῶν
711 3847 921 3950 ἀνθρώπων,
957 3844 1179 3950 ὁμολογήσω
1215 3844 1316 3948 κάγὼ
1352 3845 1391 3923 ἐν
1427 3845 1518 3949 αύτῷ

319 3977 342 4014 “
361 3967 569 4069 ἔμπροσθεν
586 3977 651 4051 τοῦ
671 3968 817 4074 Πατρός
835 4005 905 4068 μου
922 3977 986 4052 τοῦ
1004 3973 1042 4051 ἐν
1060 3975 1135 4054 τοῖς
1154 3970 1328 4073 οὐρανοῖς·
1359 3965 1462 4051 ὅστις
1484 3971 1515 4047 δ’

320 4099 342 4138 “
360 4088 406 4170 ἀν
433 4093 640 4194 ἀρνήσηταί
666 4129 710 4194 με
743 4093 951 4198 ἔμπροσθεν
977 4101 1051 4175 τῶν
1079 4091 1290 4196 ἀνθρώπων,
1319 4088 1516 4194 ἀρνήσομαι
1528 4121 1556 4179 3⁰

320 4224 342 4262 “
360 4213 462 4318 κάγὼ
499 4215 609 4298 αὐτὸν
641 4218 847 4321 ἔμπροσθεν
884 4226 949 4299 τοῦ
987 4214 1133 4320 Πατρός
1170 4249 1241 4316 μου
1276 4223 1340 4295 τοῦ
1376 4215 1414 4293 ἐν
1450 4221 1516 4298 τοῖς

145 1731 227 1797 Supra

146 1813 173 1847 x.
186 1812 226 1861 33.

358 4401 380 4439 1.
401 4383 531 4476 ήρνήιγατο
545 4386 577 4440 Ε.
670 4401 711 4478 ιγ.
731 4387 773 4442 δια
814 4389 896 4444 ’λλον
908 4389 941 4444 Ε.
954 4397 980 4444 et
992 4389 1029 4444 ita
1040 4385 1165 4474 emendfft
1178 4386 1281 4457 Migue.
1294 4381 1326 4439 δι’
1339 4383 1458 4455 ἀγγέλων
1470 4383 1514 4439 Ed.

321 4471 364 4522 24.
383 4457 550 4524 παρατιθεται
564 4457 597 4513 Ε.
609 4457 767 4528 περιτιθεται
805 4459 832 4514 d.
1050 4474 1092 4528 29.
1110 4479 1164 4516 τοις
1177 4475 1232 4513 om.
1247 4457 1279 4512 Ε.
1293 4455 1327 4510 cs.
1342 4471 1422 4525 supra
1436 4455 1483 4526 263
1494 4471 1515 4510 c.

321 4592 366 4646 30.
386 4536 507 4647 ιρήίμι
521 4577 554 4631 E.
