3118 5132
307 339 372 404 892
611 335 651 401 B.
674 332 884 402 CYRILLI
912 329 1200 400 ALEXANDR.
1374 326 1441 392 xiii.
1457 326 1521 412 36.

309 501 573 608 δοκησισοφίας
591 503 703 600 κενῆς,
721 503 781 580 καὶ
798 507 863 580 τοῦ
880 503 994 579 δοκεῖν
1013 496 1277 604 ἐξεπίστασθαί
1291 526 1337 592 τι,
1351 499 1521 596 κρεῖττον

308 622 423 724 ἀνείη
441 625 484 705 τὸ
502 631 628 724 μαθεῖν
646 626 801 724 ἀληθῶς.

327 929 505 1022 Ἀπεκρίθιι
533 933 624 1018 αὐτῷ
647 935 665 1000 ὁ
687 933 813 1000 Ἰιιοοΰο
833 933 942 1000 Ὀπου
969 931 1036 1009 &sch
1061 933 1178 1008 ὑπάτω
1204 931 1242 998 οὐ
1269 927 1406 997 δύνασαί
1433 951 1493 1006 μοι

523 1063 576 1125 νῦν
603 1056 806 1143 ἀκολουθεῖν,
832 1059 1069 1126 ἀκολουθήσειε
1096 1058 1132 1125 δὲ
1160 1060 1306 1148 ὕστερον.

368 1219 483 1306 Εἰδάις
509 1220 563 1302 ὅτι
585 1223 732 1328 βαρεῖοίν
749 1258 789 1304 τε
812 1228 871 1304 καὶ
896 1227 1061 1328 δυσαχθῆ
1088 1229 1162 1306 τοῖς
1185 1225 1311 1302 ἑαυτοῦ
1334 1223 1518 1318 μαθηταῖς
1538 1251 1547 1305 ι

279 1343 453 1444 ἀέυθὴσει
471 1343 538 1444 τὴν
555 1346 687 1447 λύπην,
707 1347 915 1454 ἀναφανδὸν
932 1347 1052 1439 εἰπὼν,
1073 1348 1120 1430 ὡς
1139 1342 1360 1444 ἀναβήσεται
1378 1341 1443 1440 μέν
1462 1347 1520 1425 εἰς

312 1468 493 1571 οὐρανοὺς,
510 1468 662 1574 ἐρήμους·
687 1469 726 1551 δέ
750 1475 814 1571 τῆς
838 1475 963 1552 ἑαυτοῦ
988 1469 1188 1574 παρουσίας
1212 1467 1311 1547 ἐάσει
1335 1463 1427 1546 κατά
1443 1462 1521 1563 τὴν

311 1595 392 1692 γῆν,
411 1597 441 1670 εἰ
466 1595 525 1672 καὶ
549 1595 723 1674 συνέσται
748 1594 861 1675 πόλιν
879 1599 927 1679 ὡς
945 1593 1049 1692 θεὸς,
1066 1590 1331 1697 ειίπεριστόλως
1353 1587 1441 1692 πρὸς
1467 1588 1520 1668 τὸ

310 1713 428 1816 παρὸν
447 1715 649 1821 ἀποχρῆται
675 1722 727 1826 τῷ
756 1716 868 1827 λόγῳ,
886 1716 1107 1798 διακλέπτων
1130 1715 1243 1818 ἡρέμα
1267 1722 1332 1795 τοῦ
1357 1721 1419 1794 νοῦ
1442 1710 1520 1812 τὴν

313 1837 510 1941 ἀκρίβειαν.
549 1843 608 1920 καὶ
635 1849 724 1942 γοῦν
748 1842 812 1923 οὐκ
840 1840 976 1948 εἰδότας
1003 1842 1108 1945 όρῶν,
1126 1842 1165 1919 ἐν
1189 1840 1285 1946 αὐτῷ
1311 1837 1427 1937 μένειν
1453 1840 1514 1943 ε’ᾷ.
1540 1871 1548 1912 ι

312 1957 359 2039 τά
381 1959 509 2065 γάρτοι
531 1971 659 2044 λυπεῖν
676 1963 835 2064 εἰωθότα,
854 1964 1060 2068 βαρυτέροις
1078 1963 1160 2044 ἔσθ’
1181 1961 1240 2042 ὅτε
1265 1957 1520 2061 κατασκιάζειν

311 2083 435 2186 λόγοις
454 2086 518 2166 οὐκ
536 2087 752 2189 ἀμελέτητον
770 2095 845 2173 τοῖς
862 2095 1003 2196 σοφοῖς.
1041 2093 1072 2168 εἰ
1096 2085 1169 2190 γάρ
1194 2091 1252 2166 καὶ
1274 2084 1329 2164 ὅτι
1346 2081 1520 2182 μάλιστα

312 2210 376 2306 τῆς
402 2208 678 2314 ἀνθρωπότητος
703 2209 870 2318 ἀπαρχὴν
888 2209 1014 2293 ἑαυτὸν
1030 2209 1250 2314 ἀνακομίζων
1268 2214 1320 2315 τῷ
1345 2212 1427 2314 Θεῷ
1452 2213 1518 2288 καὶ

314 2335 446 2436 Πατρί,
464 2330 530 2433 τὴν
553 2337 602 2417 εἰς
626 2335 668 2414 τὸ
693 2335 768 2415 ἀνω
792 2338 851 2415 καί
878 2341 927 2419 εἰς
954 2331 1124 2440 οιίρανοιίς
1151 2333 1354 2433 ἀποδημίαν
1377 2330 1515 2409 ἐστέλ-

285 2463 410 2552 ολετο,
435 2457 493 2534 καὶ
522 2455 609 2559 ὑπὲρ
637 2461 701 2556 τῆς
728 2456 898 2538 ἁπάντων
925 2457 1150 2542 λυσιτελείας
1176 2455 1219 2536 τὸ
1246 2454 1425 2558 δρώμενον
1450 2453 1513 2554 ἦν·
1539 2491 1548 2530 ι

315 2578 506 2658 ἐνεκαίνισε
525 2577 596 2682 γάρ
617 2579 702 2678 ἡμῖν
719 2578 814 2678 ἀδδν,
832 2579 877 2681 ἣν
894 2583 958 2661 οὐκ
983 2578 1058 2686 ᾔδει
1082 2575 1256 2683 πρότερον
1273 2580 1296 2679 ἡ
1321 2575 1518 2680 ἀνθρώπου

315 2697 440 2804 φύσις·
471 2699 571 2781 ἀλλά
588 2736 631 2804 γε
648 2711 723 2788 τοῖς
748 2705 862 2805 ἁγίοις
885 2711 1060 2804 μαθηταῖς
1085 2706 1138 2784 ἀεὶ
1163 2709 1321 2782 συνεῖναι
1344 2704 1513 2782 σπουδά-

315 2820 449 2924 ζουσιν,
468 2825 509 2903 οιί
527 2823 689 2932 φορητόν
707 2824 794 2908 εἰναι
813 2828 1011 2934 διεφαίνετο
1032 2825 1075 2908 τὸ
1099 2826 1313 2932 χωρίζεσθαι
1330 2831 1515 2928 Χριστοῦ,

316 2945 431 3026 καίτοι
457 2945 630 3033 συνόντος
656 2951 775 3036 αι’ποῖς
802 2950 860 3032 διὰ
887 2951 1021 3037 παντὸς
1049 2956 1095 3057 τῇ
1122 2959 1186 3030 τοῦ
1213 2949 1422 3048 Πνειίματος
1450 2953 1517 3029 δυ-

316 3067 419 3170 νόμει
453 3105 492 3151 τε
522 3075 581 3152 καί
614 3076 797 3182 συνεργία
848 3076 1049 3177 ἀγνοοῦντα
1082 3075 1202 3154 τοίνυν
1238 3069 1302 3153 τάν
1337 3073 1549 3176 μακάριονο

317 3192 458 3298 Πέτρον
493 3200 566 3276 τῶν
606 3197 798 3301 εἰρημένων
831 3197 898 3299 τὴν
938 3197 1099 3298 δυ’ναμιν,
1136 3199 1227 3297 ὁμοῦ
1267 3205 1342 3280 τοῖς
1383 3196 1518 3282 ἅλλοις

314 3323 500 3419 μαθηταῖς,
528 3321 566 3399 ε’ν
593 3322 711 3429 ταύτῷ
736 3321 852 3420 μένειν
878 3323 929 3430 ἐᾷ,
957 3325 1015 3402 καί
1044 3323 1108 3402 οὐκ
1136 3321 1238 3406 εὐθὺς
1266 3320 1440 3427 ἐφίστησι
1468 3325 1518 3427 τῇ

316 3446 389 3544 τῶν
420 3441 611 3544 εἰρημένων
642 3445 816 3552 ἀκριβείᾳ,
850 3445 1049 3550 χρησίμως,
1080 3445 1184 3550 ἀχρις
1218 3442 1264 3524 ἀν
1295 3445 1413 3528 αὐτοῖς
1450 3443 1519 3525 τδν

151 3585 266 3646 vm.
288 3563 541 3644 ιιάνακτάσθαι
567 3565 763 3666 δυνάμενον
787 3572 991 3672 διαπερανεῖ
1014 3568 1139 3669 λόγον·
1169 3576 1276 3649 τοῦτο
1301 3571 1360 3648 καὶ
1384 3569 1421 3647 ἐν
1439 3575 1518 3652 τοῖς

149 3693 236 3826 Χῑξξη.
318 3685 449 3792 ἐφεξῆς
467 3697 637 3768 ποιοῦντα
655 3688 895 3792 θεωρήσομεν.
929 3690 1026 3793 λέγει
1044 3689 1115 3794 γάρ
1131 3689 1222 3794 πρὸς
1240 3690 1368 3774 αὐτούς
1381 3700 1403 3737 “
1415 3695 1549 3788 Eva-²

320 3817 341 3856 “
360 3807 460 3915 φέρει
486 3811 568 3908 ὑμῖν
590 3811 648 3891 ἵνα
670 3809 741 3915 ἐγὼ
764 3813 925 3895 ἀπέλθω·
955 3813 1017 3894 ε’ἀν
1039 3811 1112 3918 γάρ
1137 3813 1209 3917 ἐγὼ
1233 3813 1284 3914 μὴ
1308 3812 1473 3909 ἀπέλθω,
1497 3815 1519 3892 ὁ

318 3941 341 3980 “
358 3929 589 4036 παράκλητος
617 3935 660 4014 οὖ
686 3933 737 4034 μὴ
764 3932 855 4041 ἐ’λθη
882 3935 974 4040 πρὸς
1002 3939 1125 4036 ὑμᾶς.”
1162 3933 1290 4044 φθάνει
1319 3934 1443 4039 γεμὴν,
1467 3939 1518 4020 ὡς

319 4055 422 4156 θεὸς,
440 4057 728 4159 ἐπαγγείλασθαι
751 4055 907 4140 θέλοντα
925 4057 990 4140 τόν
1005 4057 1178 4161 μαθητὴν,
1197 4059 1253 4140 ὅτι
1275 4063 1334 4140 καὶ
1358 4061 1516 4139 ἀκολου-

319 4179 423 4282 θήσει
451 4179 644 4284 προθύμως
676 4185 734 4262 καί
766 4181 940 4262 συνέσται
970 4191 1122 4287 γοργῶς,
1150 4181 1292 4268 οὐδενὸς
1321 4183 1417 4291 αὐτῷ
1449 4181 1519 4282 τὴν

318 4304 521 4408 προθυμίαν
545 4303 846 4410 ἀνασειράζοντος,
865 4306 926 4386 καί
949 4312 1066 4415 φησιν
1084 4305 1203 4388 ’Ὀπιυ
1226 4304 1355 4410 όποίγω
1383 4301 1452 4411 ἑγδι
1483 4311 1549 4385 οὐξι

462 4565 488 4606 2.
505 4551 536 4606 τδ
549 4549 582 4607 Ε.
596 4549 647 4606 Ed.
661 4569 716 4623 mg.
729 4555 776 4608 τοῦ
788 4551 841 4607 Ed.
1182 4569 1226 4624 29.
1243 4553 1327 4609 αὐτῶν
1339 4551 1373 4608 Ε.
