3238 5114
283 330 348 394 664
588 329 627 394 B.
651 329 860 396 CYRILLI
890 329 1181 397 ALEXANDR.
1377 326 1454 390 xvii.
1467 345 1492 390 2.

283 494 410 575 οὑκοὺν
435 495 577 596 ἐπείπερ
599 497 699 574 ἐστὶν
722 493 912 600 ἀρχιερεὺς,
932 493 1022 576 καθδ
1047 495 1206 603 πέφηνεν
1231 494 1445 596 ἅνθρωπος,
1462 493 1496 569 ἐν

283 618 402 724 ταύτῷ
420 615 458 697 δέ
477 621 535 698 καὶ
554 617 704 718 ἄμωμον
723 624 820 717 θῦμα
837 619 1120 721 προσκεκόμικεν
1132 621 1261 700 ἑαυτὸν
1274 620 1497 718 ἀντίλυτρον

282 741 346 836 τῆς
366 737 535 820 ἁπάντων
555 737 644 842 ζωῆς
663 741 715 846 τῷ
725 743 810 847 θεῷ
827 741 886 818 καὶ
899 741 1030 842 Πατρὶ,
1044 738 1207 842 καθάπερ
1224 736 1409 843 ἀπαρχήν
1423 771 1498 815 τινα

148 898 167 977 .'
180 861 196 914 ⁸·
283 864 347 960 τῆς
368 859 654 965 ἀνθρωπότητος,
674 871 695 910 “
709 861 752 942 ἵν’
778 864 816 942 ἐν
839 868 934 942 πᾶσι
962 862 1107 964 γένηται
1134 863 1365 965 προπεὺων,”
1402 862 1501 944 ὦςὸ

284 985 434 1069 Παῦλός
451 991 558 1093 φησι·
593 985 823 1090 προσκομίζει
841 984 880 1066 δέ
897 983 1010 1066 πάλιν
1027 985 1070 1067 τὸ
1089 989 1377 1090 ἀποσκιρτῆσαν
1395 985 1527 1088 γένος5

252 1109 340 1190 οέπὶ
365 1113 430 1208 τῆς
458 1113 535 1212 γῆς,
558 1109 679 1208 αἵματι
707 1105 772 1208 μέν
800 1113 852 1217 τῷ
879 1109 955 1216 ίδίῳ
983 1107 1142 1212 καθαρὸν
1170 1111 1381 1218 ἀποδείξας,
1403 1112 1499 1188 ἀνα-

280 1233 483 1341 μορφτόσας
510 1233 548 1314 δέ
578 1231 670 1337 πρὸς
692 1229 883 1333 καινότητα
910 1231 1000 1334 ζωῆς
1028 1231 1087 1312 διά
1113 1243 1178 1315 τοῦ
1204 1235 1337 1337 Ἀγίου
1368 1233 1498 1314 Πνεύ·

280 1390 403 1454 ματος.
441 1355 559 1458 ἐπειδὴ
583 1356 632 1455 δέ,
657 1355 751 1438 καθά
771 1354 951 1440 πολλάκις
968 1355 1166 1460 εἰρήκαμεν,
1185 1353 1304 1438 πάντα
1332 1365 1501 1438 τελεῖται

279 1477 380 1582 παρά
407 1479 553 1584 Πατρὸς
579 1481 622 1562 δι’
642 1485 733 1562 Υίοῦ
750 1483 788 1561 ἐν
807 1478 1001 1579 Πνεὺματι,
1023 1479 1222 1562 πλάττεται
1239 1487 1312 1560 τῶν
1336 1485 1502 1583 ἀγαθῶν

281 1610 330 1689 είς
347 1605 440 1705 ἡμᾶς
457 1603 524 1705 τὴν
542 1605 695 1705 αἴτησιν,
714 1608 763 1690 ὡς
780 1603 929 1704 μεσίτης
954 1608 1012 1684 καὶ
1037 1602 1233 1710 ἀρχιερεὺς,
1255 1605 1373 1685 καίτοι
1400 1639 1501 1685 συν-
1517 1646 1551 1686 ιο

282 1729 391 1834 δοτὴρ
409 1731 468 1809 καὶ
486 1723 718 1834 σνγχορηγδς
738 1727 909 1833 ὑπάρχων
926 1731 978 1836 τῷ
995 1727 1072 1835 ίδίιρ
1090 1727 1275 1832 γεννήτορι
1292 1735 1367 1807 τῶν
1382 1731 1500 1808 θείων

281 1886 319 1932 τε
351 1857 409 1932 καὶ
441 1857 688 1952 πνευματικῶν
720 1849 967 1957 χαρισμάτων.
1015 1855 1142 1954 διαιρεῖ
1170 1850 1242 1954 γὰρ
1280 1853 1357 1930 κατ’
1395 1853 1500 1932 ίδίαν

280 1974 462 2078 βούλησίν
492 2011 531 2058 τε
561 1979 620 2057 καὶ
657 1975 827 2084 ἐξουσίαν
859 1972 991 2078 οἷσπερ
1023 1972 1067 2054 ἀν
1102 1973 1218 2054 ἐθέλοι
1255 1973 1298 2054 τὸ
1332 1979 1498 2075 Πνεῦμα

281 2100 455 2202 Χριστός.

340 2227 413 2304 Καὶ
441 2228 542 2306 ταυτὶ
568 2224 635 2325 μέν
651 2228 690 2306 ἐν
707 2223 856 2308 τούτοις·
895 2225 934 2303 τί
957 2221 995 2304 δέ
1021 2221 1065 2324 δὴ
1087 2223 1258 2318 βούλεται
1286 2226 1426 2324 δηλοῦν
1444 2225 1492 2305 τὸ
1511 2254 1544 2311 ¹5

116 2369 234 2425 αοοΑ.
253 2350 346 2447 οτῆς
364 2347 539 2450 αἰτήσεως
556 2354 694 2455 σχῆμα,
713 2346 926 2451 δοκιμαζέτω
949 2344 1062 2428 πάλιν
1088 2348 1107 2425 ὁ
1133 2345 1255 2448 λόγος.
1293 2355 1316 2392 “
1332 2347 1489 2450 Πάτερ”

112 2445 197 2561 ἓξίῗ
283 2471 411 2569 τοίνυν,
431 2475 537 2578 φησὶ,
562 2482 585 2520 “
602 2469 762 2579 δόξασόν
786 2505 858 2551 σου
885 2468 950 2552 τὸν
967 2468 1058 2552 Υἱδν
1084 2470 1143 2551 ἵνα
1170 2473 1229 2550 καὶ
1257 2469 1384 2556 ὁΥίός
1414 2506 1489 2552 σου

283 2604 305 2642 “
321 2594 463 2700 δοξάσῃ
491 2597 572 2675 σε.”
610 2603 688 2678 πῶς
715 2595 778 2675 οὖν
807 2592 830 2694 ἦ
860 2597 940 2674 τίνα
967 2593 1103 2697 τρόπον
1129 2593 1216 2698 ὅπερ
1246 2596 1339 2700 ἔφην
1365 2600 1487 2675 διανυ·

281 2717 487 2818 σθήσεται;
527 2718 719 2818 βούλομαι,
747 2722 878 2824 φησὶν,
909 2719 967 2798 ἵνα
990 2717 1116 2821 ὥσπερ
1144 2713 1299 2806 δεδωκάς
1327 2754 1390 2818 μοι
1418 2719 1487 2818 τὴν

282 2843 428 2950 ἐξουσίαν
451 2842 570 2936 πάσης
588 2843 724 2950 σαρκός,
743 2845 836 2922 οὕτω
861 2845 920 2921 καὶ
942 2845 1013 2922 πάν
1031 2843 1047 2922 ’δ
1067 2836 1218 2928 δεδωκάς
1238 2877 1300 2940 μοι
1318 2843 1383 2948 ἐχῃ
1402 2843 1486 2952 ζωῆι
1500 2879 1539 2919 20

281 2966 414 3047 αἰώνιον.
452 2966 604 3073 ἐδόξασε
631 2965 697 3065 μέν
724 2965 796 3070 γάρ
824 2968 844 3046 ὁ
872 2962 1003 3068 Πατὴρ
1029 2963 1093 3046 τόν
1120 2965 1210 3046 ’ίδιον
1227 2964 1328 3064 Υὶδν,
1355 2975 1486 3047 πᾶσαν

283 3091 422 3176 ὑποθεὶς
449 3088 516 3190 τὴν
544 3092 603 3197 ὑφ’
635 3091 726 3198 ἡλίῳ
754 3097 827 3174 τοῖς
853 3088 1051 3191 σκήπτροις
1079 3092 1201 3188 αὑτοῦ,
1232 3089 1485 3198 ἀντεδοξάσθη

281 3213 320 3294 δέ
350 3217 408 3296 καὶ
438 3214 544 3298 αὑτὸς
576 3215 618 3294 δι’
649 3215 768 3294 αὑτοῦ.
807 3215 826 3292 ὁ
854 3211 919 3310 μέν
946 3211 1018 3315 γάρ
1051 3212 1138 3297 Υἱὸς
1166 3213 1349 3320 ἐδοξάσθη
1382 3215 1486 3319 παρὰ

280 3347 344 3419 τοῦ
382 3337 539 3440 Πατρδς,
567 3340 769 3420 πιστευθεὶς
811 3333 912 3438 παρὰ
952 3336 1099 3416 πάντων
1141 3335 1196 3416 ὅτι
1229 3337 1386 3439 γέννημα
1424 3344 1485 3418 καὶ

280 3460 417 3564 καρπός
448 3464 527 3541 ἐστι
556 3467 621 3540 τοῦ
651 3457 771 3540 πάντα
801 3461 992 3565 ἰσχύοντος
1020 3461 1078 3539 καὶ
1106 3463 1259 3562 ἀμογητὶ
1288 3461 1334 3541 τά
1361 3460 1485 3542 πάντα
1501 3497 1538 3556 ²5

246 3591 354 3668 οτοΐς
380 3588 444 3684 τῆς
472 3585 579 3664 αὑτοῦ
606 3583 796 3680 βασιλείας
825 3581 1051 3667 ὑποτιθέντος
1081 3585 1210 3686 ζυγοῖς,
1232 3585 1484 3691 ἀντεδοξάσθη

280 3705 319 3787 δέ
343 3705 467 3811 ὥσπερ
494 3705 593 3810 παρὰ
618 3715 682 3786 τοὺ
705 3707 793 3786 ίδίου
818 3705 1035 3809 γεννήματος
1055 3709 1075 3786 ὁ
1096 3707 1235 3811 Πατήρ.
1271 3707 1392 3810 ἐπειδὴ
1409 3709 1484 3812 γὰρ

278 3831 399 3912 πάντα
426 3830 554 3936 ίσχὺον
573 3833 743 3912 ἐπιτελεῖν
761 3829 916 3915 εὐκόλως
945 3830 1112 3934 ἐγνώσθη
1139 3830 1182 3910 τὸ
1211 3831 1381 3933 γέννημα,
1406 3839 1484 3914 δια-

278 3955 412 4057 βέβηκε
439 3960 503 4056 τῆς
524 3955 723 4054 εὐκλείαςὴ
746 3951 849 4059 χάρις
878 3961 925 4038 είς
953 3953 1017 4033 τὸν
1044 3951 1192 4034 τεκόντα
1220 3955 1318 4036 αὑτό.
1356 3955 1483 4061 ὥσπερ

279 4081 353 4178 οὖν,
373 4083 477 4188 φησὶ,
496 4077 674 4186 ἐδόξασάς
699 4111 737 4158 τε
766 4081 825 4158 καὶ
852 4078 1064 4185 ἐδοξάσθης,
1083 4077 1164 4161 δοὺς
1187 4084 1280 4186 αὐτῷ
1303 4078 1369 4180 τὴν
1391 4082 1484 4160 κατὰ
1499 4113 1535 4168 30

278 4201 425 4285 πάντων
443 4205 592 4310 ἐξουσίαν
611 4207 669 4283 καὶ
694 4200 892 4304 κυριότητα,
912 4200 1003 4282 κατά
1025 4199 1089 4282 τδν
1113 4201 1295 4306 είρημένον
1313 4203 1482 4303 δηλονότι

314 4427 340 4482 6.
359 4428 406 4495 μὲν
417 4436 587 4498 assumptum
599 4445 631 4482 ex
645 4428 677 4483 E.
785 4445 812 4498 9.
829 4423 983 4496 πλάττεται]
997 4429 1015 4455 “
1023 4425 1092 4480 forte
1103 4425 1265 4496 πράττεται”
1278 4425 1387 4481 adnotat
1396 4425 1479 4490 Aub„

279 4497 326 4553 sed
344 4499 484 4624 ηθὶὲιίτττὲτοι
501 4507 572 4554 recte
589 4497 695 4555 exhibet
708 4497 737 4554 F.
756 4498 790 4554 cf.
803 4500 833 4554 τὸ
845 4500 891 4567 τῆς
903 4496 1028 4564 αῐτὴσευς
1044 4497 1184 4552 πλάττεται
1203 4497 1294 4568 σχῆμα
1308 4497 1378 4554 infra
1389 4499 1443 4568 958
1455 4515 1478 4552 e.

281 4585 353 4640 τηε
401 4592 418 4638 η
456 4607 465 4624 .
