3274 5118
322 327 387 392 578
625 327 665 393 Β.
689 326 901 393 CYRILLI
930 325 1219 426 ALEXANDR.
1329 345 1381 388 xv.
1398 343 1451 405 14,
1468 333 1519 402 15·

274 555 430 640 ι4“Υμε’ία
459 559 550 652 φίλοι
578 585 640 641 μου
668 563 755 646 ἐστὲ,
785 563 844 632 ἐὰν
873 569 990 630 ποιῆτε
1022 563 1083 633 ὅου
1113 561 1179 638 ἒτὼ
1206 559 1401 637 ἐντέλλομαι
1433 549 1522 631 ὑμῖν.

274 695 310 756 15
373 687 482 755 οὐκέτι
509 691 596 764 λὲτω
625 691 708 767 ὑμᾶς
736 689 885 771 δούλους,
913 692 963 758 ὃτι
989 689 1008 757 ὁ
1035 687 1154 754 δοῦλοο
1183 687 1242 754 οὐκ
1269 679 1339 752 οἶδε
1367 681 1398 750 τί
1430 675 1522 746 ποιεῖ

293 821 311 866 0
373 811 472 876 αὐτοῦ
491 813 509 882 ὁ
531 813 649 903 κύριος·
686 815 770 890 ὑμᾶς
796 813 832 880 δὲ
854 809 971 904 είριικα
996 813 1123 902 φίλους,
1140 815 1191 880 ὅτι
1214 811 1320 878 πάντα
1347 807 1520 874 ἀιίκουοα

372 936 461 1028 παρὰ
479 943 536 1004 τοῦ
555 939 684 1030 Πατροι
701 961 763 1016 μου
782 937 945 1030 ἑτνὼριοα
964 935 1047 1017 ὑμῖν.

376 1107 568 1216 Ἀντίταξε
591 1109 704 1192 πάλιν
721 1119 794 1198 τοῖς
815 1115 854 1192 ἐκ
872 1115 936 1212 τῆς
953 1113 1110 1210 ὑπακοῆς
1129 1113 1188 1191 καὶ
1205 1107 1402 1216 φιλαρέτου
1419 1104 1519 1206 γνώ·
1536 1125 1554 1186 5

321 1263 391 1329 μης
420 1232 601 1332 ε’σομείνοις
628 1233 710 1315 ἔσθ’
740 1235 799 1316 ὅτε
823 1237 977 1332 δείμασι,
1005 1239 1069 1334 τῆς
1102 1240 1150 1320 είς
1178 1231 1286 1313 αὐτὸν
1317 1231 1442 1339 φιλίας
1474 1227 1520 1307 τὸ

321 1353 454 1454 κε’ρδος,
476 1356 535 1436 ἵνα
561 1363 638 1442 ταῖς
666 1359 824 1438 ἐντεῦθεν
849 1358 1028 1458 εὐθυμίαις
1054 1360 1112 1437 καὶ
1139 1363 1185 1461 τῇ
1211 1353 1303 1460 πρὸς
1329 1351 1372 1434 τὸ
1399 1349 1521 1453 μεῖζον

320 1475 441 1582 ε’φέσει
468 1477 511 1560 τὸ
543 1482 581 1560 ἐν
605 1480 747 1566 ἐκείνοις
775 1479 987 1588 ἀφανίζηται
1017 1478 1199 1588 φορτικὸν,
1231 1482 1289 1558 καὶ
1319 1475 1361 1558 τὸ
1391 1481 1521 1555 λυπεῖν

320 1597 403 1680 ἔσθ’
423 1600 482 1682 ὅτε
501 1607 630 1684 δοκοῦν
648 1603 834 1710 οἰχήσεται
852 1605 944 1710 πρὸς
961 1604 1003 1686 τὸ
1024 1604 1146 1705 μηδέν.
1188 1600 1322 1705 γλυκὺς
1340 1597 1411 1703 γάρ
1435 1597 1520 1678 τότε

321 1730 394 1808 τοῖς
424 1727 606 1831 φιλοθίοις
634 1729 654 1807 ὁ
673 1727 793 1827 πόνος,
812 1728 870 1809 ὅτε
894 1729 1022 1832 γείτων
1041 1728 1110 1832 ἀρα
1134 1729 1193 1808 καὶ
1217 1725 1395 1808 πλούσιος
1413 1724 1435 1802 ὁ
1452 1757 1515 1822 μι-
1535 1761 1576 1803 ιο

155 1865 275 1926 om.
292 1844 425 1931 ςσθάς.
467 1844 543 1929 είτα
565 1852 619 1936 τίς
643 1851 688 1932 ἀν
706 1854 838 1952 οἰηθείη
856 1886 891 1932 τι
909 1855 1036 1956 μεῖζον,
1050 1854 1088 1933 τί
1098 1850 1136 1932 δὲ
1154 1847 1241 1932 εἶναι
1265 1843 1519 1950 λαμπρότερον

320 1971 395 2071 ἐρεῖ
408 1979 471 2050 τοῦ
490 1977 601 2080 φίλον
618 1970 706 2055 είναι
734 1979 792 2056 καὶ
820 1976 993 2077 λέγεσθαι
1011 1979 1202 2078 Χριστοῦ;
1233 1971 1297 2052 θέα
1324 1969 1396 2072 γάρ
1419 1969 1519 2052 ὅπως

320 2095 379 2172 καὶ
402 2093 490 2198 ὑπὲρ
511 2097 638 2181 αὐτοὺς
664 2097 747 2182 τοὺς
763 2102 827 2197 τῆς
846 2099 1067 2202 ἀνθροιπείας
1085 2098 1230 2204 φύσεως
1255 2095 1358 2199 ὅρους
1375 2096 1455 2173 ἐστὶ
1474 2089 1518 2172 τὸ

213 2276 229 2320 :.
320 2217 472 2325 ἀξίωμα.
519 2225 633 2302 δοῦλα
669 2220 735 2322 μὲν
770 2219 841 2325 γὰρ
875 2221 995 2302 πάντα
1032 2231 1096 2302 τοῦ
1138 2217 1390 2319 πεποιηκότος,
1413 2214 1518 2312 αὐτὰ,

321 2341 412 2421 κατά
448 2341 514 2443 τὴν
548 2352 612 2424 τοῦ
648 2342 862 2451 ψάλλοντος
902 2343 1038 2452 φωνὴν,
1076 2347 1134 2424 καὶ
1172 2341 1273 2423 οὐδὲν
1309 2339 1407 2438 οἶμαι
1444 2346 1517 2418 τῶν
1533 2363 1571 2422 15

321 2465 522 2566 γεγονότων
550 2469 660 2564 ἐστὶν,
690 2465 710 2548 ὃ
743 2465 793 2567 μὴ
825 2473 877 2575 τῷ
909 2473 972 2567 τῆς
1004 2468 1166 2550 δουλείας
1199 2463 1378 2570 ι’νιτηνεγθη
1406 2461 1513 2568 ζυγῷ,

320 2584 413 2666 κατοί
436 2621 478 2689 γε
499 2586 562 2668 τὸν
582 2589 767 2692 πρέποντα
792 2588 982 2694 λόγονκαὶ
1010 2593 1214 2696 δημιουργῷ
1241 2591 1300 2668 καὶ
1326 2584 1513 2686 ποιήματι.

321 2711 363 2789 οὐ
390 2710 463 2812 γὰρ
480 2711 517 2792 ἐν
534 2712 604 2820 ’ίστρ
630 2711 672 2792 τὸ
699 2713 845 2813 ποιηθὲν
862 2720 914 2822 τῷ
942 2714 1196 2821 τεκτηναμένηι,
1218 2711 1354 2806 πόθεν;
1386 2708 1516 2812 καταίρ-

322 2833 376 2939 ξει
410 2833 448 2914 δὲ
484 2841 630 2932 μᾶλλον
662 2841 721 2916 καὶ
757 2839 1000 2940 καθηγήσεται
1032 2845 1104 2918 τῶν
1135 2838 1232 2918 ίδίοιν
1263 2835 1378 2938 ἔργων
1408 2835 1429 2912 ὁ
1458 2836 1517 2913 ἐπὶ

287 2955 459 3042 δπάντας
482 2956 583 3043 Θεός.
627 2959 891 3063 ὑπεζευγμένων
919 2961 982 3040 οὖν
1009 2959 1179 3063 ἀροτῶν
1207 2958 1316 3056 ὅλων,
1343 2960 1401 3036 καὶ
1427 2961 1511 3036 δοῦ·
1532 2987 1573 3027 20

321 3090 390 3160 λον
419 3081 702 3184 ἀπεστροικότων
733 3089 785 3191 τῷ
816 3089 899 3190 Θεῷ
933 3082 998 3164 τὸν
1031 3083 1173 3189 αι’νχίνα,
1205 3082 1296 3185 πρὸς
1327 3078 1394 3180 τὴν
1427 3079 1515 3182 ὑπὲρ

321 3203 435 3307 φύσιν
457 3203 656 3308 ἀνακομίζει
683 3206 795 3313 δόξαν
817 3205 900 3292 τοὺς
928 3208 1051 3308 ἁγίους
1070 3210 1090 3286 ὁ
1112 3205 1253 3307 Κιίριος,
1273 3209 1303 3284 εί
1330 3208 1419 3306 δρᾶν
1440 3203 1515 3282 ἐθί-

320 3335 444 3412 λοντες
472 3329 657 3435 φαίνοιντο
684 3327 729 3409 τά
756 3331 928 3410 δοκοῦντα
956 3331 1063 3439 αὐτῷ,
1083 3333 1142 3410 καὶ
1170 3325 1332 3430 καθάπερ
1353 3328 1392 3405 ἐν
1413 3325 1516 3432 τάξει

320 3451 552 3555 δορυφορίας,
571 3451 838 3556 ἀκατηγόρητον
856 3455 952 3559 αὐτῷ
978 3453 1213 3556 προσκομίζει
1231 3450 1297 3550 τὴν
1315 3448 1512 3550 ι’πτοταγήν·

319 3571 485 3673 λαμπρὸς
500 3573 651 3678 οθνάρα
669 3578 727 3654 καὶ
745 3574 985 3683 ἀξιοζήλωτος
1002 3579 1023 3656 ὁ
1041 3575 1183 3675 μισθός.
1530 3599 1569 3658 ²5

378 3693 486 3793 Πλὴν
510 3698 619 3777 ἐκεῖνο
646 3699 912 3780 κατασκεπτίον
932 3703 970 3779 ἐν
988 3700 1125 3784 τούτοις
1150 3700 1189 3778 εὖ
1213 3697 1325 3797 μάλα·
1366 3707 1513 3778 λυσιτε·

322 3818 429 3918 λήσει
455 3817 527 3922 γάρ
548 3821 590 3898 οὐ
614 3827 757 3924 μικρῶς·
795 3827 825 3901 εί
850 3821 922 3926 γάρ
940 3821 1125 3929 ἐξαρκέσει
1150 3826 1248 3903 τισίν
1265 3827 1313 3906 είς
1329 3822 1515 3923 ἐλεύθερον

290 3941 463 4050 αάξίωμα
492 3941 666 4046 καὶπρὸς
693 3942 735 4024 τὸ
760 3945 886 4046 μηκέτι
910 3951 1099 4026 καλεῖσθαι
1126 3944 1306 4044 θαίλιυςὴ
1333 3943 1423 4049 πρὸς
1451 3945 1515 4024 τὸν

321 4065 411 4147 Υίὸν
439 4068 555 4174 φιλία,
576 4073 654 4152 πῶς
680 4063 725 4147 ἀν
753 4067 805 4168 ε’ίη
833 4072 962 4154 δοῦλος
986 4067 1009 4169 ἢ
1036 4073 1084 4152 ὡς
1108 4071 1243 4169 ποίημα
1271 4073 1328 4149 καὶ
1358 4067 1516 4170 γενητὸς,

320 4187 411 4270 κατά
428 4189 494 4289 τὴν
517 4197 624 4270 τινῶν
642 4192 845 4288 ἀβουλίαν;
878 4193 919 4271 οὐ
947 4191 1019 4294 γὰρ
1046 4190 1089 4291 δὴ
1113 4200 1187 4276 τοῖς
1215 4193 1344 4296 ἑτέροις
1361 4191 1427 4291 τὴν
1449 4191 1515 4290 μὲν
1530 4217 1569 4274 30

318 4317 382 4410 τῆς
395 4313 593 4416 ἐλευθερίας
609 4311 716 4414 τιμὴν
732 4312 905 4414 διανέμειν
919 4317 1019 4394 ἐστὶν
1039 4313 1170 4410 ἱκανὸς,
1183 4314 1363 4418 ἕρημονδέ
1381 4315 1513 4416 ταύτης

527 4555 550 4593 1.
568 4536 620 4594 ιιι
632 4537 649 4592 ι
662 4536 695 4594 ιι
954 4553 998 4611 30.
1020 4533 1182 4596 ιιιιυιιιιιι
1196 4539 1264 4596 cod.
1278 4557 1303 4598 c.
