3248 5112
130 379 185 421 xv.
201 375 230 422 1.
319 359 376 424 ΙΝ
406 359 438 424 S.
463 359 720 426 JOANNEM.
766 358 860 424 LIB.
883 357 926 422 X.
970 355 1073 422 CAP.
1096 353 1143 419 II.
1265 351 1332 416 53⁷*

129 523 213 601 οὔτε
237 518 310 622 μὴν
331 521 374 603 τὸ
399 524 518 628 ἕτερον
540 526 623 630 δίχα
644 533 709 606 τοῦ
730 527 821 604 Υίοῦ
848 523 960 626 ἤγουν
977 529 1042 603 τοῦ
1058 520 1185 619 Ἀγίου
1208 514 1326 597 Πνεό-

129 679 245 742 ματος
272 647 510 751 κατορθώσειε
539 649 582 729 τὸ
609 651 697 729 τοῖν·
739 645 858 730 πάντα
884 645 956 750 γάρ
982 641 1082 748 παρὰ
1111 640 1256 744 Πατρδς
1283 639 1327 719 δι’

129 772 223 848 Υίοῦ
245 773 283 850 ἐν
303 771 497 872 Πνειίματι,
520 771 681 876 καθάπερ
704 771 902 876 εἰρήκαμεν.
933 773 1159 868 οίκονομυεῶς
1183 763 1222 844 δὲ
1246 767 1332 846 λίαν

130 895 192 974 καὶ
211 902 275 975 νῦν
292 896 312 974 ό
331 894 460 1000 Σωτὴρ
478 901 629 1004 γεωργὶν
648 895 813 996 ὠνόμασε
837 895 902 976 τὸν
922 893 1079 997 Πατέρα,
1098 894 1157 972 καὶ
1181 891 1236 975 τίς
1259 890 1330 992 ἀρα

89 1015 261 1100 ὅτοιίτου
288 1019 414 1120 γέγονε
442 1020 640 1129 πρόφασις,
668 1019 769 1101 οὐδέν
796 1019 891 1105 ὅλως
920 1024 1028 1099 εἰπεῖν
1054 1012 1231 1122 χαλεπόν·
1272 1015 1330 1094 ἵνα

129 1137 205 1244 γάρ
228 1141 332 1242 μήτις
356 1142 471 1243 οίηται
494 1143 607 1244 μόνου
627 1153 692 1226 τοῦ
711 1151 940 1246 Μονογενοῦς
964 1139 1031 1242 τὴν
1048 1141 1103 1246 ἐφ’
1124 1139 1209 1239 ἡμῖν
1226 1137 1328 1241 γενέ·
1424 1145 1426 1149 ’

130 1271 222 1345 σθαι
250 1267 437 1370 φροντίδα,
461 1266 686 1372 συνεργάτην
710 1266 836 1372 ὥσπερ
860 1264 1078 1362 είσκεκόμικε
1101 1260 1165 1343 τόν
1184 1260 1330 1365 Πατέρα

130 1386 192 1464 καὶ
220 1385 326 1484 Θεὸν,
353 1386 480 1468 ἑαυτὸν
508 1386 574 1486 μὲν
600 1386 765 1495 ἀμπελον
792 1387 901 1468 εῖπάιν
930 1393 1004 1470 τοῖς
1037 1385 1136 1468 ἱδίοις
1164 1379 1358 1482 κλήμασιΙ)

130 1517 365 1611 χορηγοῦσαν
382 1509 449 1612 τὴν
466 1509 558 1616 ζωὴν
576 1509 694 1594 καὶτὸ
713 1513 889 1592 δύνασθαι
909 1513 1162 1614 καρποφορεῖν,
1179 1503 1330 1614 γεωργῖν
1444 1529 1445 1532 ’

63 1663 116 1710 10
132 1630 171 1711 δέ
199 1629 264 1713 τὸν
291 1633 531 1738 γεννήσαντα·
569 1641 628 1718 καὶ
661 1635 720 1716 διὰ
751 1636 880 1717 τούτου
907 1636 1029 1731 πόλιν,
1058 1631 1180 1734 ἕτερον
1206 1626 1330 1731 ὥσπερ

130 1752 212 1835 τινά
239 1761 304 1858 τῆς
331 1759 427 1843 θείας
454 1760 580 1844 οὐσίας
607 1759 782 1863 ἐνέργειαν
808 1758 875 1862 τὴν
902 1759 978 1839 κατ’
1003 1757 1198 1862 ἐπίσκεψιν
1225 1787 1329 1835 νοου-

131 1876 241 1978 μένην
266 1886 316 1966 εἷς
339 1881 431 1981 ἡμᾶς
456 1884 698 1965 ἐπιτελεῖσθαι
723 1882 919 1964 διδάσκων.
957 1882 1026 1963 ἔδει
1048 1879 1120 1982 γάρ
1143 1877 1211 1959 ἔδει
1233 1911 1328 1976 μαν-

132 1999 254 2083 θαίνειν
284 2005 386 2104 ἡμᾶς,
420 2009 469 2092 ὡς
498 2007 540 2086 οὗ
572 2005 684 2106 μόνον
712 2006 900 2092 κοινωνοὺς
931 2011 996 2107 τῆς
1025 2007 1152 2085 ἑαυτοῦ
1185 2002 1330 2110 φύσεως

132 2124 371 2232 ἐξειργάσατο
399 2129 502 2228 Θεὸς,
530 2133 568 2211 έν
595 2132 683 2238 ἀγίηι
710 2165 750 2212 τε
778 2134 837 2212 καὶ
865 2129 1045 2237 όμοουσίφ
1073 2126 1202 2230 Τριόδι
1229 2123 1330 2206 νοοό-

73 2277 116 2337 15
131 2279 249 2348 μενος·
291 2251 392 2333 ἀλλά
423 2257 481 2336 καὶ
514 2261 586 2335 τῶν
618 2257 701 2336 καθ’
731 2255 826 2355 ἡμᾶς
856 2251 1120 2358 ἀκριβεστάτην
1153 2250 1192 2329 εὖ
1227 2247 1330 2348 μάλα

130 2379 283 2454 ποιεῖται
314 2375 381 2476 τὴν
412 2377 617 2485 ἐπίσκεψιν,
650 2381 699 2464 ὡς
729 2381 768 2458 έν
795 2375 918 2487 τρόπῳ
951 2376 1126 2480 γεωργίας
1156 2385 1327 2477 παραλη-

131 2501 291 2604 φθεῖσαν
320 2505 368 2584 εἷς
402 2499 446 2582 τὸ
475 2501 592 2604 παρὸν
620 2503 827 2588 ἀκολούθως
858 2504 985 2582 τεκαὶ
1014 2498 1163 2606 σφόδρα
1192 2503 1359 2581 καλεῖται

127 2624 459 2726 προωνομασμένης
481 2624 554 2728 γάρ
576 2626 741 2724 ἀμπέλου
762 2629 822 2708 καὶ
838 2632 911 2706 τῶν
927 2625 971 2732 ἐξ
986 2625 1095 2724 αὐτῆς
1116 2620 1326 2723 κλημάτων,

129 2749 208 2828 τοῖς
233 2747 276 2825 οὐ
302 2748 388 2828 λίαν
410 2749 449 2828 ἐν
470 2749 610 2834 τούτοις
635 2748 919 2853 πρεπωδεστότη
945 2756 1010 2830 τοῦ
1037 2753 1281 2850 γεωργοῦντος
1307 2746 1330 2845 ἡ

72 2903 118 2948 ιο
131 2867 304 2968 δήλωσις,
322 2869 387 2951 τὸν
404 2873 566 2974 ε’πόπτην
583 2880 658 2953 τῶν
676 2872 774 2954 ὅλων
790 2876 848 2954 καὶ
865 2869 1082 2974 ἐπιμελητὴν
1097 2869 1329 2977 εἰσφέρουσα

129 2992 296 3074 τουτέστι
320 2993 442 3094 Θεόν;
478 3003 507 3077 εί
535 2995 573 3078 δὲ
600 2995 898 3096 πεπιστεύκαμεν,
921 2996 976 3077 ότι
1000 3001 1163 3104 φυσικῶς
1183 2993 1249 3092 μέν
1271 2997 1330 3074 καὶ

129 3117 278 3217 ἀληθῶς
295 3121 396 3199 ε’στιν
414 3121 435 3199 ό
454 3119 542 3205 Υἱός
560 3122 599 3200 έν
616 3125 668 3228 τῷ
687 3121 762 3228 ίδίιρ
783 3122 913 3224 Πατρὶ,
930 3119 1001 3225 ἔχει
1019 3118 1056 3199 δέ
1074 3121 1112 3198 έν
1130 3118 1201 3224 ίδίιρ
1219 3116 1330 3223 φύσει

129 3239 195 3319 τὸν
221 3241 457 3344 γεννήσαντα,
484 3247 543 3324 καὶ
569 3243 688 3326 πάντα
715 3242 759 3323 δι’
783 3247 920 3350 ἀμφοῖν
948 3245 986 3323 ἐν
1005 3240 1187 3339 Πνεόματι
1214 3245 1263 3324 ὡς
1289 3243 1329 3320 ἐκ

129 3370 214 3463 μιᾶς
239 3366 407 3468 θεότητος
431 3367 762 3470 ἐπιτελεσθήσεται,
781 3369 841 3448 καὶ
858 3368 938 3448 οὔτε
956 3373 1021 3446 τοῦ
1038 3365 1182 3472 τρέφειν
1198 3365 1290 3464 ἡμᾶς
1308 3365 1329 3444 ὁ

73 3503 116 3566 ²5
132 3487 261 3591 Πατὴρ
286 3489 310 3569 έ
328 3525 357 3570 ω
382 3492 549 3584 κείσεται,
570 3494 629 3572 καὶ
654 3497 718 3591 τῆς
742 3497 790 3596 εφ
818 3525 903 3592 ημιν
921 3490 1096 3594 γεωργίας
1120 3489 1183 3570 οὐκ
1207 3486 1363 3570 ἀλλά-δ

129 3647 228 3714 τριος
245 3615 266 3694 ό
283 3613 372 3700 Υἱός
390 3624 517 3714 νοοῖτο,
536 3618 594 3696 καὶ
614 3614 767 3700 εἰκότως·
796 3615 889 3697 ὅπου
905 3613 977 3719 γάρ
994 3614 1141 3721 φύσεως
1156 3611 1330 3713 ταυτότης

130 3739 169 3817 έν
192 3739 489 3842 ἀπαραλλάκτως
517 3741 642 3842 ὁρᾶται
669 3739 808 3842 λόγοις,
828 3741 902 3820 ἐκεῖ
923 3737 967 3820 τό
993 3743 1057 3839 τῆς
1083 3739 1258 3842 ε’νεργείας
1287 3739 1329 3818 οὐ

129 3861 401 3962 μεμερισμένον,
433 3860 502 3942 κάν
531 3864 703 3947 ποικίλως
737 3897 776 3944 τε
807 3866 867 3944 καὶ
898 3861 1080 3970 διαφόρως
1108 3863 1329 3966 ἐνεργεῖσθαι

129 3981 241 4089 τυχόν
259 3982 376 4066 νοοῖτό
394 4019 474 4068 τινι.
507 3991 591 4086 μιᾶς
609 3983 647 4066 δέ
666 3985 802 4085 οὐσίας,
821 3985 996 4082 τουτέστι,
1012 3989 1077 4084 τῆς
1094 3986 1252 4084 ἀληθοῦς
1270 3987 1329 4063 καὶ

76 4140 118 4200 30
130 4105 220 4188 κατὰ
243 4107 360 4216 φύσιν
378 4107 544 4210 θεότητος
569 4112 608 4189 έν
624 4113 744 4212 τρισὶν
761 4109 991 4191 ἀποστάσεσι
1014 4105 1215 4207 νοουμένης,
1234 4105 1273 4186 έν
1289 4140 1329 4188 τε

129 4234 181 4338 τῷ
199 4232 324 4335 Πατρί
337 4239 432 4338 φημι
450 4234 509 4312 καὶ
526 4237 579 4340 τῷ
596 4237 674 4342 Υίῷ
692 4234 750 4313 καὶ
773 4237 825 4341 τῷ
842 4233 958 4340 Ἀγίῳ
978 4229 1171 4330 Πνεόματι,
1190 4235 1268 4314 πῶς
1286 4230 1328 4308 οὐ

165 4453 192 4514 5.
209 4440 471 4516 τούτουγίγονιλοι
483 4441 621 4500 ordinali.
839 4457 881 4497 ιο.
899 4441 956 4498 τινὰ
967 4441 1176 4512 ὅσπιρὶονιτιο
1188 4437 1329 4498 οτδίοοΕ.

131 4528 175 4568 νο.
192 4513 408 4585 πόνρτοτῶιΕ.
545 4530 588 4586 ²3·
606 4513 875 4586 mtmumptumex
888 4512 921 4570 E.
1059 4527 1101 4583 ιη.
1119 4511 1179 4566 τινί.
1201 4513 1328 4582 μιᾶιοιο.

131 4583 230 4654 (spatio
245 4599 277 4638 ιι
289 4583 345 4640 fere
356 4584 408 4640 litt.
420 4583 524 4655 relicto)
538 4585 571 4640 Ε.
651 4581 655 4592 ’

174 4683 245 4730 τοι..
262 4685 302 4732 11.
703 4686 755 4753 32
