3184 5104
76 347 190 431 riii.55.
358 349 420 413 IN
455 349 495 412 S.
520 349 780 413 ιῘΟΑΝΝΕΜ.
825 350 922 414 LIB.
939 350 1000 413 VI.
1226 349 1289 412 12⁷

77 513 147 589 καθ’
183 507 308 614 ἕτερον
345 518 528 616 εἰρῆσθαι
563 511 714 616 τρόπον.
771 510 857 610 οἶδα,
891 517 998 620 φησὶ,
1032 513 1097 595 τόν
1134 515 1288 610 ἐμαυτοῦ

78 633 220 736 Πατέρα·
262 637 394 738 λέγων
426 637 468 717 δέ
504 636 556 736 μὴ
585 637 712 717 εἰδέναι
740 639 821 718 καθ’
853 640 944 736 ὑμᾶς
973 638 1095 744 ίσιμιιι
1124 633 1288 746 ψεύστης,

77 755 147 840 τοὺς
163 761 225 838 οὐκ
243 759 393 846 εἰδότας
414 759 488 860 μέν
506 759 571 840 τόν
589 759 697 859 Θεὸν,
715 760 840 840 εἰδέναι
859 760 897 841 δέ
917 759 1128 866 φάσκοντας
1146 760 1266 840 αὐτόν.

124 881 186 966 Τίς
203 883 240 962 δέ
259 886 282 962 ὁ
302 889 373 982 τῆς
393 882 572 983 εἰδήσεως
590 882 734 986 τρόπος,
752 887 810 963 καὶ
829 887 887 964 ἐπὶ
906 884 983 964 τίσι
1000 894 1064 965 τοῦ
1088 884 1138 984 μὴ
1163 884 1288 964 εἰδέναι

57 1001 118 1080 st&
139 1005 368 1106 ἐγκλήματα,
395 1013 537 1114 σαφῶς
563 1007 633 1108 ἤδη
661 1005 882 1110 διειρηκότες,
905 1008 1073 1110 περιττὸν
1097 1009 1289 1108 ἐποίσομεν

81 1127 179 1209 αι’δέν.

822 1233 826 1250 ,
1301 1203 1320 1242 ο
1341 1189 1456 1244 ssu.

226 1263 321 1329 Ἀλλ’
357 1257 440 1330 οἶδα
470 1263 570 1330 αὑτὸν
598 1265 736 1332 καὶτὸν
763 1267 861 1340 λόςον
889 1267 988 1331 αὐτοῦ
1015 1266 1119 1355 τιιρῶ.

122 1405 243 1490 Ὅσον
271 1410 346 1510 μέν
377 1411 468 1512 ἧκεν
495 1416 545 1495 είς
577 1409 621 1490 τό
653 1411 799 1510 ἑτοίμως
831 1417 884 1520 τῷ
916 1411 1135 1520 προκειμένῳ
1167 1444 1287 1514 προσ·
1374 1415 1379 1430 ’

82 1529 231 1632 βέλλειν,
259 1535 386 1614 ἐκεῖνό
415 1540 549 1641 φαμεν,
575 1533 631 1614 ότι
659 1543 768 1614 λαλεῖ
790 1533 905 1616 πόλιν
931 1539 979 1619 ὡς
1007 1533 1214 1639 ἅνθρωπος,
1231 1537 1290 1613 καὶ

48 1658 308 1762 ιιιοταβιθάςῖι
328 1657 453 1739 πόλιν
471 1657 580 1739 αι’πὸν
600 1665 649 1745 είς
667 1658 713 1738 τὰ
730 1659 882 1762 ἡμέτερα
901 1657 1074 1762 Χριστός,
1092 1657 1134 1740 τὸ
1156 1662 1285 1738 δουλο-

82 1781 200 1881 τρειτές
217 1785 290 1863 οὐκ
315 1785 441 1888 ἀφιεὶς
464 1786 594 1887 σχῆμα
618 1781 709 1862 κατὰ
735 1779 858 1885 καιρόν
876 1781 940 1863 τὸν
958 1784 1153 1888 πρέποντα.
1191 1783 1290 1883 λέγει

83 1907 186 1986 τώυυ
203 1911 268 1988 καὶ
288 1907 423 1987 εἰδέναι
442 1906 507 1985 τὸν
526 1906 675 2007 Πατέρα
695 1912 753 1986 καὶ
774 1910 827 1988 τὶν
846 1909 947 2010 λόγον
966 1909 1065 1986 αότιῧ
1082 1913 1197 2010 τηρεῖν.
1230 1908 1289 1984 καὶ

84 2029 151 2134 οόχῖ
178 2029 337 2115 πάντως
372 2033 523 2134 ἐροῦμεν
550 2031 750 2131 ἀναγκαίως
779 2033 892 2137 ἐαυτῷ
919 2029 965 2109 τὰ
992 2038 1139 2109 τοιαῦτα
1165 2062 1286 2128 προσ·

83 2163 280 2257 μαρτυρεῖν,
310 2156 402 2234 ἀλλ’
433 2153 513 2233 οὐδὲ
543 2159 616 2233 τῶν
643 2155 739 2260 αὐτῷ
769 2154 982 2256 πρεπόντων
1009 2155 1294 2256 ἀπαριθμεῖσθαί
1302 2170 1323 2234 b

48 2297 162 2369 1ὅτινα,
180 2279 300 2383 τέχνη
329 2276 375 2356 δέ
396 2311 451 2360 τις
476 2277 650 2380 ἀνεμίχθη
674 2275 851 2385 τῷλόγῳ
875 2275 1013 2376 πολλή.
1056 2275 1113 2356 διὰ
1135 2286 1200 2357 τοῦ
1218 2277 1290 2382 γὰρ
1318 2359 1321 2364 ,

85 2403 182 2503 φάναι
206 2406 275 2482 καὶ
302 2401 436 2481 εἰδέναι
454 2399 519 2480 τόν
539 2399 685 2502 Πατέρα
706 2408 766 2481 καὶ
787 2401 839 2481 τλι
857 2403 960 2503 λέγω
979 2403 1079 2482 αὐτοῦ
1097 2409 1218 2508 τηρεῖν,
1240 2399 1291 2486 οἷς

83 2525 164 2628 ἔχειν
189 2524 309 2609 αὐτὸς
340 2525 608 2628 δασχυρίζεται,
632 2525 801 2604 τάναντία
835 2531 1058 2630 φρονοῦντας
1088 2522 1171 2609 τοὺς
1198 2526 1289 2604 Ἰου-

83 2651 192 2734 δαίοις
226 2649 490 2746 ἐπιδείκνυσιν,
519 2650 567 2732 ὡς
599 2646 689 2746 μήτε
721 2647 856 2732 εἰδότας
889 2647 1058 2748 δηλονότι
1088 2645 1288 2746 τὸνθεόν,

83 2773 163 2870 μήτε
189 2771 273 2872 μὴν
297 2769 484 2872 οἰομένους
512 2771 567 2851 ὅτι
594 2771 723 2872 πρέποι
750 2778 869 2874 τηρεῖν
891 2771 956 2852 τὸν
979 2769 1093 2874 λόγον
1115 2773 1236 2852 αὐτοῦ·
1267 2770 1290 2873 ἢ

44 2893 146 2998 κγιὶρ
161 2894 211 2976 ἂν
231 2895 409 3002 ἐδέξαντο
426 2897 485 2974 καὶ
511 2894 613 2992 μάλα
635 2894 829 2997 προθύμως
854 2893 996 2974 τὸνδιὰ
1017 2894 1206 2980 Μωυσέως
1232 2899 1291 2977 καὶ

83 3026 148 3098 τᾶν
176 3025 392 3126 προφητῶν
422 3018 767 3132 προκεκηρυγμένον.
820 3015 1020 3122 εὑρήσομεν
1051 3020 1094 3100 δέ
1122 3055 1201 3106 πως
1232 3023 1291 3100 καὶ

83 3147 160 3247 παρ’
179 3145 273 3244 ἡμῖν
290 3141 425 3247 σχῆμά
448 3175 484 3221 τι
508 3149 669 3221 τοιοῦτον
690 3145 728 3222 ἐν
746 3141 870 3244 λόγοις
895 3144 1021 3249 εὐφυές
1047 3177 1086 3222 τε
1112 3146 1170 3224 καὶ
1194 3143 1321 3223 κάλ-ο

84 3277 224 3366 λιστον,
241 3265 402 3370 ἐλέγχου
430 3263 496 3364 μέν
520 3264 603 3369 ἕχον
626 3264 785 3364 δύναμιν,
805 3267 863 3346 καὶ
891 3265 1004 3368 ἠρέμα
1031 3269 1129 3347 τισὶν
1153 3270 1287 3367 ὑποδη-

84 3401 170 3472 λαῦυ
196 3390 247 3471 τὰ
279 3392 322 3470 ἐν
349 3386 404 3472 οἷς
437 3393 508 3467 είσι
540 3387 643 3487 κακὰ,
673 3387 869 3488 ὑποτέμνον
897 3388 941 3469 δέ
965 3424 1043 3475 πως
1077 3389 1142 3472 τὸν
1168 3397 1216 3475 είς
1248 3389 1291 3472 τὸ

44 3514 342 3618 ἐδαλεγχεσθαι
376 3509 500 3610 θυμόν.
552 3508 627 3591 οἷον
659 3511 755 3592 ἐστω
787 3545 841 3596 τις
873 3511 964 3614 ἀνὴρ
997 3511 1108 3618 τυχὸν
1141 3515 1292 3614 ἐπιεικὴς

85 3641 139 3718 καὶ
171 3637 223 3718 τὰ
260 3635 371 3714 ἄλλα
405 3633 582 3740 χρηστός,
616 3635 793 3740 ὀνειδίζων
828 3641 879 3743 τῷ
915 3635 1108 3717 κλέπτοντι
1144 3640 1203 3718 καὶ
1239 3645 1291 3746 τῷ

86 3762 261 3858 μεθύοντι,
291 3763 353 3838 καὶ
380 3758 501 3861 λέγων
528 3757 627 3862 Ἐγὼ
659 3758 848 3862 ἅνθρωπός
880 3761 954 3859 είμί
978 3795 1031 3845 τις
1059 3760 1221 3861 ἐπιεικὴς,
1249 3761 1291 3840 οὐ

87 3885 246 3992 κέκλοφα
275 3881 326 3962 τὰ
356 3881 494 3984 έτερων,
522 3881 607 3962 ἀλλ’
636 3880 715 3961 οὐδὲ
743 3883 974 3982 μεμεθυσμαί
1001 3917 1102 3965 ποτε.
1157 3887 1215 3963 καὶ
1249 3883 1291 3962 οὐ

87 4007 226 4094 τόποις
253 4009 277 4088 ό
305 4014 469 4090 τοιοῦτος
495 4008 608 4113 ἐαυτῷ
634 4003 693 4085 διὰ
718 4005 846 4087 τούτου
871 4015 1051 4111 μαρτυρεῖ,
1074 4005 1154 4087 οὐδὲ
1180 4007 1291 4088 οὕτως

45 4131 190 4212 τῠαότόν
219 4129 427 4232 οἰησόμεθα
465 4135 604 4228 λαλεῖν,
633 4131 718 4210 ἀλλ’
753 4125 804 4210 ὧν
839 4130 910 4236 ἐχει
946 4129 1117 4211 τάναντία
1152 4162 1287 4233 περιτι-

89 4255 188 4336 θέντα
225 4261 305 4342 τοΐς
341 4251 621 4358 όνειδιζομείιοις.
664 4255 758 4336 οὕτω
791 4263 981 4360 τοιγαροῦν
1013 4259 1072 4334 καὶ
1104 4253 1125 4334 ὁ
1159 4250 1326 4356 Κόριοςδ

122 4458 160 4498 ιο.
176 4439 272 4516 αὐτὸ]
285 4443 379 4498 {mbr
390 4437 525 4498 emendat
537 4437 635 4511 Ηογτα.
718 4452 760 4527 15.
778 4443 825 4496 τοῦ
835 4441 888 4513 γὰρ
899 4439 952 4496 hoo
964 4438 1058 4494 ordine
1071 4437 1104 4494 B.
1184 4455 1229 4529 30.
1247 4439 1292 4495 τᾶ·

90 4515 167 4570 νοτία
182 4515 216 4570 Β.
227 4517 262 4570 τὰ
279 4515 383 4570 ἐναντία
403 4511 508 4569 Hom.
522 4506 573 4566 Ed.
631 4511 794 4583 περιτιθενια
808 4509 934 4566 emendat
951 4509 1051 4581 Heyse.
1063 4509 1242 4582 δπιριτιθεντιι
1259 4511 1293 4566 Β.

89 4583 203 4654 irim
216 4585 266 4642 Et.
279 4585 332 4644 Ed.
