3238 5114
11 379 13 386 ’
102 361 266 432 xvii.6-8.
294 368 350 432 IN
381 370 413 434 S.
439 368 695 438 JOANNEM.
741 367 836 437 LIB.
861 369 921 436 XI.
966 369 1170 437 CARVII.
1236 373 1297 436 681

101 531 163 608 καὶ
192 529 293 640 τύπιρ
323 539 386 634 τῆς
416 536 506 622 ἰδίας
537 541 680 644 μορφῆς
711 539 748 616 έν
776 540 821 642 τῆ
853 545 917 616 τοῦ
947 537 1166 639 γεννήματος
1195 536 1295 643 δόξη.

11 687 12 694 ’
102 649 214 755 λόγος
235 655 301 755 μέν
319 657 391 762 γὰρ
415 657 515 764 παρὰ
539 668 612 746 τοῖς
635 661 877 766 ἀρχαιοτέροις
901 659 1058 744 τοιοῦτός
1080 695 1135 745 τις
1158 659 1203 761 ἦν
1220 664 1300 761 περὶ

11 839 12 850 ,
101 777 225 858 αὐτοῦ·
267 785 343 862 νυνὶ
380 783 418 864 δέ
455 787 513 864 καὶ
550 788 593 865 δι’
626 787 733 884 αι’πῆς
769 785 854 884 ἡμῖν
886 783 1005 887 ὅψεως
1038 783 1297 890 πεφανέρωται·

101 900 221 1004 μεῖζον
239 903 277 984 δέ
294 910 343 990 εἱς
360 907 485 987 πίστιν
505 909 561 989 ἀεί
582 943 659 992 πως
682 943 761 988 εστι
779 941 851 988 των
869 941 907 986 εν
925 907 1049 1009 λόγοις
1075 907 1116 988 τὸ
1144 907 1298 1010 θεωρού-

66 1045 223 1122 5μενον.
1294 1043 1301 1052 “

161 1148 275 1248 Οἶμαι
298 1154 364 1254 μὲν
382 1157 445 1237 οὖν
463 1160 527 1238 οὐκ
552 1156 624 1239 ἀπὸ
648 1167 791 1238 σκοποῦ
815 1157 878 1238 τὸν
900 1160 957 1238 ἐπὶ
983 1156 1120 1241 τούτοις
1141 1157 1224 1256 ἡμῖν
1242 1189 1302 1258 γε-

102 1277 276 1374 γενῆσθαι
294 1278 418 1381 λόγον·
448 1281 538 1362 ίτέον
556 1281 669 1384 γεμῆν
687 1285 745 1361 καὶ
769 1283 812 1361 δι’
833 1281 953 1384 ἑτέρας
978 1279 1088 1378 οἵμου,
1107 1280 1332 1372 τουτέστιν,ε

104 1398 189 1476 ὁδοῦ
214 1403 464 1504 θεωρημάτων.
503 1404 716 1513 πεφανέρωκε
740 1405 812 1508 γὰρ
838 1403 874 1488 τό
900 1407 1003 1512 ίνομα
1024 1413 1087 1484 τοῦ
1113 1401 1259 1506 Πατμὸς
1281 1405 1302 1482 5

104 1519 202 1620 Υἱὸς,
213 1528 261 1607 είς
279 1525 415 1609 έννοιαν
429 1529 597 1630 δηλονότι
616 1533 673 1610 καὶ
692 1535 741 1614 είς
759 1533 938 1637 ἀκραιφνῆ
958 1530 1107 1632 θεωρίαν
1120 1527 1300 1628 καταστῆ-

49 1677 91 1718 10
104 1679 176 1729 σας
194 1647 296 1746 ἡμᾶς,
311 1652 378 1755 οὐχ
395 1651 450 1733 ότι
466 1651 578 1754 μόνον
596 1653 649 1754 ε’ίη
669 1653 774 1738 Θεός·
805 1653 1014 1758 έκηρύττετο
1031 1651 1102 1755 γὰρ
1120 1661 1227 1733 τοῦτο
1245 1656 1302 1732 καὶ

104 1767 266 1871 πρὸτῆς
293 1775 479 1876 ἐπιδημίας
507 1777 566 1858 διὰ
593 1781 656 1878 τῆς
684 1777 927 1860 θεοπνεύστοο
955 1781 1111 1884 γραφῆς·
1144 1778 1228 1856 ἀλλ’
1249 1776 1304 1856 ὅτι

104 1893 198 1996 πρὸς
227 1903 279 2005 τῷ
308 1898 402 1985 Θεὸς
431 1898 518 1981 εἶναι
549 1901 642 1982 κατὰ
671 1901 853 2002 άλῆθειαν,
883 1906 941 1980 καὶ
973 1898 1103 2003 Πατήρ
1132 1902 1234 1980 ἐστιν
1263 1902 1329 1998 οὐΧ

105 2020 360 2123 ψευδωνύμως,
380 2023 472 2130 ῆηων
489 2027 528 2105 έν
546 2027 661 2135 ἑαυτῷ
680 2029 738 2106 καὶ
757 2026 800 2134 ἐξ
819 2027 946 2106 ἑαυτοῦ
964 2023 1007 2105 τὸ
1026 2024 1115 2104 ’ίδιον
1134 2025 1303 2126 γέννημα,

105 2141 313 2247 σύνδρομόν
331 2182 369 2227 τε
397 2151 455 2228 καὶ
484 2148 735 2256 συναίδιοντῆ
762 2150 832 2257 ἰδίᾳ
858 2148 982 2256 φύσει·
1019 2149 1208 2251 γεγέννηκε
1233 2147 1305 2251 γὰρ

54 2289 92 2344 15
106 2267 171 2346 οὐκ
199 2269 237 2347 έν
264 2270 384 2380 χρόνῳ
410 2269 475 2352 τὸν
502 2280 575 2353 τῶν
602 2273 741 2354 αἰώνων
770 2271 999 2374 δημιουργόν.
1031 2273 1242 2376 κυριώτερον
1267 2273 1310 2352 δέ

105 2426 184 2476 πως
203 2394 305 2500 ὄνομα
323 2401 374 2502 τῷ
393 2399 477 2503 Θεῷ
495 2396 537 2476 τό
558 2397 687 2500 Πατὴρ
712 2395 861 2498 ῆΘεός·
892 2395 934 2476 τὸ
960 2395 1024 2493 μέν
1042 2396 1114 2498 γάρ
1138 2401 1217 2476 έστι
1241 2401 1305 2496 τῆς

106 2515 212 2622 ἀξίας
237 2517 469 2618 σημαντικὸν,
492 2520 534 2601 τὸ
563 2519 601 2601 δέ
628 2525 692 2620 τῆς
721 2520 914 2604 ούσιιόδους
942 2516 1115 2620 ἰδιότητος
1142 2519 1212 2625 ἔχει
1240 2519 1306 2619 τῆν

107 2639 283 2740 δήλωσιν.
330 2643 426 2723 Θεὸν
452 2642 518 2742 μέν
545 2645 615 2748 γάρ
648 2678 701 2728 τις
734 2642 852 2742 είπίον,
880 2641 944 2725 τὸν
970 2650 1044 2722 τῶν
1072 2643 1169 2724 ὅλων
1195 2643 1340 2750 ἔδειξεδ

109 2763 256 2868 Κύριον·
288 2767 434 2872 Πατέρα
451 2767 565 2870 γεμῆν
584 2769 779 2868 ὀνομάσας,
793 2775 866 2848 τῶν
882 2773 945 2868 τῆς
965 2767 1138 2868 ἰδιότητος
1156 2764 1306 2848 ἅπτεται

52 2919 92 2960 20
107 2886 241 2990 λόγων,
255 2892 485 2997 πεφανέρωκε
507 2890 579 2994 γὰρ
607 2891 661 2972 ὅτι
686 2893 906 2994 γεγέννηκεν.
942 2892 1151 2993 οἰκειότερον
1169 2888 1211 2969 δέ
1228 2925 1305 2972 πως
1338 2939 1343 2948 -

106 3015 165 3092 καὶ
190 3015 435 3118 ἀληθέστερον
453 3013 565 3114 ὄνομα
590 3022 641 3122 τῷ
660 3021 744 3122 Θεῷ
770 3013 812 3094 τό
835 3013 965 3117 Πατὴρ
993 3017 1052 3093 καὶ
1076 3013 1182 3096 αὐτὸς
1209 3015 1303 3092 άπο-

106 3135 222 3235 νέμων
244 3139 263 3216 5
285 3137 383 3236 Υἱὸς,
401 3137 489 3219 ποτὲ
516 3136 582 3237 μέν
603 3136 739 3240 ἔλεγεν,
758 3140 823 3218 οὐκ
840 3135 941 3240 Ἐγὼ
969 3141 1028 3216 καὶ
1056 3139 1076 3216 5
1099 3135 1192 3220 Θεὸς
1219 3137 1303 3214 ἀλλ’

107 3271 128 3309 “
146 3260 246 3363 Ἐγὼ
270 3265 328 3342 καὶ
353 3265 373 3341 5
398 3261 527 3364 Πατὴρ
553 3262 590 3341 έν
608 3261 748 3361 ἐσμεν,”
769 3261 856 3342 ποτέ
882 3261 920 3340 δέ
944 3259 1057 3341 πάλιν
1073 3263 1154 3364 περὶ
1179 3261 1305 3339 ἑαυτοῦ
1349 3275 1431 3401 ξῦηῗ

106 3395 128 3432 “
147 3391 288 3466 Τοῦτον
315 3385 387 3490 γὰρ
420 3387 440 3465 5
475 3383 603 3488 Πατὴρ
636 3383 863 3494 ἐσφράγισεν
896 3385 916 3463 5
947 3384 1073 3468 Θεός·”
1116 3381 1214 3463 ἀλλὰ
1248 3385 1305 3462 καὶ
1350 3375 1390 3452 15·
1405 3372 1439 3453 τί.

52 3532 91 3594 25
106 3510 290 3614 βαπτίζειν
307 3509 426 3591 πάντα
443 3509 490 3590 τοὶ
507 3511 591 3609 έθνη
610 3518 683 3596 τοῖς
701 3512 828 3590 ἑαυτοῦ
846 3516 1022 3610 μαθηταῖς
1042 3506 1222 3614 ἐπιτάξας,
1242 3507 1305 3586 οὐκ
1353 3480 1392 3533 ²⁷⁸

106 3638 156 3718 είς
183 3633 295 3733 ὄνομα
322 3643 387 3714 τοῦ
415 3639 510 3716 Θεοῦ
538 3642 644 3714 τοῦτο
673 3640 773 3736 δρᾶν,
802 3634 887 3713 ἀλλ’
917 3644 939 3682 “
953 3639 1001 3718 είς
1028 3631 1070 3713 τὸ
1098 3631 1213 3730 ὄνομα
1241 3639 1306 3712 τοῦ
1349 3640 1472 3756 {ffb-

106 3767 129 3803 “
148 3755 293 3861 Πατρός
321 3761 379 3838 καὶ
407 3765 470 3838 τοῦ
495 3762 585 3837 Υίοῦ
615 3761 673 3838 καὶ
701 3765 765 3838 τοῦ
788 3756 916 3860 Ἀγίου
940 3757 1181 3858 Πνεύματος,”
1201 3759 1300 3860 διαῤ·
1353 3787 1390 3838 ¹9·

105 3879 218 3984 ῥῆδην
236 3882 445 3981 ἐνομοθέτει.
487 3885 652 3980 Μωυσῆς
674 3879 831 3987 μὲνγὰρ
854 3884 874 3961 5
896 3881 1099 3976 θεσπέσιος,
1118 3880 1184 3979 τὴν
1202 3883 1305 3960 τοῦδε

105 4011 170 4084 τοῦ
202 4002 342 4104 κόσμου
373 4005 521 4104 ποίησιν
553 4004 804 4111 ἐξηγούμενος,
836 4005 904 4110 οὐχ
940 4007 989 4084 ἑνὶ
1020 4003 1207 4110 προσώπῳ
1239 4000 1305 4102 τὴν

51 4165 93 4224 30
106 4129 340 4234 δημιουργίαν
358 4129 507 4208 ἀνετίθει
525 4126 680 4236 γράφων
693 4139 715 4176 “
729 4131 802 4208 Καὶ
820 4125 916 4209 εἶπεν
934 4129 954 4206 5
974 4126 1067 4210 Θεός
1087 4125 1333 4226 Ποιήσωμενο
1354 4147 1421 4202 062
1432 4147 1472 4202 Δ.

105 4254 173 4300 “u
432 4249 538 4282 ιιι
623 4251 722 4278 ιι
857 4249 1091 4282 «ιιι
1184 4222 1444 4296 ,ηςῦοαὶ

147 4259 338 4358 ανθρωπον
364 4285 433 4333 κατ
467 4285 584 4332 εικονα
611 4285 785 4357 ημετεραν
812 4285 870 4330 και
898 4257 968 4332 καθ
1006 4283 1179 4350 ομοιωσιν
1245 4284 1304 4330 και
1349 4287 1390 4338 ,6,

145 4546 170 4586 2.
188 4551 228 4587 τις
238 4528 270 4599 ῆν
281 4530 333 4586 hoc
344 4529 438 4586 ordine
451 4529 534 4588 cord.
639 4543 665 4602 7.
684 4529 773 4586 ίστέον
785 4529 818 4586 Ε.
922 4531 948 4586 8.
967 4527 1027 4601 τοῦ]
1044 4535 1071 4594 4
1088 4532 1156 4583 θεοῦ
1168 4528 1209 4583 καὶ
1222 4527 1304 4585 cord.

108 4620 135 4674 9.
153 4601 191 4657 εἷς
202 4601 247 4657 nlt.
260 4619 315 4657 om.
329 4601 361 4658 Ε.
374 4601 457 4658 eord.
510 4599 688 4674 καταστήσας]
702 4600 838 4674 ιίναγογδν
850 4597 933 4656 cord.
1040 4617 1084 4671 31.
1102 4599 1226 4672 ἡμέτερον
1239 4600 1271 4654 E.

152 4701 224 4748 τοι..
241 4703 280 4750 ιι.
684 4703 706 4766 4
722 4703 738 4749 s
