3200 5092
54 342 163 428 τῦίιη.
221 343 285 407 ΙΝ
319 345 359 411 S.
389 345 670 411 JOANNEM.
715 345 808 410 LIB.
825 345 866 409 V.
912 345 1075 410 CARV.
1233 341 1276 406 53

56 509 165 600 όμοιίας
188 504 228 585 δὲ
255 511 321 586 καὶ
351 509 500 592 ῦΥἰίις
527 513 590 588 καὶ
616 511 658 589 τὸ
679 515 838 607 Πνεῦμα,
857 510 942 588 ἀλλ’
963 510 1026 588 οῦν
1047 514 1095 593 εἰς
1120 509 1275 606 ὁλοτελῆ

57 628 259 730 μερισμόνή
287 632 391 732 ἁγία
419 637 486 712 καί
513 634 710 732 όμοούσιος
735 635 775 711 οῦ
802 631 1121 732 διασπασθήσεται
1146 629 1306 732 Τριοίς,ιι
1334 641 1442 699 ΒΜ

57 759 97 835 εἰς
111 755 192 850 μίαν
210 755 248 834 δὲ
269 763 440 855 μᾶλλον
462 757 639 855 θεότητος
662 755 775 861 φύσιν
792 753 945 854 σύμπαν
962 757 1071 854 αὐτῆς
1093 756 1277 852 ἀναβαίνει

60 877 92 956 τό
111 875 308 980 πλήρωμα.
352 879 459 982 πρὸς
489 879 535 957 δέ
553 912 595 980 γε
619 877 756 962 τούτοις
780 881 920 959 κάκεῖνο
944 878 1209 981 περισκεπτέον,
1229 881 1278 963 ὡς

39 1001 156 1084 ὀσῖδείς
186 999 234 1079 εἰν
267 1003 434 1088 εἰκότως
477 1001 629 1082 καθέλοι
661 1001 772 1104 λόγος
807 1007 872 1102 τῆς
908 999 1000 1105 πρός
1036 1000 1100 1082 τόν
1131 1003 1278 1106 Πατέρα

63 1129 204 1226 φωναῖς
238 1127 487 1226 ταυτότητος
520 1123 585 1206 τόν
611 1123 713 1205 Υἰόν·
756 1127 899 1229 ἐπείπερ
930 1131 1043 1206 ποιεῖν
1073 1123 1121 1206 τῦι
1152 1123 1278 1232 ἀρεστῖι

64 1255 141 1357 αι’πᾷ
164 1249 314 1330 τάττατε
346 1251 631 1355 διισχυρίσατο,
658 1250 848 1346 όμοούσιος
875 1247 913 1328 δὲ
939 1256 1085 1348 μᾶλλον
1108 1248 1279 1353 ὑπάρχων

65 1373 159 1477 αύτῷ,
175 1375 236 1452 καί
262 1372 331 1453 διὰ
359 1372 504 1453 τούτου
530 1371 783 1474 γνωσθήσεται
808 1375 867 1451 καὶ
885 1373 979 1456 Θεὸς
1004 1375 1043 1452 έκ
1065 1377 1162 1452 Θεοῦ
1187 1370 1279 1452 κατὰ

66 1495 167 1596 φύσιν
182 1499 245 1575 καί
264 1495 475 1596 ἀληθινός.
514 1497 569 1580 τίς
588 1494 659 1599 γάρ
678 1494 722 1575 ἀν
740 1495 820 1576 εἰπέ
841 1529 901 1592 μοι
923 1493 1099 1602 φρονήσει
1117 1493 1164 1574 τά
1182 1500 1279 1574 Θεοῦ

32 1622 264 1720 ῑῠθευτρστῶς
291 1655 336 1701 τε
363 1623 431 1699 καὶ
459 1618 762 1722 ἀπαραλλάκτως,
781 1623 811 1698 εἰ
835 1616 886 1719 μὴ
912 1623 971 1698 καὶ
995 1617 1101 1702 αὐτὸς
1126 1616 1314 1722 ῦπάρχοιί)

69 1741 290 1848 κατὰφύσιν
309 1743 445 1838 Θεός;
477 1740 501 1841 ἢ
519 1742 574 1825 τίς
591 1741 635 1820 ἀν
653 1742 857 1822 ἐπιτελέσαι
878 1741 1033 1823 πάντοτε
1058 1740 1100 1821 τὸ
1124 1743 1280 1846 ἀρέσκον

70 1865 164 1972 αῦτῷ,
180 1865 234 1966 μὴ
261 1867 355 1970 οῦχί
382 1863 455 1964 τὴν
479 1864 594 1972 φύσιν
619 1865 756 1958 ἄβατον
779 1865 871 1969 έχων
888 1872 963 1949 τοῖς
987 1866 1213 1970 χείροσι,καί
1237 1861 1280 1943 τό

70 1987 241 2092 ἐξαίρετον
265 1993 342 2088 τῆς
371 1989 473 2072 θείας
500 1988 647 2093 φύσεως
674 1988 816 2095 ἀξίωμα
843 1987 980 2093 λαχὼν,
1007 1987 1049 2068 τό
1076 1989 1126 2088 μὴ
1154 1988 1281 2066 εἰδέναι

71 2113 154 2214 φημὶ
180 2111 225 2192 τό
256 2115 473 2215 ἁμαρτεῖν;
511 2115 592 2215 περὶ
620 2111 685 2207 μέν
712 2111 785 2214 γὰρ
812 2118 884 2192 τῶν
912 2109 1120 2211 κτισμάτων
1147 2110 1282 2214 εἴρηται

36 2245 91 2306 ¹5⁴
106 2237 170 2318 Τίς
188 2237 433 2340 καυχήσεται
451 2233 566 2335 ἁγνὴν
584 2234 675 2338 ἔχειν
693 2233 759 2334 τὴν
778 2236 935 2336 καρδίαν,
954 2233 977 2334 ἢ
999 2235 1052 2318 τίς
1073 2233 1276 2339 παῤῥησιό-
1326 2231 1405 2362 ξος·

72 2367 90 2402 “
105 2391 208 2437 σεται
239 2359 414 2460 καθαρός
442 2354 531 2437 εἰναι
559 2357 631 2439 ἀπὸ
659 2359 841 2461 ἁμαρτιῶν
856 2359 889 2455 ;”
919 2358 978 2438 ὅτε
1006 2361 1064 2437 καὶ
1093 2364 1142 2442 εἰς
1169 2360 1277 2459 ἀκμο-

72 2479 175 2580 τάτην
204 2480 431 2584 ὑπερβολὴν
458 2482 694 2560 ἀνατείνουσα
721 2479 763 2559 τὸ
791 2482 972 2583 εἰρημένον
997 2481 1022 2580 ἡ
1050 2482 1127 2562 θεία
1154 2480 1280 2587 γραφή

74 2603 262 2708 “Ἀστρα
294 2605 347 2702 δὲ,
375 2607 504 2711 φησὶν,
533 2605 576 2682 οό
605 2603 743 2707 καθαρὰ
772 2603 922 2684 ἐντόπιον
949 2607 1092 2684 αῦτοῦ.”
1130 2605 1281 2707 ἄγγελοι

73 2727 133 2824 μὲν
147 2729 227 2832 γὰρ
248 2731 373 2808 καίτοι
391 2726 484 2807 κατὰ
501 2725 600 2806 πολῦ
617 2733 689 2806 τιῦν
707 2729 788 2806 καθ’
809 2727 901 2826 ἡμᾶς
918 2727 1203 2825 διαλλάττοντες,
1224 2730 1312 2808 «aze

32 2875 64 2916 ²0
74 2852 210 2932 στάσιν
240 2852 392 2956 ἔχοντες
419 2849 644 2953 ἑδραιοτέραν
667 2848 733 2950 τὴν
758 2856 805 2934 εἰς
833 2849 972 2954 ἀρετὴν,
996 2853 1038 2931 οὐ
1065 2848 1282 2952 τετηρήκασι

75 2987 94 3020 ‘¹
110 2975 180 3075 τήν
199 2977 348 3055 ἑαυτῶν
365 2973 516 3077 ἀρχήν·”
557 2972 614 3052 διά
634 2973 704 3076 γάρ
726 2972 767 3053 τό
791 2975 1047 3054 κατεσποῖσθαί
1068 3009 1166 3057 τινας
1189 2973 1282 3057 όλως
1328 2967 1444 3085 {jhm

75 3101 210 3178 ἐκεῖθεν
250 3099 313 3176 καί
350 3104 477 3176 πεσεῖν
514 3101 563 3180 εἰς
600 3097 788 3198 ἁμαρτίαν,
824 3097 893 3198 όλη
929 3105 1175 3202 κατηγορεῖται
1211 3103 1284 3176 τῶν

78 3229 241 3324 λαγικιῦν
280 3219 494 3318 κτισμάτων
530 3222 553 3320 ἡ
589 3220 702 3327 φύσις
738 3225 786 3307 ὡς
823 3222 997 3325 ἁμαρτίας
1038 3221 1189 3320 δεκτικὴ,
1226 3223 1285 3300 καὶ

79 3351 216 3446 τροπῆς
242 3349 311 3444 τῆς
336 3345 396 3424 ε’πί
420 3343 463 3424 τό
488 3351 607 3448 χεῖρον
633 3348 791 3446 ἀμοιρεῖν
814 3347 877 3424 οῦκ
902 3343 1094 3450 ἰσχύουσα·
1134 3343 1224 3452 ζῷον
1248 3341 1286 3423 δὲ

37 3487 69 3546 ²5
83 3467 123 3547 τό
145 3471 204 3550 ε’πί
233 3473 302 3566 τῆς
327 3471 397 3569 γῆς
420 3467 570 3568 λογικόν
586 3501 625 3546 τε
646 3471 729 3559 [καὶ]
750 3467 955 3566 θεοείκελον,
974 3467 1054 3548 οῦδὲ
1079 3470 1117 3547 έν
1138 3473 1286 3571 μακροῖς

83 3591 262 3696 έξόλισθε
281 3589 438 3694 χρόνοις,
450 3591 535 3668 ἀλλ’
549 3591 587 3668 έν
604 3589 737 3697 πρότιρ
754 3589 918 3670 πέπτωκε
937 3597 988 3697 τῷ
1004 3589 1134 3689 Ἀδάμ.
1159 3593 1286 3670 οὐκοῦν

86 3717 272 3816 ἀπείρηται
291 3719 483 3796 παντελῶς
501 3717 547 3817 τῇ
565 3713 677 3792 κτίσει
703 3713 744 3792 τὸ
769 3713 998 3820 ἀμεταὶφορον
1016 3717 1074 3793 καὶ
1093 3713 1283 3817 ἄτρεπτον,
1299 3725 1322 3790 d

86 3843 137 3916 καί
153 3836 199 3918 τό
219 3835 402 3919 ὡσαύτως
420 3835 511 3940 ἔχειν
528 3835 705 3915 δύνασθαι
724 3841 897 3942 φυσικῶς·
923 3837 1021 3944 μόνῳ
1040 3835 1112 3940 γὰρ
1136 3837 1288 3940 ἁρμόσει

86 3965 130 4068 τῷ
155 3959 254 4042 κατὰ
280 3957 458 4058 ἀλήθειαν
477 3957 553 4038 ὄντι
575 3963 671 4064 Θεῷ.
711 3968 817 4039 τοῦτο
844 3958 882 4040 δὲ
908 3962 946 4040 έν
962 3965 1040 4068 Υἰῲ
1067 3960 1288 4066 διαφαίνεται

43 4091 213 4170 καλῶς
244 4093 269 4130 “
285 4081 467 4183 ἁμαρτίαν
484 4081 557 4184 γὰρ
581 4083 645 4161 οὐκ
670 4084 848 4182 ἐποίησεν,
867 4086 916 4168 ὡς
937 4085 958 4163 ὃ
978 4081 1128 4166 name
1154 4089 1285 4190 WW’
1333 4085 1373 4198 1¹?
1373 4082 1448 4198 ff

1325 2595 1396 2644 Hiob
1478 2663 1482 2668 .

1325 2676 1385 2710 xxv.
1397 2670 1421 2722 5.

117 4311 142 4348 τ.
160 4316 245 4364 μρισ
282 4295 442 4364 ιλογιαμὸν
455 4291 489 4348 Β.
502 4290 652 4348 emendavit
664 4291 756 4349 Holet.
880 4313 907 4367 3.
925 4295 1002 4366 αὐτῆς
1014 4313 1038 4350 α.
1052 4293 1113 4350 cat.
1127 4293 1205 4350 Harl.
1219 4294 1243 4349 B
1256 4313 1289 4350 ex

84 4367 228 4434 mdnj
273 4363 345 4420 ,m
401 4363 428 4418 6.
442 4361 561 4433 ἰπείπερ]
576 4365 665 4435 -ήγδρ
679 4364 730 4418 Ed.
743 4365 834 4420 invitis
848 4364 905 4421 B.a.
943 4365 1039 4422 Statim
1051 4368 1135 4421 ποιεῖν
1147 4374 1208 4437 post
1219 4367 1288 4438 αὐτῷ

85 4437 275 4507 mponitn.
396 4453 424 4504 9.
442 4432 603 4504 φρονήσῃς.
724 4451 764 4488 ιο.
783 4436 894 4505 ὑπάρχει
906 4454 931 4490 a.
1051 4453 1093 4492 11.
1113 4436 1251 4504 ἐπιτελέσῃ
1264 4453 1288 4490 α.

88 4519 97 4558 Ι
145 4505 367 4562 urbm-Aah.
474 4519 519 4558 2¹.
538 4503 729 4559 &emendavit
741 4505 813 4560 Aub.
825 4509 902 4562 τοῦτο
915 4506 948 4562 Β.
962 4506 1012 4562 Ht.
1113 4523 1156 4574 25.
1174 4507 1290 4576 talpost

190 4574 294 4632 addidi.
404 4589 452 4647 3ο.
471 4576 578 4632 Παῦλος
590 4573 623 4629 Β.
637 4573 686 4630 Ht.
699 4574 801 4646 Πέτρος
812 4577 884 4632 Aub.
