3238 5114
14 361 20 400 ³
95 359 308 449 xvii.18,19.
341 363 398 427 IN
429 363 461 428 S.
487 361 743 428 JOANNEM.
790 361 884 426 LIB.
909 358 970 426 XI.
1016 360 1175 425 CARX.
1236 361 1299 423 723

9 541 19 580 ³
95 523 211 623 μηδὲν
242 526 293 606 ε”τι
330 527 572 631 παραποδίζον
605 528 775 634 φαίνηται
802 523 894 630 πρὸς
926 525 969 606 τὸ
1000 523 1176 605 δύνασθαι
1207 521 1298 628 πρὸς

7 666 18 726 ῖῑ
95 647 280 749 ἐγγύτητα
316 650 487 752 γενέσθαι
520 657 613 759 Θεῷ,
648 654 706 731 καὶ
743 655 809 750 τῆς
844 647 935 753 πρὸς
972 646 1080 730 αὐτὸν
1117 647 1298 732 κοινωνίας

6 795 14 834 ²
95 770 298 876 ε’ξέχεσθαι,
327 772 386 854 διά
415 775 607 874 μετουσίας
636 773 803 874 δηλονότι
830 783 895 854 τοῦ
921 775 1050 877 Ἀγίου
1079 774 1299 872 Πνεῦματος,

10 945 17 963 ι
96 892 394 1002 ἀναμορφοῦντος
422 900 514 998 ἡμᾶς
541 905 589 982 εἰς
618 899 847 997 δικαιοσύνην
872 903 929 977 καὶ
956 895 1139 1000 ἁγιασμόν
1164 901 1222 976 καὶ
1252 901 1301 980 είς

6 1045 12 1084 ⁵
59 1015 217 1098 5είκόνα
243 1018 310 1120 τὴν
327 1019 485 1124 πρώτην.
527 1025 556 1100 εἰ
585 1020 657 1124 γάρ
680 1022 863 1121 διίστησιν
891 1023 1046 1123 ἁμαρτία
1074 1023 1133 1100 καὶ
1160 1021 1330 1117 ἀπομε·0

6 1194 15 1210 -
95 1141 183 1246 ρίζει
201 1147 297 1223 Θεοῦ
322 1142 386 1224 τόν
410 1145 611 1248 ἄνθρωπον,
634 1144 793 1251 συνάψει
811 1143 855 1243 δὴ
873 1142 1016 1229 πάντως
1034 1145 1056 1244 ἡ
1076 1143 1297 1244 δικαιοσύνη,

6 1295 12 1334 ÷
98 1269 159 1346 καὶ
184 1277 480 1365 μεσολαβοῦντος
508 1268 649 1354 οὐδενὸς
675 1271 760 1372 παρ’
786 1270 881 1376 αὐτῷ
908 1268 1042 1372 τρόπον
1070 1267 1149 1349 τινά
1177 1303 1298 1370 παρα·

6 1383 8 1458 ἕ
97 1389 231 1491 στήσει
253 1397 305 1500 τῷ
324 1397 419 1500 Θεῷ.
458 1393 710 1492 δεδικαιιόμεθα
729 1391 766 1473 δὲ
786 1391 843 1472 διά
861 1393 1018 1476 πίστεως
1045 1396 1108 1490 τῆς
1136 1397 1184 1476 είς
1203 1397 1297 1493 Χρι·

6 1547 11 1584 ι
99 1513 192 1594 στὸν
220 1526 242 1564 “
255 1514 294 1600 ὃς
320 1516 501 1619 παρεδόθη
529 1516 594 1616 μέν
616 1515 675 1597 διά
699 1515 746 1597 τά
764 1515 1040 1620 παραπτώματα
1059 1517 1188 1616 ἡμῶν,”
1209 1514 1301 1595 κατά
1347 1529 1461 1644 ξονι-ἱν-

6 1667 12 1692 ··
44 1667 87 1707 10
101 1638 143 1718 τὸ
169 1640 426 1742 γεγραμμένον,
446 1651 467 1688 “
482 1640 616 1744 ἠγέρθη
635 1640 673 1720 δὲ
692 1638 750 1720 διά
774 1639 841 1739 τὴν
860 1640 1043 1721 δικαίωσιν
1060 1641 1192 1740 ἡμῶν.”
1231 1638 1300 1738 ὅλη
1363 1608 1386 1658 ⁵⁸

6 1797 9 1834 ι
100 1759 172 1866 γάρ
190 1765 228 1842 ἐν
245 1765 351 1870 αὐτῷ,
363 1764 524 1867 καθάπερ
546 1767 583 1844 έν
602 1767 748 1870 άπαρχῇ
767 1772 831 1843 τοῦ
850 1763 984 1866 γένους,
1002 1762 1093 1867 πρὸς
1111 1762 1301 1863 καινότητα

6 1919 9 1960 f
100 1887 235 1988 ζωῆςὴ
262 1888 454 1990 ἀνθρώπου
484 1887 596 1996 φύσις
624 1887 887 1990 ἀνεσκευάζετο,
920 1891 978 1967 καὶ
1004 1894 1053 1972 είς
1079 1885 1145 1986 τὴν
1172 1889 1302 1966 οἰκείαν

7 2073 8 2078 1
101 2009 226 2113 ὥσπερ
263 2009 378 2116 ἀρχὴν
414 2013 661 2108 ἀναβαίνουσα
696 2009 787 2115 πρὸς
823 2011 1006 2114 ἀγιασμὸν
1041 2009 1298 2092 ἀνεπλάττετο.

6 2167 9 2176 ’
101 2143 124 2180 “
142 2135 322 2236 Ἀγίασον
351 2136 470 2216 τοίνυν
496 2131 681 2233 ιιῦτοῦς,οἰ
708 2133 833 2237 πάτερ,
852 2137 977 2242 φησίν,
1007 2137 1045 2214 ἐν
1075 2141 1120 2238 τῇ
1151 2135 1336 2239 ἀληθείᾳᾶ

6 2291 7 2300 ’
48 2275 88 2336 15
103 2267 124 2306 “
143 2291 223 2354 σου,
241 2257 425 2339 τουτέστιν
444 2261 481 2338 έυ
505 2261 593 2357 ε’μοί·
632 2258 741 2362 όγάρ
761 2258 871 2361 λόγος
889 2260 909 2337 ὃ
928 2258 995 2343 σὸς
1019 2257 1170 2356 ἀλήθειά
1192 2257 1300 2354 ε’στι,”

101 2381 298 2480 τουτέστιν,
334 2380 447 2464 πάλιν
483 2381 566 2484 ε’γῶ.
615 2383 757 2486 ἡγίασα
793 2380 866 2486 γὰρ
903 2382 983 2488 ὑπὲρ
1016 2382 1121 2462 αάτῦι
1150 2379 1302 2487 ἐμαυτόν,

1346 2127 1427 2192 Supra

1347 2210 1398 2244 ver.
1410 2205 1448 2257 ιγ.

102 2508 290 2588 τουτέστιν
325 2509 533 2590 ἀνατέθεικα
569 2511 627 2590 καὶ
662 2508 913 2613 προσήγαγον,
949 2510 997 2595 εἷς
1033 2509 1121 2611 ὑπὲρ
1157 2507 1303 2590 πάντων

102 2630 304 2730 ἀποθανὼν,
321 2632 364 2712 ἵν’
385 2630 513 2718 αὐτοῦς
542 2639 591 2718 είς
609 2632 800 2734 καινότητα
826 2633 1106 2738 μεταμορφῶσω
1128 2633 1217 2737 ζωῆς
1246 2633 1304 2712 καὶ

103 2757 299 2862 ἡγιασμένοι
320 2751 397 2838 ιῦσιι
416 2759 446 2838 ἓν
464 2756 618 2868 ἀληθεία,
636 2758 822 2838 τουτέστιν
841 2761 878 2837 εὐ
897 2759 984 2856 ε’μοί.

50 2904 91 2944 ²0
161 2880 486 2986 Σεσαφηνισμένον
514 2881 551 2960 δὲ
580 2887 637 2961 καὶ
664 2881 952 2987 παραδεχθέντος
979 2885 1027 2964 είς
1055 2879 1191 2979 νόησιν,
1214 2876 1306 2958 κατά

103 3004 168 3084 τὸν
195 3004 324 3106 ἀρτίως
352 3004 437 3102 ἡμῖν
468 3003 656 3085 ἐκδοθέντα
695 3014 788 3102 νοῦν,
818 3012 883 3084 τοῦ
921 3004 1150 3106 προκειμένου
1185 3005 1305 3106 ῥητοῦ,

104 3131 163 3207 καὶ
182 3129 223 3206 δι’
244 3128 372 3232 ἑτέρων
397 3127 483 3208 ἰέναι
512 3127 751 3230 θεωρημάτων
778 3129 820 3207 οὐ
848 3127 1128 3226 κατοκνήσομεν.
1166 3125 1208 3206 τὸ
1234 3125 1306 3228 γάρ

105 3251 160 3332 ότι
187 3250 352 3350 μάλιστα
379 3257 591 3358 φιλοθηρεῖν
619 3253 824 3353 ἐπείγεσθαι
852 3249 898 3331 τά
926 3257 998 3330 τῶν
1028 3247 1214 3351 νοημάτων
1241 3250 1335 3328 οὐκθ

104 3377 241 3480 εὐχερῆ,
260 3373 387 3477 γένοιτ’
401 3373 445 3455 ἀν
464 3371 561 3474 οἶμαι
585 3375 894 3480 τιμαλφέστατον,
914 3375 1032 3458 αὐτοῖς
1049 3409 1087 3453 τε
1108 3380 1181 3457 τοῖς
1199 3381 1305 3452 τοῦτο

51 3517 91 3578 ²5
105 3501 195 3600 δρῦν
222 3498 402 3592 ἐθέλουσι,
429 3501 487 3580 καὶ
515 3505 589 3583 τοῖς
616 3504 690 3577 τῶν
715 3498 948 3601 ἀκροωμένων
972 3496 1303 3603 φιλομαθεστέροις.

104 3621 175 3730 ἔφη
201 3623 319 3702 τοίνυν
345 3624 365 3701 ό
392 3621 526 3724 Κύριος
553 3621 655 3720 ἡμῶν
679 3623 822 3721 Ἰησοῦς
849 3623 869 3701 ὁ
896 3620 1058 3725 Χριστὸς
1089 3621 1176 3723 ὑπὲρ
1205 3620 1306 3719 ἡμῶν

105 3743 231 3825 ἑαυτὸν
259 3744 425 3849 ἀγιάζειν,
451 3746 510 3825 ἰ’να
535 3747 593 3825 καὶ
619 3744 718 3842 ἡμεῖς
746 3742 840 3843 ὦμεν
870 3742 1063 3850 ἡγιασμένοι
1094 3746 1123 3826 ἑν
1150 3743 1302 3853 ἀληθείη.

103 3875 182 3952 πῶς
215 3868 277 3948 οῦν
307 3867 487 3972 ἁγιάζεται
516 3869 629 3948 καίτοι
658 3866 750 3947 κατά
787 3868 900 3976 φῦσιν
931 3866 1032 3971 ἀγιος
1065 3866 1126 3964 (όν,
1157 3867 1214 3947 ἵνα
1246 3872 1305 3946 καὶ

105 3993 203 4092 ἡμεῖς
227 3987 323 4091 ιῦμεν
351 3990 555 4098 ἡγιασμένοι,
586 3990 672 4096 φέρε
701 3990 745 4091 δὴ
766 3993 878 4072 πάλιν
900 3999 972 4072 τῶν
996 3995 1060 4091 τῆς
1084 3989 1305 4089 Ἐκκλησίας

52 4145 92 4203 30
106 4115 297 4219 δογμάτων
321 4115 494 4221 ἐχόμενοι,
519 4117 578 4194 καὶ
607 4113 671 4194 τὸν
695 4115 804 4216 ὀρθὸν
827 4120 891 4214 τῆς
916 4117 1073 4198 πίστεως
1098 4109 1231 4192 κανόνα
1254 4112 1304 4211 μὴ

105 4239 399 4344 παρατρέχοντες,
423 4242 470 4322 ὡς
493 4238 544 4318 ένι
569 4245 690 4322 καλῶς
716 4237 989 4340 ε’παθρήσωμεν.
1022 4235 1140 4344 φαμὲν
1165 4237 1227 4316 οῦν
1251 4234 1336 4315 ότιο
1360 4260 1425 4315 091
1434 4259 1474 4314 Δ.

107 4363 200 4448 Θεὸς
225 4362 316 4444 κατὰ
339 4362 454 4467 φύσιν
477 4359 684 4466 ῦπάρχωνὸ
711 4361 924 4463 Μονογενὴς
949 4365 1006 4442 καὶ
1031 4365 1069 4440 ἐν
1096 4366 1221 4467 μορφῇ
1249 4363 1306 4439 καὶ

323 4615 364 4670 ιγ.
384 4597 526 4654 ἀνατέθεικε
541 4597 573 4653 Ε.
839 4599 880 4653 18.
899 4597 930 4654 ἵν’
945 4599 977 4656 Ε.
989 4596 1028 4654 ἵνα
1042 4597 1093 4652 Ed.

664 4699 686 4761 4
701 4699 717 4742 z
735 4699 752 4746 τ
