3118 5132
304 331 369 399 402
607 341 647 406 B.
671 341 879 407 CYRILLI
909 339 1199 406 ALEXANDR.
1350 335 1415 400 xiv.
1428 351 1459 410 2,
1474 349 1511 416 3.

138 501 213 618 θα
227 515 251 550 ¹·
307 489 543 604 ἐναενίένον
569 505 610 584 ἐκ
637 512 782 608 νεκρῶν.
834 509 873 588 τι
897 505 968 610 γάρ
996 512 1136 614 φησι,
1165 499 1337 606 ναμε.
1363 532 1434 579 σου
1459 491 1511 575 τὸ

307 633 330 670 “
347 623 445 728 ῥῆμά
473 628 584 726 ἐστιν,
612 631 650 709 ἐν
676 633 729 737 τῷ
756 631 916 730 στόματί
940 664 1013 710 σου
1039 631 1099 710 καὶ
1125 631 1164 710 ἐν
1190 633 1237 732 τῇ
1264 624 1392 730 καρδίᾳ
1417 645 1507 700 σου·

308 756 331 795 “
348 749 515 829 τουτέστι
542 749 584 831 τὸ
611 755 709 856 ῥῆμα
728 745 800 853 ’τῆς
827 755 984 842 πίστεως
1012 751 1032 834 ὸ
1060 749 1303 856 κηρύσσομεν,
1327 743 1416 828 διέντι
1441 741 1511 824 ε’ὸιν

308 878 330 916 “
348 870 449 978 εἴπῃς
494 875 532 954 ἐν
570 881 623 984 τῷ
663 875 823 976 στόματί
863 912 934 958 σου
979 877 1034 957 ὅτι
1079 876 1212 979 Κύριος
1254 875 1407 972 Ἰησοῦς,
1443 869 1511 947 καὶ

278 1003 331 1060 ⁰“
348 997 550 1104 πιστεύσῃς
577 1002 615 1078 ἐν
641 1007 687 1106 τῇ
714 1001 844 1109 καρδίᾳ
875 1035 947 1084 σον
977 1001 1033 1082 ὅτι
1059 1001 1080 1080 ὸ
1109 1000 1203 1084 Θεὸς
1229 999 1370 1101 ἤγειρεν
1395 989 1509 1073 αὐτὸν
1537 1035 1543 1064 ι

307 1127 330 1166 “
348 1121 388 1199 ἐκ
415 1129 559 1226 νεκρῶν,
586 1122 755 1230 σωθήσῃ.
801 1126 930 1232 καρδίᾳ
957 1123 1029 1228 γάρ
1056 1123 1263 1206 πιστεύεται
1291 1127 1340 1205 εἱς
1367 1123 1504 1198 δικαιο-

308 1251 331 1290 “
347 1241 475 1344 σύνην,
508 1244 665 1347 στόματι
701 1246 741 1327 δέ
778 1248 1009 1350 ὁμολογεῖται
1045 1253 1094 1332 εἰς
1129 1245 1347 1350 σωτηρίαν.”
1395 1248 1424 1322 εί
1464 1239 1510 1321 δὲ

308 1366 527 1468 πιστεύομεν
545 1375 594 1456 εἷς
611 1368 712 1469 Υἱὸν,
731 1373 780 1457 ὡς
798 1371 1047 1475 ἐγηγερμένον,
1064 1371 1118 1456 τίς
1145 1372 1165 1451 ὁ
1189 1367 1348 1466 τεθνεὼς,
1365 1367 1423 1446 ἵνα
1444 1367 1510 1446 καὶ

307 1492 476 1600 ‹ivam-1⁶13
517 1497 602 1574 ἀλλ’
626 1495 706 1576 ἐστι
733 1499 858 1596 δῆλον,
886 1495 942 1576 ὅτι
969 1495 1137 1578 τεθνάναι
1164 1502 1294 1576 νοεῖται
1322 1489 1413 1572 κατὰ
1437 1487 1512 1590 τὴν

308 1613 439 1719 σάρκα.
478 1618 725 1720 κατεκλείσθη
739 1617 811 1723 γάρ
837 1624 885 1704 εἰς
911 1618 1067 1702 θάνατον
1085 1619 1128 1699 τὸ
1146 1619 1237 1699 ’ίδιον
1254 1619 1363 1697 αὐτοῦ
1380 1620 1506 1712 σῶμα,
1539 1643 1544 1682 ῑ

309 1741 368 1818 καὶ
396 1742 528 1836 ἀνεβίω
559 1742 685 1822 πάλιν·
723 1750 835 1843 σῶμα
863 1742 936 1847 γάρ
968 1743 1014 1846 ἦν
1040 1747 1105 1843 τῆς
1134 1741 1227 1823 κατὰ
1255 1739 1371 1848 φύσιν
1397 1737 1505 1840 ζωῆς,

309 1861 402 1964 ὅλην
419 1872 484 1944 τοῦ
502 1867 540 1945 ἐν
558 1868 655 1972 αὐτῷ
673 1867 957 1967 κατοικήσαντος
981 1869 1041 1948 καὶ
1063 1864 1225 1970 άῤῥήτως
1243 1863 1422 1965 ἡνωμένον
1437 1859 1512 1960 τὴν

141 2006 254 2068 ΊθθΔ.
280 1986 468 2089 ιίδιότητα
496 1996 644 2096 φοροῦν,
673 1989 870 2089 τουτέστιν,
898 1989 1074 2094 ἐνέργειαν
1100 1987 1167 2089 τὴν
1194 1985 1378 2092 ζωοποιόν.
1418 1985 1512 2066 ὅταν

309 2111 372 2191 οὖν
399 2147 452 2196 τις
480 2109 583 2221 διέλη
611 2117 680 2213 καὶ,
709 2117 781 2200 θεὸς
808 2113 876 2195 άνὸι
905 2116 1012 2218 μέρος
1038 2105 1106 2214 τήν
1134 2147 1172 2192 τε
1200 2113 1321 2216 σάρκα
1353 2114 1409 2192 καὶ
1440 2108 1511 2190 τὸν

308 2235 544 2338 ἐνοικήσαντα
567 2245 784 2338 σωματικῶς
809 2240 847 2319 ἐν
866 2240 967 2344 αὐτῇ,
987 2237 1051 2318 δύο
1068 2235 1240 2342 τολμήσῃ
1258 2236 1376 2338 λέγειν
1394 2231 1507 2329 νίοὸς,
1538 2268 1546 2308 1

308 2362 517 2463 γινωσκέτω
543 2363 727 2443 πιστεύειν
751 2368 801 2448 εἷς
828 2361 943 2464 μόνην
966 2362 1032 2462 τὴν
1056 2359 1187 2465 σάρκα.
1230 2359 1410 2440 πιστεύειν
1434 2359 1513 2461 γὰρ

308 2484 402 2582 ἡμᾶς
429 2489 465 2564 αἱ
494 2491 583 2565 θεῖαι
611 2484 826 2566 διδάσκουσι
854 2488 995 2590 γραφαὶ
1021 2491 1070 2569 εἰς
1096 2482 1161 2565 τὸν
1186 2482 1440 2587 σταυρωθέντα
1467 2516 1513 2562 τε

308 2609 367 2688 καὶ
394 2607 634 2706 ἀποθανόντα,
651 2612 710 2688 καὶ
735 2611 973 2712 ἐγηγερμένον
996 2612 1036 2688 ἐκ
1062 2613 1207 2710 νεκρῶν,
1225 2610 1293 2712 ούχ
1316 2609 1364 2691 ὡς
1389 2605 1515 2709 ἕτερον

308 2729 396 2810 ὄντα
422 2731 523 2834 παρὸ
550 2730 615 2811 τὸν
639 2735 677 2812 ἐν
702 2735 793 2838 αὐτῇ
819 2733 916 2814 Θεὸν
936 2733 1070 2835 Λόγον,
1096 2733 1164 2838 οὐχ
1191 2730 1282 2810 ὅσον
1305 2735 1354 2814 εἰς
1381 2731 1514 2814 οὐσίας

309 2851 509 2954 ταυτότητά
528 2860 635 2960 φημι·
665 2862 775 2954 σῶμα
799 2854 872 2960 γὰρ
898 2856 941 2936 τὸ
966 2863 1089 2956 σῶμα,
1106 2859 1165 2935 καὶ
1190 2855 1232 2934 ού
1252 2851 1384 2955 Λόγος,
1401 2858 1431 2933 εί
1449 2857 1515 2934 καὶ
1535 2891 1547 2930 ι

278 2983 421 3077 οσῶμα
445 2987 509 3058 τοῦ
527 2979 663 3082 Λάγου·
694 2980 780 3060 ἀλλ’
804 2979 895 3061 ὅσον
922 2986 972 3065 εἰς
999 2978 1041 3060 τὸ
1069 2983 1133 3080 τῆς
1161 2981 1320 3078 ἀληθοῦς
1347 2975 1515 3076 νῖότητος

310 3105 446 3206 χρῆμα.
487 3108 517 3182 εὶ
542 3103 586 3183 δέ
604 3137 655 3212 τᾳ
680 3102 867 3205 δοκοίημεν
888 3106 952 3184 οὐκ
977 3105 1111 3208 ἄριστα
1136 3102 1264 3204 λέγειν,
1282 3100 1515 3182 ἐπιδεικνύτω

310 3225 505 3330 παρελθὸν
529 3226 594 3307 τὸν
620 3229 658 3306 ἐκ
675 3232 772 3308 Θεοῦ
796 3233 973 3308 τεθνεῶτα
992 3225 1116 3330 Λόγον
1134 3223 1225 3305 καθὸ
1251 3231 1380 3305 νοεῖται
1398 3223 1512 3326 Θεὸς,

311 3348 401 3452 ὅπερ
428 3353 529 3432 ἐστὶν
550 3349 736 3450 ἀδύνατον,
758 3359 905 3452 μᾶλλον
933 3349 971 3432 δέ
999 3353 1057 3432 καὶ
1083 3348 1195 3450 μόνον
1222 3351 1390 3448 ἐννοῆσαι
1416 3351 1514 3429 δνσ-

311 3473 430 3567 σεβές.
1535 3509 1547 3550 ι

284 3661 368 3728 ’Ἐν
395 3666 435 3754 τῇ
467 3659 553 3756 οἰκίᾳ
584 3669 641 3730 τοῦ
665 3667 795 3756 Πατρός
825 3689 887 3744 μου
917 3668 1015 3745 μοναὶ
1045 3665 1167 3733 πολλαί
1197 3663 1286 3733 εἰσιν·
1328 3663 1356 3730 εἰ
1388 3665 1424 3731 δὲ
1454 3667 1516 3746 μὴ,

283 3789 301 3848 3
364 3781 456 3854 εἶπον
481 3787 520 3855 ἂν
543 3785 616 3866 ὑμῖν
643 3791 694 3857 δτι
720 3795 901 3881 πορεύομαι
927 3794 1098 3870 ἑτοιμάσαι
1124 3792 1226 3858 τόπον
1250 3786 1333 3868 ὑμῖν·
1372 3789 1424 3856 καί
1450 3790 1516 3858 ἐὰν

365 3913 519 4004 πορευθῶ
546 3913 600 3980 καί
626 3917 790 3994 ἑτοιμάσω
816 3919 918 3986 τόπον
940 3915 1024 4000 ὑμῖν,
1042 3919 1140 3984 πάλιν
1162 3917 1298 4008 ἔρχομαι
1326 3916 1378 3982 καί
1405 3939 1520 4005 παρα-

285 4055 304 4101 ο
365 4039 514 4120 Λήγομοιι
532 4041 615 4118 ὑμᾶς
633 4041 698 4118 μετ’
720 4043 868 4126 ἐμαυτοῦ,
887 4045 940 4110 ἵνα
959 4047 1042 4112 ὅπου
1061 4041 1126 4122 εἰμί
1142 4043 1209 4119 ἐγὼ
1228 4042 1281 4108 καί
1299 4037 1478 4128 ὑμεῖοδτε.

368 4196 592 4300 Ἀναγκαίιις
620 4198 740 4282 αὐτοῖς
767 4196 810 4280 τὸ
839 4199 890 4298 μὴ
920 4203 1050 4305 χρῆναι
1079 4197 1320 4301 ταράττεσθαι
1350 4195 1547 4299 διειπὸιν,3

352 4373 437 4430 ιό-ον
458 4375 522 4430 citat
540 4373 712 4445 Ephnimius
730 4375 890 4430 Antiocheni
912 4374 1037 4448 Archiep.
1058 4393 1100 4446 ap.
1120 4374 1209 4430 photii
1233 4373 1425 4430 Bibliotheoem
1450 4377 1518 4434 eod.

314 4461 375 4516 229.
493 4445 534 4501 18.
553 4445 588 4502 ιἰι
599 4446 649 4517 οὐχ
660 4447 767 4502 inverso
778 4445 872 4502 ordine
885 4445 968 4518 Ephr.
1079 4463 1121 4519 19.
1139 4443 1214 4516 ὄντα]
1231 4452 1260 4511 ÷
1274 4446 1519 4504 υίὸνιτυτὸνυῖδα

314 4563 399 4638 ιιριιι.
447 4565 515 4638 νας,
529 4563 614 4637 Ephr.
662 4565 760 4622 suzim
771 4566 904 4622 aaron.
917 4565 1003 4638 τρια.
1099 4583 1143 4639 29.
1159 4530 1340 4638 μένοντι.
