3142 5118
355 343 422 410 238
659 347 699 412 B.
723 348 931 414 OYRILLI
960 349 1250 416 ALEXANDR.
1452 369 1509 412 x.1

322 510 546 611 δμηνύματα
565 510 799 615 διεγνωκότας
817 515 1009 614 ἠπίστατο,
1028 511 1144 597 πολῦς
1167 514 1206 594 δέ
1227 517 1285 595 καὶ
1302 511 1437 618 μακρὸς
1452 548 1510 614 ποη

355 641 430 718 τοῖς
457 633 660 741 προφήταις
685 639 706 716 ὃ
732 635 854 741 λόγος,
871 639 927 718 ὅτι
951 643 1010 718 καὶ
1038 637 1083 719 τά
1108 637 1191 739 ἔθνη
1215 635 1306 741 πρὸς
1331 636 1510 739 θεογνωσύ

356 762 576 864 σαγηνεύσει
605 763 778 867 Χριστὸς,
808 764 867 845 διὰ
893 773 1001 845 τοῦτο
1028 771 1179 864 σημεῖον
1207 765 1326 846 αῦτοῖς
1354 759 1478 864 ὥσπερ
1506 795 1510 812 ·

355 892 507 988 πρᾶγμα
525 889 633 971 τιθεὶς
651 888 917 991 ἐναργέστατον
936 893 983 973 ὡς
1003 887 1109 972 αύτὸς
1131 887 1183 988 εἴη
1209 893 1341 992 σαφῶς
1365 887 1385 964 ὁ
1409 918 1510 987 προη]

357 1011 539 1111 γελμέυος,
552 1010 606 1090 ὅτι
624 1010 769 1092 καλέσει
787 1015 846 1093 καὶ
863 1011 910 1094 τὰ
927 1013 992 1092 οῦκ
1011 1010 1097 1092 ὄντα
1116 1013 1153 1091 ἐκ
1172 1011 1427 1110 τήςἸουδαίων
1440 1011 1510 1087 αῦλ

355 1131 524 1236 πρόβατα
561 1134 755 1241 διαῤῥήδην
784 1136 1049 1242 διισχυρίσατο,
1079 1136 1137 1216 ἵνα
1169 1133 1310 1233 λοιπὸν,
1337 1131 1460 1237 ὥσπερ
1490 1167 1509 1212 ο

356 1253 527 1361 ἐλέγομεν
548 1260 688 1362 ἀρτίως,
707 1259 817 1340 αὐτὸν
841 1259 953 1343 ὅντως
980 1263 1112 1340 ἐκεῖνον
1136 1257 1224 1339 εἶναι
1249 1257 1491 1354 πιστεύσειαν,

357 1386 416 1461 καὶ
434 1384 454 1462 ὁ
472 1388 544 1462 τῶν
563 1384 676 1486 ἁγίων
695 1387 835 1488 ἀνδρῶν
852 1383 1149 1492 προεχρησμφδει
1167 1381 1285 1489 χορός.

327 1549 346 1592 ο

307 1661 342 1725 1⁷
407 1659 469 1726 Διὰ
496 1659 590 1729 τοῦτό
617 1677 657 1738 με
683 1657 702 1728 ὃ
728 1656 843 1749 Πατιλρ
870 1661 991 1753 ἀταπᾲ,
1018 1660 1069 1730 ὅτι
1095 1660 1204 1738 τίθημι
1229 1659 1289 1726 τήν
1315 1659 1422 1747 ψυχήν
1448 1659 1499 1724 ἵνα

778 1785 877 1850 πάλιν
904 1784 996 1863 λάβω
1023 1783 1133 1852 αὐτίιν.

410 1955 576 2064 Ὕπαντᾷ
593 1953 775 2042 πολλάκις
793 1957 835 2035 ού
853 1955 965 2054 μόνον
983 1961 1058 2040 τοῖς
1081 1954 1150 2056 ἤδη
1176 1953 1234 2034 διὰ
1259 1954 1425 2056 γλώττης
1448 1957 1510 2032 ἐκπ

356 2082 587 2187 φωυημένοις,
606 2079 708 2158 ἀλλὰ
726 2083 785 2159 καὶ
803 2086 877 2164 τοῖς
895 2081 1001 2186 ἐντῷ
1019 2076 1125 2174 βάθει
1142 2085 1344 2181 λογισμοῖς·
1371 2075 1466 2162 θεὸς
1483 2111 1510 2178 γι

357 2202 528 2310 ὑπάρχων
546 2202 728 2303 ἀληθινὸς,
745 2200 893 2283 πάντων
916 2202 986 2307 ἔχει
1012 2207 1117 2308 σαφῆ
1142 2199 1208 2302 τήν
1226 2203 1434 2303 ἐπίγνωσιν.
1476 2206 1510 2280 δι

321 2387 327 2401 ,
355 2330 548 2429 γελώντων
569 2336 759 2432 τοιγαροῦν
781 2333 854 2406 τῶν
873 2327 1031 2407 ἀνοσίων
1049 2327 1231 2433 ’.Ιουδαίων
1255 2325 1319 2406 τὸν
1342 2328 1426 2428 παρ’
1447 2327 1510 2404 αῦτ

355 2451 480 2553 λόγον,
499 2455 557 2532 καὶ
580 2451 723 2554 ἐπείπερ
747 2457 794 2536 εἰς
819 2460 995 2531 τοσοῦτον
1013 2459 1087 2536 τοῖς
1114 2452 1213 2535 ίδίοις
1237 2451 1435 2554 προβάτοις
1461 2484 1509 2528 συ

354 2575 532 2677 αθλήσειν
558 2573 888 2678 κατεπηγγέλλετο,
917 2579 976 2655 καὶ
1003 2575 1152 2681 σφόδρα
1182 2572 1386 2678 προθύμως,
1416 2578 1465 2657 ὡς
1496 2608 1509 2651 κ

320 2699 590 2803 δπροτεθνάναι
622 2700 707 2779 λίαν
736 2700 885 2799 ἑτοίμως
917 2698 1020 2805 ἔχειν,
1049 2706 1173 2802 ληρεῖν
1201 2698 1372 2798 οίομένων
1399 2697 1469 2798 ήδη
1497 2733 1509 2776 κ

352 2824 544 2921 μαίνεσθαι
569 2821 769 2903 δοκούντων
787 2821 908 2922 αὐτὸν,
927 2824 1130 2926 ἀναγκαίως
1148 2823 1216 2925 ἤδη
1235 2822 1366 2904 λοιπὸν
1384 2824 1428 2928 ἐξ
1443 2824 1508 2902 ἀπο

248 3035 250 3042 y
352 2947 497 3032 δευσίας
525 2947 615 3047 ὁμοῦ
643 2950 701 3026 καὶ
730 2947 949 3043 δυσσεβείας
979 2947 1134 3050 ἀμέτρου
1164 2951 1229 3046 τῆς
1258 2947 1408 3048 ἐνούσης
1437 2947 1508 3024 αύτι

352 3077 593 3175 διαγελῶντος
617 3068 823 3151 ἐπιδεικνύει
848 3070 970 3172 λόγοις
999 3105 1037 3150 τε
1067 3074 1126 3150 καὶ
1153 3069 1369 3174 πράγμασιν
1391 3073 1507 3168 ἐπιτιμ

351 3193 540 3296 ἑλομένους
568 3191 592 3274 ἀ
614 3197 759 3294 πολλῆς
784 3190 856 3274 οἶδε
881 3199 986 3294 τιμῆς
1012 3195 1137 3302 ἀξιοῦν
1162 3196 1182 3274 ὁ
1207 3193 1301 3279 Θεὸς
1325 3198 1383 3274 καὶ
1408 3199 1507 3294 Πατή

352 3325 488 3430 ἀγαπᾷ
514 3317 585 3423 γάρ
612 3353 658 3424 με
684 3313 743 3398 διῦι
767 3320 871 3416 τοῦτο,
895 3325 1023 3426 φησὶν,
1049 3316 1069 3398 δ
1098 3317 1157 3398 διὰ
1184 3318 1331 3418 πολλὴν
1355 3321 1507 3398 ἀσυνεσί

352 3443 549 3542 πεποίησθε
567 3443 650 3544 παρΙ
671 3441 783 3522 οὐδέν.
813 3448 890 3526 πῶς
909 3443 971 3522 οῦν
990 3443 1054 3522 οῦκ
1073 3440 1241 3546 ἀλαζόνες
1260 3446 1318 3522 καὶ
1337 3448 1506 3538 δυσσεβει

322 3562 498 3664 οάπάσης
533 3564 642 3662 ἐντὸς,
675 3563 708 3644 οἳ
742 3563 1023 3667 καταγέλαστον
1055 3562 1146 3645 εἷναί
1181 3573 1274 3674 φατε
1306 3565 1349 3646 τὸ
1384 3571 1437 3672 τῷ
1471 3570 1506 3643 Θ

351 3687 644 3792 θυμηρέστατον,
669 3687 794 3768 δίδωσι
813 3687 855 3769 δέ
868 3721 945 3774 πως
964 3691 1083 3774 αὐτοῖς
1102 3692 1160 3770 καὶ
1178 3689 1237 3770 διὰ
1255 3689 1393 3770 τούτων
1411 3691 1505 3770 ἐννοε

350 3810 406 3891 ὅτι
436 3813 653 3913 μεμίοηνται
685 3811 835 3919 σφόδρα
865 3811 965 3916 παρά
996 3819 1107 3895 Θεοῦ.
1161 3819 1190 3894 εἱ
1222 3812 1295 3918 γὰρ
1328 3817 1456 3921 ἀγαπᾷ
1489 3847 1505 3892 τ

349 3935 491 4017 τιθέντα
519 3933 571 4030 τήν
594 3931 714 4043 φυχήν
737 3935 825 4040 ύπέρ
852 3941 926 4017 τῶν
953 3933 1150 4040 προβάτων
1174 3942 1239 4036 τῆς
1267 3939 1505 4043 ἐγχειρισθείο

349 4057 499 4162 ἀγέλης,
518 4059 658 4164 ἀνάγκη
682 4057 727 4160 δή
751 4065 858 4140 πᾶσα
884 4067 987 4157 νοεῖν,
1005 4057 1061 4140 ὅτι
1085 4059 1265 4164 βδελυρὸν
1288 4059 1466 4164 ἡγήσεται
1490 4095 1504 4141 τ

385 4321 411 4375 3.
429 4305 472 4360 διὰ
483 4309 560 4360 τοῦτο
572 4307 680 4375 σημεῖον
691 4322 706 4360 ο
719 4303 779 4359 Cat.
794 4304 870 4360 Harl.
882 4305 956 4361 Aub.
968 4315 995 4361 et
1007 4307 1043 4360 ita
1055 4325 1080 4361 α.
1093 4305 1251 4376 σημειωτέον
1264 4305 1297 4359 Β.
1398 4323 1425 4376 9.
1445 4309 1503 4378 ψυγ

352 4383 381 4437 4
396 4376 530 4442 μουλυδ.
651 4392 691 4430 11.
728 4377 875 4444 λάσσηςα.
997 4394 1007 4431 1
1032 4375 1234 4445 ,συναῦλήσειν
1246 4377 1503 4435 retinuiexAub.u

349 4444 458 4513 θλήσειν
472 4446 504 4500 Β.
517 4444 656 4514 συνθήσειν
671 4397 760 4500 Ηοίυὶ.
774 4447 914 4501 συναθλεῖν
927 4446 986 4501 cat.
1003 4392 1077 4501 Ιδατί.
1092 4441 1269 4516 συναλγήσέιν
1281 4465 1305 4500 a.
1326 4446 1386 4501 Cat.
1403 4448 1450 4501 cit.
1471 4466 1503 4502 su

349 4533 376 4583 p.
394 4531 452 4580 ²²4·
564 4518 604 4569 18.
623 4517 700 4570 αὐτὸν
712 4531 735 4570 a.
749 4525 775 4570 et
787 4517 824 4570 ita
836 4517 949 4587 oonjecit
961 4517 1033 4572 Aub.
1046 4517 1074 4571 in
1088 4536 1143 4587 mg.
1157 4517 1240 4572 αὐτῶν
1254 4517 1286 4571 Β.
1302 4516 1352 4571 Ed.
1458 4533 1502 4572 τι.

349 4586 398 4653 γὰρ
411 4585 517 4639 inverso
529 4585 623 4639 ordine
634 4605 659 4639 α.
767 4603 810 4653 ²4·
830 4589 860 4640 τὸ
872 4587 1018 4658 assumpsit
1029 4606 1043 4641 e
1057 4587 1116 4642 Cat.
1131 4597 1161 4642 ut
1174 4587 1228 4643 vid.
1241 4588 1313 4642 Aub.
1326 4597 1353 4642 et
1365 4588 1402 4641 ita
1413 4606 1439 4642 α.
