3118 5132
321 340 387 403 442
623 337 663 402 B.
686 335 897 402 CYRILLI
927 335 1214 400 ALEXANDR.
1389 327 1455 392 xiv.
1471 345 1536 390 ιι.

322 513 345 550 “
363 503 463 606 θεροί
489 506 582 583 είσιν
611 505 645 581 οῖ
674 501 776 584 νίοί.”
816 507 846 582 εί
876 502 915 582 δὲ
944 499 989 602 ἦν
1016 499 1225 602 ὁμόδουλος,
1252 501 1311 579 καὶ
1339 497 1407 603 οὐχ
1433 494 1537 578 Υἱὸς

322 628 468 725 ἀληθῶς
501 628 540 706 ἐκ
577 629 642 726 τῆς
677 633 742 706 τοῦ
782 623 940 729 Πατρός.
966 625 1092 710 οῦσίας
1132 621 1401 728 γεγεννημένος,
1440 617 1535 698 οῦδὲ

322 748 483 858 φυσικὴν
512 750 605 856 ἔχων
634 748 727 855 πρὸς
758 749 823 831 τὸν
854 748 1003 830 τεκόντα
1034 748 1101 850 τὴν
1129 749 1341 848 οἰκειότητα,
1372 743 1411 824 τί
1438 742 1535 824 τοῦς

321 873 461 960 ἅλλους
481 872 645 960 ἅπαντας
669 855 916 974 τοῖςτέλεσιν
934 877 1085 972 ὑποθεὶς,
1105 876 1154 957 ὦς
1179 871 1393 974 ἀλλοτρίους
1415 866 1534 950 ὄντας

321 997 413 1080 κατὰ
430 997 498 1100 τὴν
516 999 631 1108 φύσιν
649 1007 713 1081 τοῦ
730 1001 978 1101 δασμολογεῖν
995 998 1218 1104 ὀφείλοντος,
1236 1000 1296 1076 καὶ
1320 996 1358 1074 ἐν
1376 997 1534 1073 οἰκετῶν
1558 1036 1559 1042 1

320 1122 422 1230 τάξει
446 1123 635 1224 κειμένους,
653 1121 753 1232 μόντρ
777 1122 845 1224 τὴν
866 1122 1069 1226 ἐλευθερίαν
1090 1121 1359 1226 μεμαρτύρηκεν
1376 1119 1529 1223 ἑαυτῷ,

291 1253 617 1352 ακαταχρηστικῶς
641 1247 708 1348 μέν
725 1245 799 1351 γὰρ
824 1248 880 1354 ἐφ’
900 1247 985 1347 ἡμῖν
1008 1245 1054 1326 τὰ
1078 1246 1206 1350 κυρίως
1228 1278 1269 1326 τε
1292 1245 1352 1324 καὶ
1375 1243 1534 1342 ἀληθῶς

319 1369 414 1478 μόνη
431 1371 617 1475 πρέποισα
632 1377 678 1478 τῇ
696 1368 839 1471 θεότητι
857 1368 1011 1478 φέρεται,
1030 1369 1221 1476 ἐνιπτάρχει
1246 1367 1284 1450 δὲ
1308 1369 1405 1474 αὐτῷ
1428 1363 1533 1445 κατὰ

320 1494 502 1596 ἀλήθειαν,
529 1491 626 1576 ὥστε
657 1491 724 1594 τὴν
751 1501 824 1575 τῶν
851 1500 1012 1596 γενητῶν
1036 1495 1070 1575 εί
1098 1529 1152 1579 τις
1183 1497 1341 1596 ἀκριβῶς
1372 1488 1527 1570 διασκέ-

319 1652 447 1700 πτοιτο
465 1617 594 1725 φύσιν,
614 1617 796 1722 θεωρῆσαι
813 1617 958 1704 πάντας
976 1619 1067 1724 αῦτῇ
1083 1615 1126 1700 τδ
1145 1623 1210 1718 τῆς
1228 1615 1389 1698 δουλείας
1406 1610 1533 1712 ὄνομά

319 1776 359 1822 τε
383 1745 442 1823 καὶ
465 1749 618 1846 πρᾶγμα
640 1741 956 1846 πρεπωδέστατον.
996 1748 1026 1822 εἱ
1050 1741 1095 1822 δέ
1113 1777 1206 1826 τινες
1228 1746 1302 1822 τιῦν
1319 1742 1358 1820 ἐν
1374 1738 1460 1837 ἡμῖν
1477 1742 1531 1842 τῇ

319 1870 385 1967 τῆς
411 1867 614 1969 ἐλευθερίας
641 1867 847 1966 τετίμηνται
875 1863 976 1973 δόξῃ,
1002 1871 1298 1971 καταχρηστικῶς
1325 1863 1451 1968 ἔχουσι
1481 1860 1531 1941 τὸ

319 1990 419 2100 μόνῳ
446 1995 530 2098 Θεῷ
557 1989 861 2096 χρεωστοιῖμενον.

375 2113 516 2200 Ἡδέως
553 2115 587 2194 δ’
626 2111 672 2195 ἂν
707 2113 858 2222 σφόδρα
894 2118 1034 2196 κάκεῖνο
1070 2113 1161 2218 πρὸς
1197 2112 1335 2197 τούτοις
1375 2110 1530 2214 ἐροίμην

320 2237 448 2324 αῦτοιίς
463 2234 563 2342 Ἀρα
590 2235 767 2347 θεοφόρον
788 2239 910 2342 ἐροῦσι
937 2235 1002 2319 τὸν
1021 2243 1184 2336 Παῦλον,
1202 2243 1368 2341 Χριστοῦ
1395 2267 1523 2314 κατοι-

285 2371 467 2447 ᾶκοῦντος
494 2359 553 2442 διὰ
580 2369 645 2442 τοῦ
672 2362 762 2442 ίδίον
791 2363 1012 2457 Πνεῦματος
1053 2361 1077 2465 ἢ
1105 2365 1164 2442 καὶ
1192 2369 1299 2443 τοῦτο
1328 2365 1528 2461 ληροῦντες

320 2483 553 2588 ἀρνήσονται.
604 2491 635 2565 εί
666 2482 831 2589 μὲνγὰρ
863 2489 987 2590 ἐροῦσι
1019 2484 1196 2592 θεοφόρον
1227 2486 1291 2565 οῦκ
1320 2480 1408 2563 εἶναι
1439 2482 1524 2562 κατ’

318 2608 502 2708 ἀλήθειαν,
539 2606 684 2710 ἀρκέσει
720 2605 765 2708 δὴ
803 2617 910 2690 τοῦτο
945 2609 1036 2714 πρὸς
1071 2609 1114 2690 τὸ
1149 2607 1288 2693 πάντας
1327 2610 1524 2687 ἀναπεῖσαι

317 2731 449 2814 λοιπὸν
475 2730 541 2815 τὰς
570 2733 654 2834 παρ’
684 2733 803 2813 αῦτῶν
831 2733 1068 2815 ἀποσείεσθαι
1099 2734 1279 2842 φλυαρίας
1309 2734 1368 2812 καὶ
1396 2738 1523 2830 μισεῖν

317 2861 367 2941 είς
393 2856 516 2962 ἄκρον,
535 2857 584 2941 ὡς
611 2854 713 2936 οῦδὲν
738 2861 848 2938 εἰπεῖν
872 2863 945 2936 τιῦν
966 2858 1111 2939 ἀτόπων
1132 2854 1447 2961 παραιτουμένους.
1489 2859 1520 2936 εί
1537 2889 1557 2929 ο

317 2981 361 3062 δέ
383 3015 427 3086 γε
454 2989 560 3062 τοῦτο
588 2978 780 3086 φεύγοντες
810 2977 902 3084 πρός
930 3015 973 3084 γε
1002 2980 1044 3061 τὸ
1073 2984 1202 3085 χρῆναι
1230 2981 1351 3082 λέγειν
1376 2978 1518 3082 τραπή-

317 3139 446 3186 σονται
464 3101 629 3205 τοίληθές,
647 3107 706 3184 καῖ
726 3103 903 3210 θεοφόρον
922 3107 1067 3206 α’ληθως
1084 3103 1381 3206 ὁμολογήσουσιν
1397 3101 1520 3199 αὐτὸν,

317 3228 377 3309 διὰ
408 3227 450 3310 τὸ
482 3227 547 3309 τὸν
576 3225 741 3332 Χριστὸν
774 3230 813 3308 ἐν
844 3230 941 3334 αὐτῷ
973 3235 1156 3327 κατοικεῖν,
1185 3235 1264 3313 πῶς
1296 3229 1338 3308 οῦ
1368 3225 1520 3334 σφόδρα

288 3357 511 3448 οδνσσεθῶς
543 3351 752 3433 ἁλώσονται
789 3357 852 3453 τῆς
889 3361 953 3433 τοῦ
984 3359 1079 3434 Θεοῦ
1116 3356 1175 3435 καὶ
1208 3350 1354 3456 Πατρός
1391 3352 1520 3433 οῦσίας

316 3474 513 3578 ἀλλότριον
532 3472 621 3556 εἶναι
644 3475 814 3578 λέγοντες
835 3473 899 3558 τὸν
916 3475 1030 3574 Υἱόν;
1061 3476 1175 3558 οὐκέτι
1200 3476 1272 3580 γὰρ
1296 3474 1472 3582 θεοφόρος
1499 3475 1555 3556 ὅτι

317 3602 479 3696 Παῦλος,
502 3604 532 3678 εί
559 3597 610 3700 μὴ
638 3598 731 3685 Θεὸς
759 3599 851 3681 κατὰ
879 3602 995 3708 φύσιν
1017 3603 1118 3682 ἐστὶν
1141 3603 1162 3682 ὁ
1187 3600 1283 3684 Υἱός.
1331 3601 1418 3680 ἀλλ’
1437 3601 1518 3703 ἐρυ-

315 3727 482 3823 θριῶντες
507 3720 588 3802 ἐσθ’
608 3723 680 3802 ὅτε·
716 3723 897 3828 πρόσεστι
924 3724 997 3829 γὰρ
1025 3728 1083 3806 καὶ
1107 3723 1150 3804 τὸ
1174 3734 1378 3827 πανοῦργον
1396 3724 1518 3806 αὐτοῖς

315 3847 374 3924 καὶ
407 3843 578 3946 κακόηθες
609 3851 658 3928 εἰς
690 3844 836 3948 λόγους·
879 3847 975 3928 Θεὸν
1004 3849 1070 3948 μὲν
1101 3850 1246 3952 ἐροῦσιν
1274 3850 1421 3948 α’ληθιῦς
1451 3846 1517 3928 τὸν

315 3968 416 4066 Υίὸν,
434 3967 485 4069 μὴ
501 3967 573 4069 μὴν
589 3971 628 4048 ἐκ
647 3973 743 4048 Θεοῦ
761 3976 998 4073 γεγεννῆσθαι
1016 3971 1250 4079 κατὰφύσιν.
1285 3977 1344 4051 καὶ
1369 3969 1424 4050 ὅτι
1448 3970 1516 4070 μὲν

313 4093 547 4174 ἁπαστισοῦν
564 4093 681 4172 αὐτῶν
699 4095 767 4172 κάν
785 4094 900 4203 τούτῳ
919 4095 1187 4197 καταθοήσειεν,
1207 4097 1272 4176 οῦκ
1290 4095 1511 4202 ἀμφίλογον·
1528 4125 1553 4182 ³¹

349 4320 375 4368 4.
395 4303 430 4359 ὣς
442 4302 475 4357 Ε.
488 4303 523 4358 ὡς
534 4301 579 4356 οὐκ
592 4301 676 4373 ((ὀῦκ
688 4301 763 4358 deest
775 4303 803 4358 in
820 4303 850 4358 V.
864 4303 963 4370 codice,
977 4303 1024 4360 sed
1040 4313 1071 4361 ut
1082 4303 1188 4361 videtur
1204 4306 1352 4362 necessario
1368 4305 1512 4362 addenda”

313 4369 425 4427 adnotat
436 4371 522 4442 ΑΗΒ.)
537 4371 588 4428 Ed.
679 4389 705 4445 9.
723 4379 851 4446 γεννητῶν
864 4375 897 4430 Ε.
992 4391 1033 4431 ΙΙ.
1051 4375 1268 4448 πρεπωδέστερον
1280 4377 1313 4433 Ε.
1405 4393 1448 4434 12.
1466 4375 1509 4448 τδ]

313 4443 396 4566 3213.
513 4457 554 4514 17.
573 4445 636 4498 κατὰ
649 4443 682 4500 E.
792 4461 834 4516 19.
851 4447 897 4503 τὰς
909 4463 963 4502 om.
977 4447 1080 4518 Migne.
1135 4448 1263 4503 οὐςὸνΕ.·
1366 4449 1509 4522 amu.

350 4551 357 4567 .
376 4513 434 4568 ἐστι
446 4515 510 4568 κατὰ

546 4513 606 4571 ῦσιν
618 4515 650 4570 Ε.
770 4531 812 4608 πρ.
829 4517 1000 4588 γεγεννῆσθαι
1032 4518 1510 4592 -ί-καλεδπανοῦργον-αληθῦςτὸν

312 4585 368 4638 υίὸν
380 4583 407 4654 (ο
419 4593 513 4656 supra)
522 4515 559 4640 δ.
609 4585 705 4642 Statim
716 4586 759 4642 καί
770 4607 800 4642 ον
812 4597 873 4643 ante
885 4589 950 4644 κατὰ
961 4517 1036 4644 αδόίι
1048 4589 1080 4646 Ε.
