3238 5114
98 362 305 453 xvii.12‚13.
338 365 395 430 IN
422 363 732 432 SJOANNEM.
776 365 873 430 LIB.
897 364 959 429 XI.
998 311 1104 429 bAP.
1120 363 1182 430 IX.
1238 363 1298 429 ⁷01

101 527 225 623 Θεός;
255 532 297 609 οὐ
315 529 387 634 γὰρ
406 530 452 610 ἀν
468 563 504 610 τι
522 526 655 632 δράσαι
672 535 746 610 τῶν
759 528 872 610 όντων
887 527 933 610 τὰ
948 533 1065 613 ῖδικῶς
1081 528 1303 633 ἐνεργήματα

101 657 213 752 Θεοῦ,
230 655 281 754 μὴ
299 655 378 760 οὐχὶ
396 661 503 736 τοῦτο
521 653 683 761 ὑπάρχον
701 654 897 752 οῦσιωδῶς,
916 652 1004 758 ὅπερ
1028 651 1073 734 ιῖν
1087 650 1175 734 εἶναι
1192 650 1303 758 τυχὸν

102 780 317 876 οῖησαίμεθα
336 778 399 858 τὸν
418 779 524 859 Θεόν.
561 777 739 882 ἀποσώζει
766 776 804 856 δέ
822 776 937 858 πάλιν
954 779 992 858 ἐν
1009 784 1055 884 τῇ
1074 777 1157 858 καθ’
1177 774 1303 856 ἐαυτὸν

105 902 238 1008 θεωρίᾳ
264 901 306 982 τὸ
336 904 373 982 ἐν
401 901 523 1003 νοήσει
555 905 708 982 διπλοῦν
736 899 794 980 διὸ
825 899 892 1000 τὴν
922 899 1012 1000 μετὰ
1042 898 1179 1004 σαρκὸς
1209 903 1302 980 οῖκο-

50 1049 82 1108 5
106 1025 246 1122 νομίαν.
294 1025 466 1132 ἀποφέρει
495 1024 560 1124 μέν
592 1026 665 1127 γάρ
696 1057 774 1108 πως
806 1028 870 1124 τῆς
901 1029 1051 1126 γενητῆς
1083 1023 1227 1132 φύσεως
1259 1022 1332 1104 τὸθ

105 1147 294 1252 διασώζειν
318 1147 495 1230 δύνασθαι
521 1151 580 1229 καὶ
606 1154 725 1251 τηρεῖν
752 1147 799 1227 τδι
828 1146 957 1251 οἷσπερ
984 1146 1036 1228 ἀιί
1057 1157 1163 1228 τοῦτο
1192 1145 1303 1252 τυχὸν

104 1272 296 1376 όφείληται
314 1274 355 1351 δι’
376 1270 570 1370 εὐσέβειαν,
584 1272 773 1372 ἀνατίθησι
792 1270 830 1352 δέ
849 1281 895 1381 τῷ
914 1274 1046 1380 ὀνόματι
1065 1279 1131 1351 τοῦ
1146 1269 1301 1373 Πατρὸς,

104 1395 201 1499 μόνη
218 1401 264 1500 τῇ
282 1397 359 1503 θείᾳ
377 1395 592 1500 προσνέμων
610 1395 719 1501 φύσει
738 1393 785 1475 τὸ
803 1401 992 1498 θεοπρεπῆ.
1030 1394 1089 1476 διὸ
1106 1393 1179 1498 γάρ
1196 1401 1302 1474 τοῦτο

105 1517 232 1616 πόλιν,
249 1521 362 1600 καίτοι
384 1520 608 1624 τετηρηκέναι
637 1517 756 1620 λέγων
778 1517 860 1604 τοῦς
883 1517 1055 1621 μαθητὰς,
1074 1520 1118 1599 οῦ
1144 1525 1218 1602 τοῖς
1240 1521 1303 1598 ἀν-

29 1677 50 1718 ι
60 1676 92 1718 ο
108 1639 340 1745 θροπτότητος
356 1643 497 1748 μέτροις
515 1640 582 1743 τὴν
600 1650 664 1723 τοῦ
682 1643 959 1746 κατορθώματος
978 1640 1166 1751 ὑπόληψιν
1183 1643 1302 1749 ἐχαρί-

107 1801 213 1864 σατο,
231 1773 496 1870 πεπληρῶσθαι
514 1766 552 1847 δέ
570 1772 715 1866 μᾶλλον
731 1766 761 1847 ῖι
781 1769 916 1872 ὀνόματι
934 1767 1100 1876 λέγειτῷ
1118 1773 1182 1848 τοῦ
1196 1771 1303 1863 Θεοῦ,

107 1891 181 1998 ἔξω
207 1890 272 1990 μέν
289 1925 367 1976 πως
389 1893 497 1974 τιθεὶς
520 1887 646 1970 ἑαυτὸν
663 1898 728 1970 τοῦ
755 1889 977 1994 πράγματος,
1001 1891 1091 1972 καθὸ
1115 1889 1244 1994 γέγονέ
1263 1923 1303 1969 τε

109 2017 169 2094 καὶ
200 2021 329 2094 νοεῖται
360 2012 469 2120 σὰρξ,
498 2012 585 2093 εῖσω
615 2013 652 2093 δέ
681 2011 795 2094 πόλιν
826 2022 889 2094 τοῦ
919 2018 1075 2118 τηρῆσαι
1107 2017 1214 2099 τιθεὶς
1244 2015 1333 2094 καῖε
1355 2037 1470 2095 om.

107 2140 261 2253 ἐνεργεῖν
278 2136 455 2218 δύνασθαι
473 2135 518 2216 τὰ
537 2141 728 2239 θεοπρεπῆ,
751 2137 908 2241 καθόπερ
925 2140 1005 2218 ἐστὶ
1024 2136 1116 2223 Θεὸς
1133 2139 1172 2218 ἐκ
1191 2143 1301 2235 θεοῦ,
1392 2164 1397 2174 “

41 2285 93 2346 15
110 2253 258 2360 δύναμις
276 2261 298 2360 ἡ
318 2261 561 2362 παντουργικὴ
578 2268 643 2341 τοῦ
661 2259 817 2365 Πατρὸς,
836 2259 942 2366 ῖσχὸς
972 2263 1036 2341 οῦκ
1053 2258 1301 2365 ἐνεργουμένη,

109 2385 197 2464 ἀλλ’
217 2384 261 2491 ἐξ
275 2381 326 2463 ὧν
343 2387 444 2464 ἐστιν
462 2381 551 2483 aim)
569 2383 634 2484 τὴν
652 2383 732 2464 ὅθεν
752 2383 911 2490 ἀῤῥήτως
929 2386 1133 2492 προέκοψεν
1149 2385 1301 2492 ἐμφανί-

111 2506 224 2610 §moa
251 2507 374 2615 φύσιν.
421 2514 451 2588 εῖ
479 2506 517 2588 δέ
545 2505 715 2590 δεδόσθαι
747 2509 863 2615 φησὶν
893 2509 990 2618 αὐτῷ
1019 2511 1086 2590 κάν
1114 2509 1231 2618 τούτῳ
1259 2507 1305 2610 δὴ

108 2630 223 2713 πάλιν
241 2629 282 2711 τὸ
299 2635 364 2731 τῆς
381 2630 546 2732 θεότητος
567 2630 690 2730 ὄνομα,
710 2635 823 2714 καίτοι
842 2633 934 2719 Θεὸς
950 2631 1040 2714 κατά
1059 2633 1173 2742 φύσιν
1192 2633 1306 2738 ἀπεῖρ-

109 2791 187 2862 χων
215 2754 304 2834 καθὸ
328 2755 488 2861 πέφηνεν
513 2757 551 2835 ἐκ
572 2761 667 2837 Θεοῦ
687 2756 909 2859 Μονογενὴς,
928 2757 1029 2838 οῦδέν
1053 2767 1160 2840 τοῦτο
1183 2761 1307 2839 διαλυ-

49 2912 97 2953 20
110 2880 271 2980 μαίνεται
299 2884 345 2984 τῇ
375 2878 524 2986 ἀληθείᾳ
553 2888 616 2960 τοῦ
647 2880 871 2983 πράγματος,
898 2880 977 2962 οὐδὲ
1008 2885 1072 2981 τῆς
1099 2883 1195 2988 αι’πῷ
1220 2915 1307 2986 πρε

109 3002 252 3102 ποόσης
279 3003 447 3110 ἐξοίσειεν
475 2999 520 3082 ἀν
543 3003 651 3084 αῦτὸν
672 3009 776 3103 τιμῆς
798 3039 837 3084 τε
860 3008 919 3084 καὶ
942 3002 1061 3111 δόξης·
1095 3015 1239 3087 πολλοῦ
1263 3035 1341 3109 γει,

111 3131 171 3208 καὶ
200 3127 262 3208 δεῖ.
298 3125 351 3226 ε’ίη
378 3124 450 3229 γάρ
468 3126 513 3206 ἂν
530 3125 573 3206 τὸ
600 3133 727 3221 λαβεῖν
746 3131 807 3226 τῆς
831 3127 1103 3231 ἀνθρωπότητος
1131 3129 1229 3228 ἰ’διον,
1247 3131 1307 3211 καὶ

111 3253 202 3356 αὐτῇ
237 3250 444 3354 πρεπόντως
480 3252 702 3331 ἀνακείσεται
737 3257 894 3350 μᾶλλον·
939 3251 1010 3356 ἔχει
1038 3251 1110 3356 γάρ
1140 3253 1240 3334 οῦδὲν
1266 3254 1311 3363 ἐξ

111 3378 249 3474 ἑαυτῆς.

54 3519 98 3580 25
169 3501 337 3602 Τηρῆσαι
362 3496 401 3578 δέ
425 3501 518 3580 οῦτω
537 3499 631 3605 φησὶ
653 3497 737 3583 τοὺς
755 3501 880 3580 ἑαυτοῦ
901 3499 1073 3600 μαθητὰς,
1092 3505 1150 3584 καὶ
1167 3503 1306 3585 τοσαύ-

112 3655 180 3722 την
201 3622 254 3702 έπ’
274 3622 393 3707 αι’ποῖς
414 3626 565 3722 ποιῆσαι
589 3619 656 3722 τὴν
673 3620 855 3725 πρόνοιαν,
871 3625 919 3708 ὦς
937 3625 1141 3708 ἀπολέσθαι
1164 3626 1308 3730 μηδένα,

112 3743 212 3845 πλὴν
244 3743 332 3842 ἐνὸς,
366 3743 409 3825 δν
443 3748 501 3826 καὶ
538 3743 594 3838 τῆς
631 3749 812 3832 ἀπωλείας
849 3747 1037 3845 ὠνόμασεν
1070 3749 1154 3850 υἱὸν,
1188 3755 1237 3837 ὡς
1267 3752 1312 3860 ἐξ

114 3871 243 3953 οἰκείας
269 3874 418 3969 βουλῆς,
446 3877 593 3969 μᾶλλον
620 3868 659 3949 δέ
685 3872 884 3974 μοχθηρίας
911 3905 951 3952 τε
979 3875 1038 3952 καὶ
1065 3875 1309 3974 ἀνοσιότητος,

114 3995 160 4096 τῇ
178 3995 339 4101 ἀπωλείᾳ
355 3994 659 4099 χρεωστοιίμενον.
697 3993 777 4074 οὐδὲ
795 3993 867 4098 γὰρ
887 3995 1082 4095 οῖησόμεθά
1098 4031 1198 4096 ποτε,
1216 3998 1309 4079 κατὰ

61 4149 102 4206 30
115 4116 210 4198 θεῖόν
226 4151 265 4198 τε
289 4120 347 4198 καὶ
365 4117 507 4221 ἀμαχον
526 4124 635 4222 κρῖμα
652 4115 717 4197 τὸν
734 4116 914 4221 προδότην
933 4120 970 4198 ἐν
988 4125 1162 4220 μαθηταῖς
1180 4129 1226 4228 τῇ
1244 4133 1309 4204 τοῦ

116 4242 328 4347 θηρεύοντος
367 4245 542 4324 ε’ναλιῦναι
578 4241 715 4344 παγίδι,
747 4245 806 4322 καὶ
839 4240 986 4349 βρόχων
1015 4243 1102 4327 ε’ίσω
1140 4246 1339 4345 γενέσθαιο

119 4529 641 4672 ω’·αῗδέῖὶθιῗίδδῖζζᾞιιη
742 4531 768 4588 ⁶·
787 4529 831 4604 ὠ]
846 4531 904 4588 '⁰¹³‘
920 4531 951 4588 Β·
1131 4547 1171 4605 ¹⁷·
1190 4535 1310 4608 “W''
