3274 5118
112 383 212 432 xm.
294 365 353 430 IN
383 367 417 431 S.
441 365 702 432 JOANNEM.
746 365 844 432 LIB.
867 365 910 432 X.
955 366 1057 432 CAP.
1080 367 1128 432 ΙΙ.
1249 368 1315 432 54⁷

113 529 257 637 φύσιν,
289 533 376 612 ἀλλ’
396 532 475 614 ἐστι
501 535 544 615 τὸ
573 535 666 615 οὕτω
693 541 840 641 φρονεῖν
866 539 940 613 τῶν
964 537 1013 619 είς
1041 533 1151 636 ἀκρον
1172 537 1309 612 δυσσε·

113 653 215 749 βείας
239 655 398 755 ἡκόντων
416 664 549 738 κακῶν·
579 655 803 758 πεποιήμεθα
820 655 893 762 γάρ
910 657 1020 758 ἡμεῖς,
1041 655 1135 740 Θεὸς
1160 653 1198 736 δὲ
1221 653 1313 736 κατά

115 777 231 884 φύσιν
247 781 349 862 ἐστὶν
366 782 386 860 6
405 779 505 868 Υἱός.
546 778 623 862 εἶτα
640 787 718 866 πῶς
736 781 840 862 ἔσται
858 790 986 878 τοῦτο;
1017 788 1095 866 πῶς
1119 779 1157 861 δὲ
1181 777 1314 880 ἀληθὲς

113 901 169 981 ἐπ’
188 902 286 1009 αὐτῷ
310 904 354 984 τὸ
380 902 585 1008 λεγόμενον,
603 905 701 1009 είπερ
726 908 819 986 είσίν
843 907 987 1012 όμοφυὴ
1013 911 1060 1010 τῇ
1087 901 1240 1012 ἀμπίλιρ
1268 902 1316 984 τά

77 1024 304 1126 5κλήματα;
336 1025 474 1131 ἀνόγκη
493 1029 576 1133 γὰρ,
595 1026 618 1130 ἢ
644 1031 704 1110 καί
728 1029 820 1128 ἡμᾶς
845 1025 973 1114 αὐτοὺς
998 1033 1047 1114 είς
1064 1027 1130 1128 τὴν
1148 1031 1212 1128 τῆς
1229 1026 1312 1109 θεό-

113 1183 221 1250 τητος
257 1155 321 1251 τῆς
358 1156 516 1253 ἀληθοῦς
557 1152 833 1256 ἀνακομίζεσθοιι
871 1151 996 1260 φύσιν,
1032 1151 1146 1255 ἤγουν
1181 1152 1316 1251 ἐκείνην

114 1273 422 1378 καταβιβάζεσθαι
459 1275 550 1381 πρὸς
582 1279 686 1378 ἡμᾶς·
726 1279 869 1386 όμοφυῆ
902 1275 974 1379 γάρ
1006 1282 1051 1382 τῇ
1086 1275 1238 1385 ἀμπέλῳ
1268 1273 1345 1357 τάο

114 1396 297 1497 κλήματα.
337 1403 397 1482 καὶ
413 1401 555 1506 ἐπείπερ
580 1401 743 1508 φαίνεται
768 1401 888 1503 λε’γοιν
905 1403 925 1480 6
944 1401 1032 1486 Υἱός
1050 1411 1072 1449 “
1085 1399 1185 1504 Ἐγῶ
1210 1401 1268 1480 καί
1293 1401 1314 1480 6
1359 1403 1443 1532 ξῑῑξοξ

116 1531 139 1567 “
159 1519 287 1626 Πατὴρ
315 1524 353 1604 ἕν
374 1525 516 1625 ἐσμεν,”
537 1529 596 1606 καί
624 1526 722 1626 ἡμεῖς
746 1525 842 1633 αι’ττῷ
868 1521 1198 1626 σνναναθησόμεθα
1224 1519 1316 1626 πρὸς

59 1672 101 1713 ¹0
115 1644 310 1747 ὁμοιότητα
341 1647 407 1748 τὴν
437 1647 528 1729 κατὰ
556 1655 631 1730 πῶν
659 1649 779 1728 ὁτιοῦν
808 1648 899 1752 πρὸς
928 1648 993 1729 τὸν
1017 1650 1175 1753 Πατέρα,
1201 1645 1225 1748 ἡ
1256 1651 1315 1729 καὶ

115 1765 224 1853 αὐτὸς
249 1771 270 1850 6
293 1771 423 1876 Πατὴρ
448 1777 498 1858 είς
522 1771 697 1876 ἡμετέραν
715 1774 888 1872 ὁμοίωσιν
905 1771 1316 1875 σνγκαθελκυσθὴσεται

114 1898 168 2000 τῶ
193 1899 282 2002 Υίῶ,
299 1902 351 2004 τῷ
378 1897 470 2001 πρὸς
497 1898 590 1997 ἡμᾶς
618 1899 780 2004 όμοφνεῖ.
820 1900 925 1998 όρᾶτε
953 1894 998 1994 δὴ
1026 1897 1090 1976 οὖν
1117 1895 1206 1981 ὅσος
1232 1897 1316 1996 ἡμῖν

115 2019 276 2099 ἐντεῦθεν
294 2023 510 2126 δυσφημιῶν
532 2019 723 2100 ἀνατέλλει
750 2019 916 2124 θόρυβος·
948 2019 1006 2102 διά
1031 2019 1076 2120 δὴ
1101 2029 1223 2118 τοῦτο,
1242 2026 1317 2104 τοῖς

16 2153 17 2156 ’
115 2141 162 2248 ἐξ
187 2144 357 2244 ἀληθείας
385 2151 531 2245 μᾶλλου
560 2144 725 2252 ἑψόμεθα
756 2151 960 2248 λογισμοῖς,
992 2146 1030 2224 ἐν
1059 2146 1317 2246 ὑποδείγματος

61 2289 102 2350 ¹5
117 2265 240 2374 τρόπερ
271 2270 499 2354 πιστεύοντες
526 2267 590 2349 τόν
612 2265 704 2349 Υίόν
732 2273 842 2350 εἰπεῖν
864 2267 964 2370 Ἐγώ
991 2273 1061 2368 εἶμι
1090 2269 1112 2368 ἡ
1140 2266 1314 2368 ἀμπελος,

118 2391 217 2488 ὑμεῖς
234 2390 281 2471 τὰ
298 2392 478 2494 κλήματα,
497 2395 518 2474 6
538 2392 667 2498 Πατήρ
684 2426 755 2494 μου
772 2393 792 2471 6
810 2389 970 2496 γεωργός
988 2393 1100 2472 ἐστιν.
1329 2375 1352 2442 ‘1

118 2640 189 2706 Πᾶν
216 2645 324 2718 κλῆμα
351 2643 386 2710 ἐν
409 2643 483 2720 ἐμοί
509 2643 553 2720 ut*
581 2644 684 2732 φέρον
708 2641 844 2732 καρπόν,
869 2637 956 2730 αίρει
983 2640 1072 2708 αὐτό·
1109 2639 1162 2706 καί
1189 2643 1255 2706 πᾶν
1278 2639 1348 2708 162

183 2767 309 2854 καρπόν
337 2769 451 2858 φέρον,
477 2767 626 2858 καθαίρει
652 2767 732 2836 αὐτὸ
758 2769 812 2834 ίνα
840 2767 965 2858 καρπὸν
993 2765 1128 2833 πλείονα
1155 2765 1256 2856 φὲρη.

175 2936 322 3039 Ἑκτικὴ
350 2941 417 3040 μίν
443 2943 545 3022 ἐστιν
570 2939 671 3040 ἡμῶν
695 2940 718 3040 ἡ
746 2936 926 3041 κόλλησις
953 2937 1044 3042 πρὸς
1069 2935 1233 3042 Χριστόν
1260 2937 1319 3016 καί

62 3099 104 3140 το
118 3062 370 3166 προαιρετικὴν
394 3065 530 3170 ἔχουσα
554 3069 619 3165 τῆς
643 3062 841 3172 συναφείας
864 3061 931 3162 τήν
953 3063 1112 3160 δύναμιν,
1131 3069 1320 3140 τελειοῦσα

119 3185 160 3266 δὲ
179 3185 304 3294 ἀγάπη
321 3191 379 3269 καί
396 3189 531 3271 πίστει.
562 3189 661 3288 καὶὴ
684 3185 749 3288 μὲν
768 3185 891 3271 πίστις
908 3193 984 3270 ταῖς
1003 3184 1184 3287 ἡμετέραις
1203 3189 1316 3264 είσοι·

119 3307 249 3412 κίζεται
279 3317 430 3420 ψυχαῖς,
460 3315 639 3418 ἀκραιφνῆ
670 3313 734 3411 τῆς
766 3310 986 3413 θεογνωσίας
1014 3309 1225 3416 παρέχουσα
1253 3305 1320 3408 τὴν

120 3432 295 3534 δήλωσιν·
337 3439 358 3516 6
387 3435 424 3517 δὲ
452 3440 516 3536 τῆς
543 3433 685 3538 ἀγάπης
712 3432 855 3538 τρόπος,
878 3439 942 3534 τῆς
968 3436 1052 3539 παρ’
1076 3436 1185 3514 αὐτοῦ
1212 3437 1349 3535 &opt-e

119 3558 271 3660 σθείοης
296 3560 381 3660 ἡμῖν
402 3563 551 3660 ἐντολῆς
578 3563 722 3640 ἀπαιτεῖ
744 3559 810 3657 τὴν
831 3559 996 3661 τήρησιν·
1028 3561 1120 3640 οὕτω
1149 3555 1221 3660 γάρ
1249 3591 1319 3638 που

64 3711 104 3772 25
121 3683 181 3760 καὶ
200 3679 306 3767 αότδς
323 3681 387 3765 τόν
405 3687 604 3786 ἀγαπῶντα
620 3681 754 3767 δεικνὺς
773 3681 931 3789 ἔφασκεν
949 3686 998 3764 ‘O
1017 3687 1169 3785 ἀγαπῶν
1186 3715 1231 3782 με
1256 3678 1321 3765 τάς
1364 3688 1489 3819 ἓξᾞῑ·

120 3805 273 3892 ἐντολάς
299 3841 369 3908 μου
396 3809 555 3911 τηρήσει.
594 3806 714 3890 ίστέον
737 3807 800 3886 οὖν
826 3805 880 3887 ότι
905 3807 1152 3908 συνενοόμενοι
1173 3803 1239 3904 μίν
1262 3802 1321 3884 διά

121 3927 279 4015 πίστεως
304 3932 412 4038 αι’σῷ,
431 3935 490 4012 καί
515 3933 554 4012 ἐν
572 3935 700 4038 ψιλαῖς
726 3933 785 4010 καὶ
808 3927 934 4030 μόναις
958 3931 1167 4033 ὁμολογίαις
1190 3925 1233 4009 τό
1256 3931 1320 4027 τῆς

121 4051 336 4154 κολλήσεοις
364 4052 454 4140 εἶδος
482 4055 752 4156 ἐπιτηδεύοντες,
772 4055 813 4134 οὐ
838 4053 991 4155 μήνκαὶ
1015 4061 1088 4140 τοῖς
1112 4053 1157 4160 ἐξ
1177 4049 1320 4154 ἀγάπης

121 4176 424 4282 ἀνδραγαθήμασι
452 4177 516 4260 τὸν
542 4183 605 4279 τῆς
633 4179 831 4286 συναφείας
861 4177 997 4278 δεσμὸν
1023 4178 1317 4284 ἐπισφίγγοντες,

124 4393 386 4517 awffl'*
400 4391 433 4447 E'
480 4388 1320 4534 173'26fflffflfflssfflffsslfflffi·⁸⁶666⁰0⁰6

123 4533 309 4603 καρποφοροῦν
320 4531 391 4588 infra
401 4531 455 4606 869
467 4552 491 4588 e.
572 4550 613 4604 ¹9·
631 4533 705 4589 ἐστιν
716 4541 748 4618 ας
754 4533 796 4586 καί
807 4541 946 4605 assumpta
957 4551 991 4588 ex
1004 4533 1036 4588 E.
1116 4548 1158 4587 το.
1177 4531 1321 4604 συναφιίας

123 4603 157 4658 Ε.
171 4603 314 4675 σαφηνείας
327 4602 378 4659 Ed.
451 4603 494 4660 26.
513 4601 568 4676 διδ]
586 4611 615 4669 -1-
628 4605 707 4674 μόνης
718 4623 764 4670 της
776 4602 847 4659 cm.
919 4617 962 4676 27.
980 4603 1021 4658 καί
1034 4599 1094 4674 αλλ]
1111 4609 1140 4669 †
1155 4602 1183 4658 ίν
1195 4601 1228 4658 Ε.

676 4703 769 4767 ιιι
