3274 5118
317 325 383 387 562
621 323 661 388 B.
685 321 893 387 CYRILLI
924 320 1211 386 ALEXANDR.
1424 339 1479 380 xv.
1493 331 1525 397 7.

319 485 512 586 νοουμένην
535 489 617 588 ἡμῖν
639 487 877 568 ύπαινίττεται
906 486 1029 587 τομὴν,
1056 493 1085 566 εί
1114 489 1172 566 καὶ
1199 483 1250 584 μὴ
1279 487 1327 567 ὡς
1355 481 1526 582 ἀμπέλου

220 645 226 658 ·
267 643 274 658 ·
319 609 440 716 τυχόν,
466 613 559 690 οὕτω
587 611 707 713 λέγων
735 622 757 658 “
768 609 845 692 Ἴδε
877 613 940 691 οὖν
967 612 1199 716 χρηστότητα
1230 611 1289 689 καὶ
1320 605 1526 702 ἀποτομίαν

319 744 342 782 “
361 739 470 814 Θεοῦ·
499 738 557 816 ε’πὶ
573 735 638 833 μίν
656 734 737 820 τοὺς
755 735 936 820 πεσόντας
956 733 1152 835 ἀποτομὴν,
1166 736 1223 814 ε’πὶ
1242 732 1280 812 δὲ
1298 730 1344 810 σί
1362 729 1525 834 χρηστό-

320 867 341 906 “
359 891 459 957 τητα,
492 857 554 938 ἐὰν
586 861 763 965 ἐπιμείνῃς
794 865 839 965 τῇ
871 859 1105 964 χρηστότητι·
1148 861 1222 939 ἐπεὶ
1253 857 1311 936 καὶ
1339 851 1392 933 σύ
1422 854 1524 931 ἐκκο-

319 992 341 1030 ιι
359 980 496 1088 πήσῃῇ·

284 1149 307 1214 b

289 1275 397 1348 7Ἐιίν
422 1282 552 1360 μείνιιτε
577 1281 613 1348 ἐν
640 1281 712 1359 ἐμοί
740 1282 793 1346 καί
820 1283 859 1347 τὰ
886 1281 1017 1370 ῥήματά
1044 1304 1106 1358 μου
1132 1281 1168 1346 ὲν
1192 1275 1265 1358 ὑμῖν
1290 1275 1434 1369 μείνη,ὃ
1461 1277 1522 1341 ἑδν
1631 1311 1632 1326 ι

560 1408 676 1473 θὲλιιτε
703 1404 884 1488 αἰτιίσεσθε,
911 1408 964 1472 καί
992 1409 1161 1481 τενιίσεται
1187 1401 1271 1482 ὑμῖν.

372 1577 492 1682 Ῥίζαν
514 1577 669 1658 ἔσεσθαί
694 1585 811 1683 φησιν
833 1578 1009 1675 εὐμενείας
1037 1579 1156 1662 αὐτοῖς
1182 1581 1246 1676 τῆς
1271 1573 1454 1672 ἀνωτάτω,
1477 1573 1523 1653 τὸ

316 1707 624 1804 προσκολλᾶσθαι
652 1707 774 1808 φιλεῖν
798 1700 1024 1801 άδιατμήτως
1050 1703 1156 1808 αύτῷ,
1174 1703 1232 1781 καί
1261 1698 1460 1806 φυλάττειν
1482 1700 1524 1776 ε’ν

317 1829 377 1930 νῷ,
397 1824 559 1928 καθάπερ
577 1824 657 1904 τινὰ
674 1825 980 1928 παρακαταθήκην
998 1825 1096 1906 θείαν
1113 1860 1153 1904 τε
1178 1827 1236 1904 καί
1259 1820 1520 1920 πνευματικὴν,
1539 1849 1576 1888 ¹0

316 1946 382 2047 τὴν
401 1948 716 2056 άκραιφνεστάτην
734 1956 807 2029 τῶν
825 1950 1067 2051 εύαγγελικῶν
1085 1945 1345 2044 παιδευμάτων,
1365 1949 1424 2025 καί
1448 1953 1524 2024 τῶν

286 2073 436 2177 σε’πίτῇ
458 2074 580 2152 πίστει
603 2071 795 2176 δογμάτων
814 2071 881 2173 τὴν
899 2075 1019 2172 ἀληθῆ
1044 2107 1083 2152 τε
1109 2071 1221 2154 ὅντως
1238 2071 1440 2167 παίδευσιν,
1461 2071 1523 2148 καί

316 2196 543 2298 είλικρινέσιν
575 2198 723 2280 ἐννοίαις
755 2197 1073 2301 κατωχυρωμένην.
1127 2198 1164 2274 ἐν
1196 2193 1269 2298 γὰρ
1302 2192 1346 2292 δὴ
1378 2191 1523 2277 τούτοις

315 2320 399 2420 ἡμῖν
426 2319 574 2419 σύμπας
602 2319 648 2400 ἂν
676 2320 728 2420 εἴη
756 2329 819 2400 τοῦ
849 2325 1016 2424 Σωτῆρος
1044 2322 1064 2400 ό
1092 2317 1214 2421 λόγος,
1236 2323 1266 2398 εί
1294 2315 1358 2397 τὸν
1382 2319 1422 2396 ε’ν
1446 2324 1523 2400 τοῖς

315 2444 536 2545 εὐαγγελίοις
563 2448 803 2547 περιαθρῆσαι
831 2442 974 2524 σκοπόν
1003 2443 1218 2543 θελήσομεν.
1267 2437 1310 2520 τὸ
1341 2439 1414 2543 γὰρ
1445 2447 1522 2524 τοῖς
1537 2469 1571 2527 ¹5
1631 2523 1632 2526 ,

315 2571 478 2646 αἰτοῦσιν
505 2569 683 2666 ἀμελλητὶ
716 2565 890 2666 διανέμειν
920 2564 966 2645 τὰ
998 2565 1119 2668 ἀγαθοὶ
1151 2561 1522 2666 κατεπαγγέλλεσθαι

315 2687 380 2768 τὸν
397 2688 571 2792 Χριστὸν,
597 2697 674 2774 πῶς
702 2692 781 2794 οὐχί
806 2699 913 2770 τοῦτο
940 2693 999 2770 καί
1027 2685 1129 2788 μάλα
1156 2696 1288 2796 σαφῶς
1315 2691 1523 2790 ἐγγυᾶσθαι

316 2811 508 2918 φήσομεν;
544 2813 582 2892 τί
609 2812 647 2892 δὲ
680 2813 724 2912 δὴ
756 2813 927 2909 βούλεται
959 2813 1050 2916 πρὸς
1081 2813 1220 2898 τούτοις
1250 2813 1334 2912 ἡμῖν
1361 2815 1423 2892 καί
1455 2820 1522 2892 τοῦ

315 2936 430 3038 λόγου
455 2935 496 3016 τὸ
522 2934 675 3040 ἀκριβὲς,
691 2939 878 3040 ἐρευνῆσαι
904 2943 976 3018 δεῖν
1001 2936 1264 3037 ὑπολαμβάνω.
1312 2935 1369 3017 ἐδιν
1393 2936 1527 3041 μείιητέ

316 3067 432 3164 φησιν
452 3061 480 3140 ἑν
500 3062 571 3166 ε’μιί
603 3069 662 3142 καί
692 3059 738 3141 τά
765 3060 901 3170 ῥήματά
923 3098 989 3165 μου
1013 3062 1043 3141 ἑν
1067 3065 1140 3166 ὑμῖν
1164 3063 1298 3176 μείνη,δ
1328 3058 1384 3140 εἰὶν
1406 3058 1520 3140 θέλετε
1535 3089 1574 3131 ²0

282 3185 467 3277 δαίτῆσετε
494 3191 553 3264 καί
576 3187 752 3286 γενήσεται
771 3189 857 3289 ὑμῖν.
899 3183 1044 3292 ἐφικτὸν
1063 3185 1134 3288 γὰρ
1163 3183 1258 3267 όλως
1285 3185 1363 3282 δοίη
1390 3217 1445 3266 τις
1474 3181 1520 3262 ἂν

316 3306 357 3386 τὸ
385 3307 498 3405 με’νειν
516 3309 553 3387 ἐν
573 3313 726 3418 Χριστῷ
754 3307 945 3406 δύνασθαι,
967 3307 1018 3409 μὴ
1043 3308 1115 3409 μὴν
1136 3308 1229 3412 ἔχειν
1257 3311 1295 3387 ε’ν
1317 3307 1431 3413 ἑαυτῷ
1459 3309 1520 3386 καί

315 3429 397 3513 τοὺς
416 3433 524 3510 αὐτοῦ
542 3429 692 3532 λόγους;
714 3435 769 3512 ναί
789 3431 844 3532 δὴ,
865 3439 971 3539 φαῖεν
988 3432 1060 3536 γὰρ
1078 3432 1122 3512 ἂν
1137 3429 1280 3516 είκότως
1293 3437 1326 3510 αί
1340 3429 1518 3536 φρονήσει

315 3553 618 3656 διαπρεπέστεροι.
655 3555 912 3656 διαμεμνήσθω
936 3555 1008 3660 γὰρ
1035 3559 1056 3638 ὁ
1083 3555 1267 3661 φιλήκοος,
1286 3555 1340 3636 ’ότι
1365 3555 1430 3634 τὸν
1453 3559 1518 3653 τῆς

315 3680 365 3759 είς
392 3677 558 3779 Χριστὸν
585 3677 728 3778 ἀγάπης
756 3681 1018 3782 διερευνώμενοι
1046 3679 1191 3790 τρόπον,
1221 3681 1275 3764 τίς
1302 3713 1340 3758 τε
1373 3679 1425 3777 εἴη
1458 3681 1516 3758 καί
1533 3713 1570 3773 ²5

315 3799 412 3884 ὅπως
437 3799 480 3880 ἂν
498 3800 637 3904 γε’νοιτο
664 3810 784 3887 καλῶς
810 3803 1063 3908 δοκιμάζοντες,
1087 3804 1208 3902 διττὴν
1231 3804 1401 3905 ε’λέγομεν
1424 3804 1517 3908 ἔχειν

147 3913 229 4042 ἓξὲξ
317 3923 413 4017 ὁδὸν,
434 3928 528 4033 φημὶ
548 3922 586 4006 δὲ
605 3925 671 4026 τὴν
689 3926 747 4006 διὰ
765 3929 937 4026 πίστεως,
960 3933 1024 4028 τῆς
1042 3925 1134 4008 κατά
1150 3962 1184 4007 τι
1200 3935 1290 4030 γοῦν
1308 3927 1518 4007 ἀνυπαιτίου

146 4043 204 4110 ⁸⁶⁷·
316 4056 513 4148 παντελῶς,
539 4053 596 4130 καί
624 4055 687 4152 τῆς
716 4053 791 4131 κατ’
812 4053 988 4155 ἐνέργειαν
1010 4056 1217 4157 πρακτικῆς,
1236 4050 1260 4150 ἣ
1286 4053 1344 4130 καί
1369 4049 1429 4130 διὰ
1452 4055 1517 4150 τῆς

286 4182 524 4278 εείλικρινοῦς
561 4173 703 4278 ἀγάπης
739 4177 1037 4279 παρεισκρίνεται.
1090 4177 1182 4281 ἔχειν
1212 4175 1249 4256 δί
1287 4177 1398 4259 οὕτως
1432 4175 1518 4274 ἡμῖν

353 4426 377 4464 1.
395 4409 513 4479 ιίμπίλου
525 4409 589 4464 EAE.
604 4409 655 4466 Ed.
669 4430 725 4484 mg.
738 4412 855 4480 δμπελον
868 4412 919 4468 Ed.
1070 4431 1097 4485 3.
1115 4413 1248 4484 ιίποτομην
1261 4413 1294 4467 Ε.
1306 4413 1451 4480 ἀποτομίαν
1463 4413 1516 4469 Ed.

332 4480 386 4560 ..ἕν
398 4479 446 4552 νῷ]
461 4481 488 4536 ε’ν
499 4477 521 4553 ᾧ
533 4480 596 4550 (sic)
610 4480 642 4535 E.
750 4499 792 4538 το.
811 4507 861 4553 μου
873 4501 927 4538 om.
941 4483 973 4538 E.
1026 4482 1116 4540 θέλετε
1129 4484 1209 4539 habet
1224 4483 1254 4538 E.
1267 4482 1360 4553 θίλητε
1372 4482 1516 4553 αίτήσεσθε

348 4567 418 4618 lgne.
527 4567 569 4605 21.
587 4551 711 4622 γενησετε
725 4551 757 4606 Ε.
