3274 5118
110 367 164 410 xv.
180 365 230 416 20.
300 348 356 414 IN
387 349 424 414 S.
445 349 700 416 JOANNEM.
745 347 842 415 ΙιΙΒ.
866 349 907 416 Χ.
953 352 1127 418 CARII.
1249 348 1312 414 591

110 516 323 618 κηρύγματι,
342 516 406 598 τὸν
424 525 629 626 σωφρονεῖν
646 519 885 600 ἀναπείθοντα
903 517 1169 604 διακωλύοντας
1187 512 1315 618 λόγον,

110 640 365 745 ἀνωφελήτους
392 645 454 724 εἰῖιν
480 641 562 728 τοῦς
590 641 846 746 ἀκροωμένους,
868 642 1160 747 παριππεύοντας
1188 637 1227 720 δὲ
1255 641 1349 724 καὶῙ)

109 761 157 842 τὰ
185 767 223 844 ἐκ
251 775 315 847 τοῦ
342 772 530 866 μισεῖσθαι
556 763 738 850 πολλάκις
762 765 919 865 ἐσόμενα
946 766 1075 868 βλάβη
1106 769 1222 871 γοργῇ
1256 763 1315 842 καὶ

109 887 354 999 ἀνυποστόλιρ
382 893 581 995 κεχρῆσθαι
612 896 659 994 τῇ
689 897 898 998 συμβουλῇ,
928 889 1040 992 μηδὲν
1067 889 1110 972 τδ
1142 885 1316 992 παράπαν

73 1028 95 1090 5
111 1012 374 1116 ὑφορωμένους,
390 1015 503 1118 ἤγουν
519 1013 816 1120 προύργιαίτερόν
833 1049 868 1096 τι
887 1015 1137 1119 λογιζομένους
1154 1020 1219 1093 τοῦ
1242 1015 1315 1091 δεῖν

110 1134 240 1238 ἀρέσαι
270 1142 365 1245 Θεῷ.
421 1135 442 1217 δ
475 1137 520 1239 δὴ
552 1141 610 1220 καὶ
645 1143 796 1224 Παῦλος
827 1140 962 1246 ἀριστα
993 1145 1188 1243 κατορθῶν,
1220 1136 1314 1216 ούτω

111 1257 244 1364 γράφει
263 1260 407 1365 “”Αρτι
429 1260 501 1365 γάρ
526 1263 735 1366 ἀνθρώπους
758 1265 870 1344 πείθω
893 1261 917 1366 ἢ
942 1263 1006 1344 τὸν
1024 1261 1145 1361 Θεόν;
1179 1258 1314 1364 ἢζητῶ
1358 1243 1442 1362 {2¹³¹

111 1393 135 1430 “
152 1385 355 1487 ἀνθρώποις
377 1387 541 1490 ἀρέσκειν
553 1419 564 1486 3
595 1392 625 1467 εί
650 1387 702 1467 έτι
726 1387 927 1491 ἀνθριύποις
954 1387 1127 1490 ἤρεσκον,
1147 1391 1317 1489 Χριστοῦ

112 1517 134 1554 “
153 1511 283 1592 δοῦλος
310 1511 375 1590 οῦκ
401 1507 447 1590 ἀν
473 1507 599 1611 ἤμην.”
637 1512 680 1590 ού
710 1509 783 1614 γάρ
815 1513 916 1592 ἐστιν
943 1513 1008 1592 ούκ
1038 1510 1118 1591 ἔστι
1145 1515 1316 1610 πονηροῖς

55 1661 98 1704 ιο
111 1630 278 1732 ἀρέσκειν
295 1638 354 1714 καὶ
374 1639 469 1743 Θεφ·
499 1641 577 1719 πιῦς
603 1632 675 1738 γάρ
699 1631 815 1715 ἀνίοι
839 1634 932 1716 κατά
956 1633 1088 1716 ταύτῦν
1109 1630 1312 1742 ἀμφύτερα,

110 1751 210 1835 πολύ
231 1789 266 1836 τι
291 1761 339 1841 είς
364 1757 600 1858 ἀνομοιότητα
626 1757 861 1866 διῳκισμένης
885 1763 950 1859 τῆς
972 1761 1010 1839 έν
1028 1758 1182 1866 ἑκατέρῳ
1200 1753 1346 1856 θελή-θ

111 1912 232 1976 σεως;
264 1879 286 1980 ἡ
312 1878 377 1979 μέν
399 1881 472 1986 γάρ
499 1887 547 1967 είς
575 1880 759 1983 ἀρετὴυ,ἡ
788 1881 826 1962 δὲ
853 1887 902 1966 είς
929 1881 1144 1990 φαυλότητα
1170 1879 1312 1976 βλέπει.

111 2000 176 2082 τόν
194 2002 265 2106 ἀρα
282 2005 514 2107 μονοτρόπως
532 2003 704 2086 ἐθέλοντα
726 2003 906 2086 δουλεύειν
923 2011 974 2112 τῷ
993 2009 1087 2114 Θεῷ,
1106 2008 1165 2085 καὶ
1183 2008 1248 2103 τῆς
1265 2009 1316 2088 είς

112 2126 222 2206 αὐτὸν
259 2129 442 2226 εὐσεβείας
479 2127 580 2209 οὐδέν
616 2128 759 2208 τιθέντα
799 2127 842 2209 τὸ
885 2128 1040 2229 ἀμεινον,
1077 2126 1318 2232 προσκρούειν

57 2271 99 2333 15
113 2248 251 2354 ἀνάγκη
278 2259 353 2337 τοῖς
380 2256 553 2355 ἀγαπῶσι
580 2250 643 2332 τὸν
671 2249 822 2351 κόσμον,
850 2251 937 2333 ὅταν
965 2252 1139 2358 ἀναπείθῃ
1169 2256 1316 2358 φρονεῖν

111 2373 158 2456 τά
175 2381 240 2476 τῆς
258 2385 322 2457 τοῦ
340 2375 481 2477 κόσμου
497 2375 691 2478 βδελυρίας
708 2375 914 2482 ἐκφέροντα.
948 2375 1226 2486 δυσφορῶτατοι
1243 2371 1316 2478 γάρ

112 2505 188 2584 τοῖς
219 2491 428 2606 φιληδόνοις
460 2506 496 2580 αῖ
528 2497 620 2603 πρὸς
656 2499 776 2604 ἕτερόν
808 2535 844 2580 τι
874 2509 1055 2582 καλοῦσαι
1086 2501 1313 2599 συμβουλαὶ,

114 2623 276 2728 καθάπερ
303 2621 427 2723 ἀμέλει
451 2628 608 2709 καὶτοῖς
633 2623 702 2705 ύττδ
727 2625 865 2706 τούτων
891 2633 964 2706 τιῦν
986 2631 1115 2708 παθιῦν
1137 2622 1179 2704 τὸ
1205 2629 1315 2722 σῶμα

114 2748 385 2856 διεφθαρμένοις
402 2745 449 2829 τά
465 2749 637 2855 ε’πωφελῆ
656 2750 714 2828 καί
731 2748 907 2830 δάκνοντα
924 2755 998 2830 τιῦν
1015 2746 1269 2850 βοηθημάτων.
1327 2746 1347 2812 d

60 3003 347 3084 υοδλνυμονεῦετε
376 3014 434 3073 τοῦ
466 3009 563 3083 λότου
594 3003 631 3073 οὗ
665 3008 732 3082 ὲτὼ
766 3001 859 3073 εἷπον
890 3002 963 3084 ὑμῖν
995 3005 1062 3072 Οὐκ
1093 3005 1163 3072 ἔστι
1193 3003 1314 3072 δοῦλος
1329 3021 1368 3063 ²0

165 3129 281 3221 μείζων
299 3137 356 3198 τοῦ
376 3131 487 3222 κυρίου
505 3133 615 3199 αὐτοῦ·
640 3129 669 3198 εἰ
693 3132 751 3209 ἐμὲ
772 3130 925 3213 ἐδίωξαν,
944 3132 998 3197 καὶ
1021 3131 1105 3208 ὑμῦο
1130 3129 1312 3200 διώξουσιν·

167 3253 195 3322 εἰ
217 3257 273 3324 τὸν
296 3258 393 3333 κότον
414 3279 476 3335 μου
498 3259 672 3347 ἑτιίριιοον,
696 3258 749 3322 καί
774 3256 831 3325 τὸν
854 3257 1012 3346 ὑμέτερον
1034 3257 1221 3346 τηρήσουσι

173 3431 445 3540 Προαποδείξας
468 3431 507 3510 εῦ
530 3428 633 3530 μάλα
658 3433 716 3510 καὶ
733 3425 775 3510 τό
792 3435 982 3530 μισεῖσθαι
1000 3429 1125 3530 καλὸν,
1144 3429 1242 3534 ε’ίπερ
1260 3429 1314 3531 ε’ίη

117 3559 175 3640 καὶ
202 3555 329 3639 τούτου
357 3551 490 3660 καιρός·
528 3552 689 3664 φορητὸν
716 3553 787 3658 γὰρ
814 3555 918 3657 ἀγαν,
945 3561 1092 3653 μᾶλλον
1119 3552 1158 3636 δέ
1184 3550 1310 3658 τριπό·

63 3723 103 3784 ²5
118 3689 237 3783 θητου,
257 3681 345 3784 ὅπερ
373 3679 417 3759 ἀν
438 3679 624 3785 συμβαίνῃ
653 3675 711 3758 διά
734 3677 839 3777 Θεὸν,
857 3675 1192 3782 παραποδισμάτωυ
1210 3679 1346 3777 ἀμεί·θ

118 3841 198 3892 νους
216 3804 428 3909 ἐργάζεσθαι
446 3801 652 3902 δυνάμενον·
683 3809 923 3908 προσαναιρεῖ
943 3800 987 3904 δὴ
1013 3801 1201 3908 χρησίμοις
1227 3800 1315 3902 ὅπερ

116 3925 209 4009 οἶδεν
245 3931 294 4014 ὡς
329 3925 423 4012 Θεὸς
465 3927 701 4028 κατοκνήσειν
737 3929 930 4008 ἀναπεῖθον
965 3925 1093 4011 αύτούς
1136 3923 1229 4029 πρός
1271 3925 1316 4006 τῦ

116 4051 263 4158 σφόδρα
287 4052 536 4134 συντείνεσθαι
561 4047 681 4132 θέλειν
705 4051 786 4154 περὶ
814 4051 856 4130 τὸ
883 4054 1013 4156 χρῆναι
1040 4047 1225 4152 κηρύττειν
1250 4043 1316 4128 τόν

116 4176 279 4280 οὐράνιον
302 4173 430 4278 λόγον.
470 4173 642 4276 ἑπόμενον
660 4173 733 4280 γάρ
760 4175 818 4256 έπὶ
845 4171 942 4254 πολῦ
970 4179 1045 4257 τοῖς
1070 4178 1118 4258 είς
1143 4171 1185 4253 τὸ
1212 4170 1312 4254 διδά-

65 4347 104 4404 30
117 4333 217 4382 σκειν
252 4297 599 4405 προκεχειρισμένοις
634 4297 676 4379 τῦ
714 4297 948 4402 ἀτιμάζεσθαι
985 4299 1044 4377 καὶ
1086 4295 1311 4412 κινδυνεύειν,

152 4512 179 4568 8.
197 4509 354 4583 apinam.
495 4509 537 4568 1⁶.
554 4513 828 4582 τοῦιιυυιιιριιυοοι
841 4507 876 4565 Ε.
1019 4507 1061 4562 ιδ.
1078 4504 1237 4563 τούτωντόν
1265 4505 1316 4564 la-

118 4581 408 4654 μσιιθιιιιιιιετουτῦνῖ
481 4597 524 4637 20.
543 4581 594 4652 ίγὸ
606 4598 660 4638 om.
675 4579 707 4637 Ε.
780 4577 824 4636 26.
842 4577 1226 4649 προσαναιρεῖδιιτροσανερεῖ
1283 4617 1290 4634 .
