3238 5114
331 270 395 332 716
635 271 672 332 B.
698 268 909 333 CYRILLI
940 265 1228 332 ALEXANDR.
1319 262 1400 327 xvii.
1415 260 1468 337 16,
1485 275 1537 338 17.

162 437 276 552 ξξῑξζὶιξίό
331 435 549 588 φαινώμεθα,
569 437 633 516 οὐκ
655 435 861 538 ἀρνούμενοι
880 435 945 534 τὴν
963 437 1002 513 ἐν
1019 432 1145 542 κύσμιρ
1164 432 1315 534 γε’νεσιν·
1350 433 1393 510 ἐκ
1409 437 1537 530 πηλοῦ

296 557 402 662 ἀγὰρ
428 564 461 638 οἱ
488 558 618 644 πάντες
650 563 709 638 καὶ
736 561 774 639 ἐκ
806 563 872 665 γῆς
905 559 1147 662 διηρτίσμεθα,
1176 555 1267 638 κατὰ
1294 553 1337 638 τὸ
1370 589 1535 658 γεγραμ-

329 683 449 782 μένον·
483 688 528 789 τῇ
557 681 596 763 δε
623 689 696 763 τῶν
714 683 830 786 ἔργων
847 682 1023 782 ποιότητι,
1044 686 1109 782 τῆς
1135 688 1208 761 τῶν
1227 683 1265 760 ἐν
1283 680 1412 832 κύρμιρ
1443 678 1535 781 ζωῆς

329 806 658 910 παραλλάττοντες.
708 815 983 912 περιπατοῦντες
1018 841 1090 911 γαρ
1127 808 1184 888 ε’πὶ
1220 810 1287 908 γῆς
1318 807 1357 886 ἐν
1390 805 1535 910 οὐρανῷ

330 930 639 1012 πολιτεύονται
595 966 659 1032 της
678 933 715 1012 ε’ν
733 935 886 1039 Χριστῷ
903 931 1186 1037 σνμμορφίας
1155 964 1189 1010 οι
1206 930 1370 1033 ἐρασταί.
1546 957 1562 1014 5

386 1055 607 1154 Σημειωτίον
629 1053 667 1136 δὲ
690 1053 814 1152 πάλιν,
833 1053 888 1134 ὅτι
910 1053 954 1154 δὴ
976 1051 1125 1162 σφόδρα
1148 1055 1335 1160 χρησίμως
1364 1051 1477 1156 θἰμιον
1495 1054 1534 1130 ἐν

328 1177 466 1264 τούτοις
489 1181 668 1260 ἀποκαλεῖ
685 1177 749 1260 τὸν
769 1177 925 1281 Πατέρα,
948 1180 1138 1283 μονονουχὶ
1160 1181 1218 1258 καὶ
1244 1175 1533 1277 ὑπομιμνήσκων

329 1302 447 1400 αὐτὸν,
467 1301 522 1382 ὅτι
539 1337 608 1406 περ
625 1299 726 1407 ἅγιος
747 1301 797 1382 ὧν
818 1310 892 1388 τοῖς
916 1303 1030 1401 ἁγίοις
1048 1301 1229 1409 ἐφήδεται.
1263 1298 1367 1403 ἅγιον
1390 1301 1431 1381 δὲ
1457 1308 1534 1382 πᾶν

329 1425 417 1530 ὅπερ
454 1424 498 1506 θιν
529 1426 693 1533 φαίνοιτο
723 1430 787 1526 τῆς
820 1429 858 1506 ἐν
888 1425 1016 1535 κόσμιρ
1052 1431 1197 1526 κηλῖδος
1230 1425 1533 1528 ἀπηλλαγμένον,

329 1551 418 1654 ὅπερ
454 1553 533 1630 ε’στὶ
568 1555 732 1656 φυσικῶς
769 1549 835 1650 μὲν
866 1553 904 1630 ἒν
932 1554 1086 1658 Χριστῷ
1122 1551 1203 1630 καθ’
1237 1550 1434 1650 ὁμοιότητα
1465 1558 1532 1629 τοῦ
1548 1583 1577 1622 ιο

330 1673 486 1777 Πατρὸς,
517 1671 723 1774 εἰσποιητὸν
760 1673 797 1754 δὲ
835 1677 895 1755 καὶ
927 1673 1188 1779 είσκεκριμένον
1223 1675 1262 1754 ἐν
1297 1680 1372 1756 τοῖς
1411 1674 1533 1775 ἁγίοις

328 1805 512 1898 μαθηταῖς,
531 1797 591 1878 διά
618 1833 656 1878 τε
681 1807 746 1878 τοῦ
771 1798 863 1878 κατὰ
885 1797 992 1904 χάριν
1013 1801 1198 1902 ἁγιασμοῦ
1220 1802 1278 1878 καὶ
1303 1803 1369 1898 τῆς
1396 1801 1438 1877 ἐν
1461 1801 1532 1906 βίιρ

329 1918 567 2028 φαιδρύτητος
588 1923 645 2002 καὶ
670 1922 862 2006 ἐπιεικείας·
900 1922 1097 2003 πλάττοιτο
1121 1921 1194 2026 γὰρ
1218 1919 1263 2002 ἂν
1288 1919 1381 2026 πρὸς
1411 1921 1533 2002 εἰκόνα

328 2081 382 2132 τις
400 2047 494 2126 οὕτω
512 2045 577 2146 τὴν
596 2045 694 2127 θείαν
712 2049 769 2126 καὶ
789 2044 1040 2150 ὑπερκόσμιον.

811 2253 835 2291 1.
853 2235 999 2320 ἀρνούμεθα
1011 2237 1044 2292 Ε.
