<?xml version="1.0" encoding="UTF-8"?>
<!DOCTYPE html PUBLIC "-//W3C//DTD XHTML 1.0 Transitional//EN"
    "http://www.w3.org/TR/xhtml1/DTD/xhtml1-transitional.dtd">
<html xmlns="http://www.w3.org/1999/xhtml" xml:lang="en" lang="en">
 <head>
  <title>
</title>
<meta http-equiv="Content-Type" content="text/html;charset=utf-8" />
  <meta name='ocr-system' content='tesseract 3.04.00' />
  <meta name='ocr-capabilities' content='ocr_page ocr_carea ocr_par ocr_line ocrx_word'/>
</head>
<body>
  <div class='ocr_page' id='page_1' title='image "./sanctipatrisnos02pusegoog_0258.png"; bbox 0 0 3142 5118; ppageno 0'>
   <div class='ocr_carea' id='block_1_1' title="bbox 331 295 1511 401">
    <p class='ocr_par' dir='ltr' id='par_1_1' title="bbox 331 295 1511 401">
     <span class='ocr_line' id='line_1_1' title="bbox 331 295 1511 401; baseline -0.007 -15"><span class='ocrx_word' id='word_1_1' title='bbox 331 323 397 386; x_wconf 72' lang='grc' dir='ltr'>αις</span> <span class='ocrx_word' id='word_1_2' title='bbox 635 321 675 386; x_wconf 81' lang='grc' dir='ltr'>Β.</span> <span class='ocrx_word' id='word_1_3' title='bbox 699 321 904 386; x_wconf 71' lang='lat' dir='ltr'>onum</span> <span class='ocrx_word' id='word_1_4' title='bbox 935 295 1225 384; x_wconf 67' lang='lat' dir='ltr'><strong>ALE&#39;XANDR.</strong></span> <span class='ocrx_word' id='word_1_5' title='bbox 1365 333 1511 401; x_wconf 80' lang='lat' dir='ltr'>x.19-21.</span> 
     </span>
    </p>
   </div>
   <div class='ocr_carea' id='block_1_2' title="bbox 175 483 1521 4066">
    <p class='ocr_par' dir='ltr' id='par_1_2' title="bbox 333 483 1513 596">
     <span class='ocr_line' id='line_1_2' title="bbox 333 483 1513 596; baseline -0.004 -29"><span class='ocrx_word' id='word_1_6' title='bbox 333 487 416 568; x_wconf 84' lang='grc' dir='ltr'>καθ’</span> <span class='ocrx_word' id='word_1_7' title='bbox 446 487 539 587; x_wconf 78' lang='grc' dir='ltr'>ἡμᾶς</span> <span class='ocrx_word' id='word_1_8' title='bbox 566 486 735 594; x_wconf 82' lang='grc' dir='ltr'>κέχρηται</span> <span class='ocrx_word' id='word_1_9' title='bbox 764 487 878 596; x_wconf 77' lang='grc' dir='ltr'>λόγῳ.</span> <span class='ocrx_word' id='word_1_10' title='bbox 915 486 1169 592; x_wconf 80' lang='grc' dir='ltr'>κατασχίζεται</span> <span class='ocrx_word' id='word_1_11' title='bbox 1195 485 1315 564; x_wconf 80' lang='grc' dir='ltr'>τοίνυν</span> <span class='ocrx_word' id='word_1_12' title='bbox 1340 488 1413 563; x_wconf 82' lang='grc' dir='ltr'>τῶν</span> <span class='ocrx_word' id='word_1_13' title='bbox 1436 483 1513 562; x_wconf 92' lang='grc' dir='ltr'>Ἰου-</span> 
     </span>
    </p>

    <p class='ocr_par' dir='ltr' id='par_1_3' title="bbox 333 607 1513 712">
     <span class='ocr_line' id='line_1_3' title="bbox 333 607 1513 712; baseline -0.005 -22"><span class='ocrx_word' id='word_1_14' title='bbox 333 609 442 690; x_wconf 82' lang='grc' dir='ltr'><strong><em>δαίων</em></strong></span> <span class='ocrx_word' id='word_1_15' title='bbox 461 612 481 691; x_wconf 87' lang='grc' dir='ltr'>ό</span> <span class='ocrx_word' id='word_1_16' title='bbox 500 615 624 712; x_wconf 81' lang='grc' dir='ltr'>δῆμος·</span> <span class='ocrx_word' id='word_1_17' title='bbox 662 614 720 691; x_wconf 82' lang='grc' dir='ltr'>καὶ</span> <span class='ocrx_word' id='word_1_18' title='bbox 746 617 780 691; x_wconf 87' lang='grc' dir='ltr'>οί</span> <span class='ocrx_word' id='word_1_19' title='bbox 804 610 879 711; x_wconf 75' lang='grc' dir='ltr'>μέν,</span> <span class='ocrx_word' id='word_1_20' title='bbox 902 608 1003 691; x_wconf 82' lang='grc' dir='ltr'>οάδέν</span> <span class='ocrx_word' id='word_1_21' title='bbox 1021 609 1255 711; x_wconf 84' lang='grc' dir='ltr'>ἐννοήσαντες</span> <span class='ocrx_word' id='word_1_22' title='bbox 1273 607 1369 692; x_wconf 87' lang='grc' dir='ltr'>όλως</span> <span class='ocrx_word' id='word_1_23' title='bbox 1386 612 1453 685; x_wconf 82' lang='grc' dir='ltr'>τῶν</span> <span class='ocrx_word' id='word_1_24' title='bbox 1469 608 1513 685; x_wconf 86' lang='grc' dir='ltr'>ἐπ’</span> 
     </span>
    </p>

    <p class='ocr_par' dir='ltr' id='par_1_4' title="bbox 334 731 1521 965">
     <span class='ocr_line' id='line_1_4' title="bbox 334 731 1515 842; baseline -0.004 -29"><span class='ocrx_word' id='word_1_25' title='bbox 334 735 431 842; x_wconf 76' lang='grc' dir='ltr'>αὐτῷ</span> <span class='ocrx_word' id='word_1_26' title='bbox 453 736 672 839; x_wconf 79' lang='grc' dir='ltr'>μυστηρίων,</span> <span class='ocrx_word' id='word_1_27' title='bbox 691 736 846 820; x_wconf 91' lang='grc' dir='ltr'>ἀνοσίως</span> <span class='ocrx_word' id='word_1_28' title='bbox 873 735 1092 839; x_wconf 80' lang='grc' dir='ltr'>ὑβρίζουσιν·</span> <span class='ocrx_word' id='word_1_29' title='bbox 1123 740 1156 814; x_wconf 86' lang='grc' dir='ltr'>οῖ</span> <span class='ocrx_word' id='word_1_30' title='bbox 1182 735 1218 815; x_wconf 87' lang='grc' dir='ltr'>δέ</span> <span class='ocrx_word' id='word_1_31' title='bbox 1241 731 1308 833; x_wconf 80' lang='grc' dir='ltr'>τὴν</span> <span class='ocrx_word' id='word_1_32' title='bbox 1327 731 1403 836; x_wconf 83' lang='grc' dir='ltr'>ἕξιν</span> <span class='ocrx_word' id='word_1_33' title='bbox 1419 732 1515 810; x_wconf 85' lang='grc' dir='ltr'>ἐπιει-</span> 
     </span>
     <span class='ocr_line' id='line_1_5' title="bbox 336 851 1521 965; baseline -0.002 -26"><span class='ocrx_word' id='word_1_34' title='bbox 336 858 497 963; x_wconf 85' lang='grc' dir='ltr'>κέστεροι</span> <span class='ocrx_word' id='word_1_35' title='bbox 518 861 716 965; x_wconf 76' lang='grc' dir='ltr'>προχείρως</span> <span class='ocrx_word' id='word_1_36' title='bbox 733 861 775 939; x_wconf 82' lang='grc' dir='ltr'>οὔ</span> <span class='ocrx_word' id='word_1_37' title='bbox 794 859 1080 961; x_wconf 86' lang='grc' dir='ltr'>κατακρίνουσιν,</span> <span class='ocrx_word' id='word_1_38' title='bbox 1099 857 1378 958; x_wconf 81' lang='grc' dir='ltr'>ἀναμασώμενοι</span> <span class='ocrx_word' id='word_1_39' title='bbox 1395 853 1431 934; x_wconf 82' lang='grc' dir='ltr'>δέ</span> <span class='ocrx_word' id='word_1_40' title='bbox 1446 851 1521 937; x_wconf 86' lang='grc' dir='ltr'>τοίις</span> 
     </span>
    </p>

    <p class='ocr_par' dir='ltr' id='par_1_5' title="bbox 335 981 1521 1086">
     <span class='ocr_line' id='line_1_6' title="bbox 335 981 1521 1086; baseline -0.008 -22"><span class='ocrx_word' id='word_1_41' title='bbox 335 981 420 1086; x_wconf 89' lang='grc' dir='ltr'>παρ’</span> <span class='ocrx_word' id='word_1_42' title='bbox 440 984 548 1063; x_wconf 79' lang='grc' dir='ltr'>αὐτοῦ</span> <span class='ocrx_word' id='word_1_43' title='bbox 567 983 701 1086; x_wconf 80' lang='grc' dir='ltr'>λόγους</span> <span class='ocrx_word' id='word_1_44' title='bbox 725 986 783 1064; x_wconf 83' lang='grc' dir='ltr'>καὶ</span> <span class='ocrx_word' id='word_1_45' title='bbox 808 982 899 1083; x_wconf 88' lang='grc' dir='ltr'>μετά</span> <span class='ocrx_word' id='word_1_46' title='bbox 924 983 1111 1086; x_wconf 80' lang='grc' dir='ltr'>ἀκριβείας</span> <span class='ocrx_word' id='word_1_47' title='bbox 1129 981 1396 1086; x_wconf 78' lang='grc' dir='ltr'>βασανίζοντες,</span> <span class='ocrx_word' id='word_1_48' title='bbox 1413 983 1472 1078; x_wconf 85' lang='grc' dir='ltr'>τῆς</span> <span class='ocrx_word' id='word_1_49' title='bbox 1488 981 1521 1056; x_wconf 89' lang='grc' dir='ltr'>ἐν</span> 
     </span>
    </p>

    <p class='ocr_par' dir='ltr' id='par_1_6' title="bbox 303 1104 1521 1338">
     <span class='ocr_line' id='line_1_7' title="bbox 337 1104 1521 1211; baseline -0.006 -24"><span class='ocrx_word' id='word_1_50' title='bbox 337 1109 456 1192; x_wconf 83' lang='grc' dir='ltr'>αὐτοῖς</span> <span class='ocrx_word' id='word_1_51' title='bbox 491 1106 716 1211; x_wconf 82' lang='grc' dir='ltr'>γλυκύτητος</span> <span class='ocrx_word' id='word_1_52' title='bbox 753 1106 1047 1204; x_wconf 82' lang='grc' dir='ltr'>ἀπαισθοίνονται,</span> <span class='ocrx_word' id='word_1_53' title='bbox 1083 1106 1328 1207; x_wconf 89' lang='grc' dir='ltr'>δοκιμωτάτην</span> <span class='ocrx_word' id='word_1_54' title='bbox 1364 1137 1403 1183; x_wconf 88' lang='grc' dir='ltr'>τε</span> <span class='ocrx_word' id='word_1_55' title='bbox 1438 1104 1521 1182; x_wconf 84' lang='grc' dir='ltr'>οίπω</span> 
     </span>
     <span class='ocr_line' id='line_1_8' title="bbox 303 1229 1521 1338; baseline -0.007 -25"><span class='ocrx_word' id='word_1_56' title='bbox 303 1239 521 1313; x_wconf 79' lang='grc' dir='ltr'>δποιοῦνται</span> <span class='ocrx_word' id='word_1_57' title='bbox 547 1229 614 1331; x_wconf 80' lang='grc' dir='ltr'>τὴν</span> <span class='ocrx_word' id='word_1_58' title='bbox 639 1230 827 1336; x_wconf 82' lang='grc' dir='ltr'>διάκρισιν,</span> <span class='ocrx_word' id='word_1_59' title='bbox 851 1231 1031 1338; x_wconf 82' lang='grc' dir='ltr'>νήφοντας</span> <span class='ocrx_word' id='word_1_60' title='bbox 1059 1234 1118 1312; x_wconf 80' lang='grc' dir='ltr'>καὶ</span> <span class='ocrx_word' id='word_1_61' title='bbox 1145 1229 1325 1312; x_wconf 84' lang='grc' dir='ltr'>συνέσεως</span> <span class='ocrx_word' id='word_1_62' title='bbox 1352 1233 1416 1328; x_wconf 82' lang='grc' dir='ltr'>τῆς</span> <span class='ocrx_word' id='word_1_63' title='bbox 1441 1230 1521 1306; x_wconf 89' lang='grc' dir='ltr'>ἀνω-</span> 
     </span>
    </p>

    <p class='ocr_par' dir='ltr' id='par_1_7' title="bbox 338 1351 1521 1587">
     <span class='ocr_line' id='line_1_9' title="bbox 338 1351 1521 1458; baseline -0.007 -23"><span class='ocrx_word' id='word_1_64' title='bbox 338 1353 435 1436; x_wconf 88' lang='grc' dir='ltr'>τάτω</span> <span class='ocrx_word' id='word_1_65' title='bbox 466 1355 640 1458; x_wconf 78' lang='grc' dir='ltr'>γέμοντας</span> <span class='ocrx_word' id='word_1_66' title='bbox 675 1355 819 1458; x_wconf 87' lang='grc' dir='ltr'>λόγους,</span> <span class='ocrx_word' id='word_1_67' title='bbox 846 1362 924 1439; x_wconf 90' lang='grc' dir='ltr'>ταῖς</span> <span class='ocrx_word' id='word_1_68' title='bbox 955 1362 1029 1435; x_wconf 85' lang='grc' dir='ltr'>τῶν</span> <span class='ocrx_word' id='word_1_69' title='bbox 1057 1359 1249 1456; x_wconf 84' lang='grc' dir='ltr'>δαιμονίων</span> <span class='ocrx_word' id='word_1_70' title='bbox 1275 1353 1461 1458; x_wconf 82' lang='grc' dir='ltr'>ἐλαφρίαις</span> <span class='ocrx_word' id='word_1_71' title='bbox 1488 1351 1521 1428; x_wconf 86' lang='grc' dir='ltr'>ου’</span> 
     </span>
     <span class='ocr_line' id='line_1_10' title="bbox 338 1475 1521 1587; baseline -0.003 -29"><span class='ocrx_word' id='word_1_72' title='bbox 338 1476 574 1586; x_wconf 78' lang='grc' dir='ltr'>χαριζόμενοι.</span> <span class='ocrx_word' id='word_1_73' title='bbox 615 1479 694 1564; x_wconf 82' lang='grc' dir='ltr'>ἔθος</span> <span class='ocrx_word' id='word_1_74' title='bbox 712 1478 784 1583; x_wconf 82' lang='grc' dir='ltr'>γὰρ</span> <span class='ocrx_word' id='word_1_75' title='bbox 803 1480 945 1559; x_wconf 86' lang='grc' dir='ltr'>ἐκείνων</span> <span class='ocrx_word' id='word_1_76' title='bbox 962 1481 999 1559; x_wconf 87' lang='grc' dir='ltr'>ἐν</span> <span class='ocrx_word' id='word_1_77' title='bbox 1017 1486 1069 1587; x_wconf 74' lang='grc' dir='ltr'>τῷ</span> <span class='ocrx_word' id='word_1_78' title='bbox 1086 1479 1311 1583; x_wconf 87' lang='grc' dir='ltr'>παραπαίειν,</span> <span class='ocrx_word' id='word_1_79' title='bbox 1329 1475 1372 1558; x_wconf 82' lang='grc' dir='ltr'>τὸ</span> <span class='ocrx_word' id='word_1_80' title='bbox 1392 1509 1521 1578; x_wconf 89' lang='grc' dir='ltr'>παρεμ·</span> 
     </span>
    </p>

    <p class='ocr_par' dir='ltr' id='par_1_8' title="bbox 339 1600 1521 1830">
     <span class='ocr_line' id='line_1_11' title="bbox 339 1600 1521 1706; baseline -0.005 -22"><span class='ocrx_word' id='word_1_81' title='bbox 339 1603 472 1684; x_wconf 89' lang='grc' dir='ltr'>πίπτον</span> <span class='ocrx_word' id='word_1_82' title='bbox 499 1610 639 1684; x_wconf 87' lang='grc' dir='ltr'>λαλεῖν.</span> <span class='ocrx_word' id='word_1_83' title='bbox 679 1609 712 1683; x_wconf 82' lang='grc' dir='ltr'>οἱ</span> <span class='ocrx_word' id='word_1_84' title='bbox 742 1605 805 1683; x_wconf 76' lang='grc' dir='ltr'>οὖν</span> <span class='ocrx_word' id='word_1_85' title='bbox 827 1609 1020 1706; x_wconf 83' lang='grc' dir='ltr'>Φαρισαῖοι</span> <span class='ocrx_word' id='word_1_86' title='bbox 1047 1610 1194 1704; x_wconf 81' lang='grc' dir='ltr'>μᾶλλον</span> <span class='ocrx_word' id='word_1_87' title='bbox 1220 1600 1318 1702; x_wconf 84' lang='grc' dir='ltr'>ἦσαν</span> <span class='ocrx_word' id='word_1_88' title='bbox 1345 1605 1379 1681; x_wconf 81' lang='grc' dir='ltr'>οἱ</span> <span class='ocrx_word' id='word_1_89' title='bbox 1408 1606 1521 1697; x_wconf 73' lang='grc' dir='ltr'>δαιμω</span> 
     </span>
     <span class='ocr_line' id='line_1_12' title="bbox 340 1723 1521 1830; baseline -0.001 -22"><span class='ocrx_word' id='word_1_90' title='bbox 340 1734 478 1826; x_wconf 86' lang='grc' dir='ltr'>νῶντες,</span> <span class='ocrx_word' id='word_1_91' title='bbox 498 1733 531 1808; x_wconf 85' lang='grc' dir='ltr'>οῖ</span> <span class='ocrx_word' id='word_1_92' title='bbox 548 1735 711 1809; x_wconf 85' lang='grc' dir='ltr'>τοιοῦτον</span> <span class='ocrx_word' id='word_1_93' title='bbox 730 1735 925 1812; x_wconf 85' lang='grc' dir='ltr'>καλοῦντες</span> <span class='ocrx_word' id='word_1_94' title='bbox 942 1727 1006 1808; x_wconf 84' lang='grc' dir='ltr'>τὸν</span> <span class='ocrx_word' id='word_1_95' title='bbox 1022 1724 1158 1812; x_wconf 78' lang='grc' dir='ltr'>παντὸς</span> <span class='ocrx_word' id='word_1_96' title='bbox 1181 1725 1367 1830; x_wconf 79' lang='grc' dir='ltr'>ἐλεύθερον</span> <span class='ocrx_word' id='word_1_97' title='bbox 1383 1723 1521 1807; x_wconf 80' lang='grc' dir='ltr'>πόθους</span> 
     </span>
    </p>

    <p class='ocr_par' dir='ltr' id='par_1_9' title="bbox 340 1849 1521 1958">
     <span class='ocr_line' id='line_1_13' title="bbox 340 1849 1521 1958; baseline 0.002 -26"><span class='ocrx_word' id='word_1_98' title='bbox 340 1853 400 1932; x_wconf 81' lang='grc' dir='ltr'>καὶ</span> <span class='ocrx_word' id='word_1_99' title='bbox 435 1851 638 1951; x_wconf 86' lang='grc' dir='ltr'>λελήθασιν</span> <span class='ocrx_word' id='word_1_100' title='bbox 668 1851 812 1938; x_wconf 83' lang='grc' dir='ltr'>ἐαυτοῖις</span> <span class='ocrx_word' id='word_1_101' title='bbox 840 1850 908 1952; x_wconf 82' lang='grc' dir='ltr'>τὴν</span> <span class='ocrx_word' id='word_1_102' title='bbox 935 1853 1089 1932; x_wconf 83' lang='grc' dir='ltr'>ἐνοῦσαν</span> <span class='ocrx_word' id='word_1_103' title='bbox 1118 1853 1237 1936; x_wconf 79' lang='grc' dir='ltr'>αὐτοῖς</span> <span class='ocrx_word' id='word_1_104' title='bbox 1267 1849 1521 1958; x_wconf 76' lang='grc' dir='ltr'>ἐξαγορεύοντες</span> 
     </span>
    </p>

    <p class='ocr_par' dir='ltr' id='par_1_10' title="bbox 342 1972 1521 2082">
     <span class='ocr_line' id='line_1_14' title="bbox 342 1972 1521 2082; baseline -0.002 -28"><span class='ocrx_word' id='word_1_105' title='bbox 342 1972 452 2055; x_wconf 92' lang='grc' dir='ltr'>νόσον</span> <span class='ocrx_word' id='word_1_106' title='bbox 472 1978 531 2056; x_wconf 86' lang='grc' dir='ltr'>καὶ</span> <span class='ocrx_word' id='word_1_107' title='bbox 557 1973 600 2055; x_wconf 83' lang='grc' dir='ltr'>τό</span> <span class='ocrx_word' id='word_1_108' title='bbox 628 1976 783 2081; x_wconf 89' lang='grc' dir='ltr'>συνέχον</span> <span class='ocrx_word' id='word_1_109' title='bbox 804 1972 933 2060; x_wconf 80' lang='grc' dir='ltr'>αὐτοὺς</span> <span class='ocrx_word' id='word_1_110' title='bbox 957 1973 1068 2056; x_wconf 83' lang='grc' dir='ltr'>κακὸν</span> <span class='ocrx_word' id='word_1_111' title='bbox 1090 1974 1134 2082; x_wconf 80' lang='grc' dir='ltr'>ἐξ</span> <span class='ocrx_word' id='word_1_112' title='bbox 1159 1975 1305 2078; x_wconf 88' lang='grc' dir='ltr'>ἀγνοίας</span> <span class='ocrx_word' id='word_1_113' title='bbox 1332 1974 1521 2080; x_wconf 81' lang='grc' dir='ltr'>ἐξηγεῖοθα</span> 
     </span>
    </p>

    <p class='ocr_par' dir='ltr' id='par_1_11' title="bbox 342 2096 1521 2204">
     <span class='ocr_line' id='line_1_15' title="bbox 342 2096 1521 2204; baseline -0.003 -25"><span class='ocrx_word' id='word_1_114' title='bbox 342 2099 384 2179; x_wconf 80' lang='grc' dir='ltr'>οὔ</span> <span class='ocrx_word' id='word_1_115' title='bbox 408 2097 697 2204; x_wconf 80' lang='grc' dir='ltr'>παραιτούμενοι.</span> <span class='ocrx_word' id='word_1_116' title='bbox 736 2097 834 2198; x_wconf 81' lang='grc' dir='ltr'>οἶμαι</span> <span class='ocrx_word' id='word_1_117' title='bbox 863 2099 901 2181; x_wconf 83' lang='grc' dir='ltr'>δέ</span> <span class='ocrx_word' id='word_1_118' title='bbox 930 2101 1045 2203; x_wconf 81' lang='grc' dir='ltr'>ἔγωγε</span> <span class='ocrx_word' id='word_1_119' title='bbox 1072 2096 1364 2203; x_wconf 84' lang='grc' dir='ltr'>κακουργοτάτως</span> <span class='ocrx_word' id='word_1_120' title='bbox 1391 2097 1521 2202; x_wconf 85' lang='grc' dir='ltr'>σφόδρι</span> 
     </span>
    </p>

    <p class='ocr_par' dir='ltr' id='par_1_12' title="bbox 342 2220 1521 2332">
     <span class='ocr_line' id='line_1_16' title="bbox 342 2220 1521 2332; baseline -0.003 -28"><span class='ocrx_word' id='word_1_121' title='bbox 342 2222 462 2325; x_wconf 87' lang='grc' dir='ltr'>λέγειν</span> <span class='ocrx_word' id='word_1_122' title='bbox 484 2220 622 2322; x_wconf 76' lang='grc' dir='ltr'>αὐτοὺς,</span> <span class='ocrx_word' id='word_1_123' title='bbox 645 2223 700 2304; x_wconf 85' lang='grc' dir='ltr'>ὅτι</span> <span class='ocrx_word' id='word_1_124' title='bbox 728 2226 879 2332; x_wconf 76' lang='grc' dir='ltr'>δαιμονᾷ</span> <span class='ocrx_word' id='word_1_125' title='bbox 908 2225 928 2304; x_wconf 86' lang='grc' dir='ltr'>ό</span> <span class='ocrx_word' id='word_1_126' title='bbox 958 2224 1101 2327; x_wconf 84' lang='grc' dir='ltr'>Κύριος.</span> <span class='ocrx_word' id='word_1_127' title='bbox 1139 2221 1259 2322; x_wconf 78' lang='grc' dir='ltr'>ἐπειδὴ</span> <span class='ocrx_word' id='word_1_128' title='bbox 1285 2221 1358 2326; x_wconf 80' lang='grc' dir='ltr'>γὰρ</span> <span class='ocrx_word' id='word_1_129' title='bbox 1384 2225 1435 2304; x_wconf 83' lang='grc' dir='ltr'>ὡς</span> <span class='ocrx_word' id='word_1_130' title='bbox 1461 2255 1521 2300; x_wconf 90' lang='grc' dir='ltr'>ποι</span> 
     </span>
    </p>

    <p class='ocr_par' dir='ltr' id='par_1_13' title="bbox 175 2345 1521 2821">
     <span class='ocr_line' id='line_1_17' title="bbox 175 2345 1521 2471; baseline -0.001 -46"><span class='ocrx_word' id='word_1_131' title='bbox 175 2357 270 2471; x_wconf 51' lang='lat' dir='ltr'>effi</span> <span class='ocrx_word' id='word_1_132' title='bbox 313 2346 451 2447; x_wconf 64' lang='lat' dir='ltr'>epe&#39;vae</span> <span class='ocrx_word' id='word_1_133' title='bbox 468 2353 658 2453; x_wconf 77' lang='grc' dir='ltr'>κατῃτιᾶτο</span> <span class='ocrx_word' id='word_1_134' title='bbox 677 2345 817 2433; x_wconf 79' lang='grc' dir='ltr'>δειλοὺς</span> <span class='ocrx_word' id='word_1_135' title='bbox 835 2351 892 2428; x_wconf 81' lang='grc' dir='ltr'>καὶ</span> <span class='ocrx_word' id='word_1_136' title='bbox 910 2346 1124 2448; x_wconf 76' lang='grc' dir='ltr'>μισθωτοὺς,</span> <span class='ocrx_word' id='word_1_137' title='bbox 1142 2351 1190 2432; x_wconf 85' lang='grc' dir='ltr'>ὡς</span> <span class='ocrx_word' id='word_1_138' title='bbox 1207 2345 1354 2431; x_wconf 89' lang='grc' dir='ltr'>ἀνέντας</span> <span class='ocrx_word' id='word_1_139' title='bbox 1371 2352 1425 2454; x_wconf 79' lang='grc' dir='ltr'>τῷ</span> <span class='ocrx_word' id='word_1_140' title='bbox 1443 2345 1521 2452; x_wconf 83' lang='grc' dir='ltr'>λόκη</span> 
     </span>
     <span class='ocr_line' id='line_1_18' title="bbox 178 2455 1520 2577; baseline 0.002 -28"><span class='ocrx_word' id='word_1_141' title='bbox 178 2501 217 2549; x_wconf 78' lang='lat'>¹3·</span> <span class='ocrx_word' id='word_1_142' title='bbox 273 2455 280 2479; x_wconf 55' lang='lat'>⁵</span> <span class='ocrx_word' id='word_1_143' title='bbox 343 2468 391 2550; x_wconf 83' lang='grc' dir='ltr'>τὰ</span> <span class='ocrx_word' id='word_1_144' title='bbox 408 2469 587 2574; x_wconf 87' lang='grc' dir='ltr'>πρόβατα,</span> <span class='ocrx_word' id='word_1_145' title='bbox 605 2475 663 2551; x_wconf 80' lang='grc' dir='ltr'>καὶ</span> <span class='ocrx_word' id='word_1_146' title='bbox 682 2472 791 2574; x_wconf 88' lang='grc' dir='ltr'>ὀλίγα</span> <span class='ocrx_word' id='word_1_147' title='bbox 814 2478 1002 2556; x_wconf 82' lang='grc' dir='ltr'>παντελῶς</span> <span class='ocrx_word' id='word_1_148' title='bbox 1020 2475 1083 2571; x_wconf 82' lang='grc' dir='ltr'>τῆς</span> <span class='ocrx_word' id='word_1_149' title='bbox 1101 2468 1238 2574; x_wconf 88' lang='grc' dir='ltr'>ἀγέλης</span> <span class='ocrx_word' id='word_1_150' title='bbox 1257 2471 1520 2577; x_wconf 79' lang='grc' dir='ltr'>φροντίσαντας</span> 
     </span>
     <span class='ocr_line' id='line_1_19' title="bbox 343 2587 1521 2698; baseline -0.004 -25"><span class='ocrx_word' id='word_1_151' title='bbox 343 2594 385 2673; x_wconf 85' lang='grc' dir='ltr'>οὐ</span> <span class='ocrx_word' id='word_1_152' title='bbox 412 2593 562 2696; x_wconf 87' lang='grc' dir='ltr'>μετρίως</span> <span class='ocrx_word' id='word_1_153' title='bbox 589 2595 892 2696; x_wconf 86' lang='grc' dir='ltr'>καταπτοοιίμενοι</span> <span class='ocrx_word' id='word_1_154' title='bbox 919 2595 970 2696; x_wconf 81' lang='grc' dir='ltr'>μὴ</span> <span class='ocrx_word' id='word_1_155' title='bbox 998 2595 1069 2698; x_wconf 85' lang='grc' dir='ltr'>ἀρα</span> <span class='ocrx_word' id='word_1_156' title='bbox 1096 2594 1275 2679; x_wconf 75' lang='grc' dir='ltr'>συνιέντες</span> <span class='ocrx_word' id='word_1_157' title='bbox 1301 2599 1335 2674; x_wconf 85' lang='grc' dir='ltr'>οῖ</span> <span class='ocrx_word' id='word_1_158' title='bbox 1362 2599 1468 2694; x_wconf 81' lang='grc' dir='ltr'>δῆμοι</span> <span class='ocrx_word' id='word_1_159' title='bbox 1497 2587 1521 2670; x_wconf 65' lang='grc' dir='ltr'>τί</span> 
     </span>
     <span class='ocr_line' id='line_1_20' title="bbox 343 2717 1519 2821; baseline -0.002 -24"><span class='ocrx_word' id='word_1_160' title='bbox 343 2717 537 2819; x_wconf 86' lang='grc' dir='ltr'>εῖρημένον,</span> <span class='ocrx_word' id='word_1_161' title='bbox 555 2717 850 2820; x_wconf 77' lang='grc' dir='ltr'>παραιτήσωνται</span> <span class='ocrx_word' id='word_1_162' title='bbox 876 2717 941 2820; x_wconf 82' lang='grc' dir='ltr'>μέν</span> <span class='ocrx_word' id='word_1_163' title='bbox 959 2718 1087 2821; x_wconf 78' lang='grc' dir='ltr'>ἤδητί)</span> <span class='ocrx_word' id='word_1_164' title='bbox 1107 2719 1164 2799; x_wconf 78' lang='grc' dir='ltr'>ὑπ’</span> <span class='ocrx_word' id='word_1_165' title='bbox 1185 2720 1305 2804; x_wconf 83' lang='grc' dir='ltr'>αὐτοῖς</span> <span class='ocrx_word' id='word_1_166' title='bbox 1323 2717 1373 2798; x_wconf 85' lang='grc' dir='ltr'>ἐτι</span> <span class='ocrx_word' id='word_1_167' title='bbox 1392 2717 1519 2816; x_wconf 90' lang='grc' dir='ltr'>ποιμαί</span> 
     </span>
    </p>

    <p class='ocr_par' dir='ltr' id='par_1_14' title="bbox 344 2841 1521 2951">
     <span class='ocr_line' id='line_1_21' title="bbox 344 2841 1521 2951; baseline -0.002 -31"><span class='ocrx_word' id='word_1_168' title='bbox 344 2845 481 2938; x_wconf 91' lang='grc' dir='ltr'>νεσθαι,</span> <span class='ocrx_word' id='word_1_169' title='bbox 513 2841 781 2946; x_wconf 86' lang='grc' dir='ltr'>προσδρόμωσι</span> <span class='ocrx_word' id='word_1_170' title='bbox 819 2843 857 2924; x_wconf 84' lang='grc' dir='ltr'>δέ</span> <span class='ocrx_word' id='word_1_171' title='bbox 891 2849 937 2948; x_wconf 84' lang='grc' dir='ltr'>τῇ</span> <span class='ocrx_word' id='word_1_172' title='bbox 975 2843 1043 2925; x_wconf 76' lang='grc' dir='ltr'>ι’τιτδ</span> <span class='ocrx_word' id='word_1_173' title='bbox 1076 2849 1229 2951; x_wconf 86' lang='grc' dir='ltr'>Χριστῲ</span> <span class='ocrx_word' id='word_1_174' title='bbox 1264 2843 1452 2948; x_wconf 76' lang='grc' dir='ltr'>μαθητείη,</span> <span class='ocrx_word' id='word_1_175' title='bbox 1485 2843 1521 2918; x_wconf 83' lang='grc' dir='ltr'>διι</span> 
     </span>
    </p>

    <p class='ocr_par' dir='ltr' id='par_1_15' title="bbox 344 2963 1521 3074">
     <span class='ocr_line' id='line_1_22' title="bbox 344 2963 1521 3074; baseline -0.005 -26"><span class='ocrx_word' id='word_1_176' title='bbox 344 2972 450 3048; x_wconf 83' lang='grc' dir='ltr'>τοῦτο</span> <span class='ocrx_word' id='word_1_177' title='bbox 477 2963 541 3046; x_wconf 80' lang='grc' dir='ltr'>τὸν</span> <span class='ocrx_word' id='word_1_178' title='bbox 564 2974 648 3047; x_wconf 83' lang='grc' dir='ltr'>νοῦν</span> <span class='ocrx_word' id='word_1_179' title='bbox 675 2974 748 3047; x_wconf 83' lang='grc' dir='ltr'>τῶν</span> <span class='ocrx_word' id='word_1_180' title='bbox 768 2969 949 3072; x_wconf 85' lang='grc' dir='ltr'>ἀγελαίων</span> <span class='ocrx_word' id='word_1_181' title='bbox 976 2967 1221 3074; x_wconf 80' lang='grc' dir='ltr'>φενακίζοντές</span> <span class='ocrx_word' id='word_1_182' title='bbox 1250 2973 1347 3072; x_wconf 83' lang='grc' dir='ltr'>φασι</span> <span class='ocrx_word' id='word_1_183' title='bbox 1367 2965 1521 3072; x_wconf 84' lang='grc' dir='ltr'>Δαιμόνιι</span> 
     </span>
    </p>

    <p class='ocr_par' dir='ltr' id='par_1_16' title="bbox 346 3089 1521 3192">
     <span class='ocr_line' id='line_1_23' title="bbox 346 3089 1521 3192; baseline -0.002 -22"><span class='ocrx_word' id='word_1_184' title='bbox 346 3089 426 3190; x_wconf 82' lang='grc' dir='ltr'>ίχει,</span> <span class='ocrx_word' id='word_1_185' title='bbox 445 3089 479 3172; x_wconf 90' lang='grc' dir='ltr'>τί</span> <span class='ocrx_word' id='word_1_186' title='bbox 496 3093 597 3172; x_wconf 76' lang='grc' dir='ltr'>αὐτοῧ</span> <span class='ocrx_word' id='word_1_187' title='bbox 615 3092 773 3189; x_wconf 77' lang='grc' dir='ltr'>ιἰιιιόετες</span> <span class='ocrx_word' id='word_1_188' title='bbox 805 3090 907 3173; x_wconf 90' lang='grc' dir='ltr'>ἀλλά</span> <span class='ocrx_word' id='word_1_189' title='bbox 932 3095 991 3172; x_wconf 83' lang='grc' dir='ltr'>καῖ</span> <span class='ocrx_word' id='word_1_190' title='bbox 1016 3101 1130 3173; x_wconf 87' lang='grc' dir='ltr'>ταῦτα</span> <span class='ocrx_word' id='word_1_191' title='bbox 1152 3092 1293 3172; x_wconf 81' lang='grc' dir='ltr'>ἐκείνων</span> <span class='ocrx_word' id='word_1_192' title='bbox 1310 3089 1369 3172; x_wconf 80' lang='grc' dir='ltr'>διὰ</span> <span class='ocrx_word' id='word_1_193' title='bbox 1388 3124 1521 3192; x_wconf 88' lang='grc' dir='ltr'>κακουρ</span> 
     </span>
    </p>

    <p class='ocr_par' dir='ltr' id='par_1_17' title="bbox 344 3213 1521 3318">
     <span class='ocr_line' id='line_1_24' title="bbox 344 3213 1521 3318; baseline -0.001 -23"><span class='ocrx_word' id='word_1_194' title='bbox 344 3215 429 3318; x_wconf 87' lang='grc' dir='ltr'>γίαν</span> <span class='ocrx_word' id='word_1_195' title='bbox 455 3214 647 3318; x_wconf 89' lang='grc' dir='ltr'>λεγόντων,</span> <span class='ocrx_word' id='word_1_196' title='bbox 676 3221 725 3300; x_wconf 88' lang='grc' dir='ltr'>είς</span> <span class='ocrx_word' id='word_1_197' title='bbox 753 3215 797 3298; x_wconf 87' lang='grc' dir='ltr'>τῖι</span> <span class='ocrx_word' id='word_1_198' title='bbox 828 3217 987 3298; x_wconf 87' lang='grc' dir='ltr'>ἐναντίον</span> <span class='ocrx_word' id='word_1_199' title='bbox 1015 3217 1132 3300; x_wconf 82' lang='grc' dir='ltr'>αὐτοῖς</span> <span class='ocrx_word' id='word_1_200' title='bbox 1160 3216 1278 3318; x_wconf 85' lang='grc' dir='ltr'>ἀπέβη</span> <span class='ocrx_word' id='word_1_201' title='bbox 1307 3213 1351 3296; x_wconf 84' lang='grc' dir='ltr'>τῖι</span> <span class='ocrx_word' id='word_1_202' title='bbox 1383 3215 1521 3316; x_wconf 86' lang='grc' dir='ltr'>σκέμμα</span> 
     </span>
    </p>

    <p class='ocr_par' dir='ltr' id='par_1_18' title="bbox 179 3335 1521 3568">
     <span class='ocr_line' id='line_1_25' title="bbox 179 3335 1521 3444; baseline -0.008 -18"><span class='ocrx_word' id='word_1_203' title='bbox 179 3368 293 3426; x_wconf 74' lang='lat' dir='ltr'>em.</span> <span class='ocrx_word' id='word_1_204' title='bbox 315 3337 451 3423; x_wconf 75' lang='grc' dir='ltr'>οἱίλλοι</span> <span class='ocrx_word' id='word_1_205' title='bbox 480 3337 519 3420; x_wconf 88' lang='grc' dir='ltr'>δέ</span> <span class='ocrx_word' id='word_1_206' title='bbox 546 3337 618 3420; x_wconf 81' lang='grc' dir='ltr'>ἀπὸ</span> <span class='ocrx_word' id='word_1_207' title='bbox 645 3338 712 3439; x_wconf 72' lang='grc' dir='ltr'>μὲν</span> <span class='ocrx_word' id='word_1_208' title='bbox 739 3344 803 3441; x_wconf 80' lang='grc' dir='ltr'>τῆς</span> <span class='ocrx_word' id='word_1_209' title='bbox 832 3347 905 3420; x_wconf 81' lang='grc' dir='ltr'>τῶν</span> <span class='ocrx_word' id='word_1_210' title='bbox 927 3339 1051 3443; x_wconf 90' lang='grc' dir='ltr'>λόγων</span> <span class='ocrx_word' id='word_1_211' title='bbox 1074 3336 1273 3440; x_wconf 91' lang='grc' dir='ltr'>ποιότητος,</span> <span class='ocrx_word' id='word_1_212' title='bbox 1301 3337 1433 3444; x_wconf 80' lang='grc' dir='ltr'>όρθοδς</span> <span class='ocrx_word' id='word_1_213' title='bbox 1461 3335 1521 3418; x_wconf 84' lang='grc' dir='ltr'>είνι</span> 
     </span>
     <span class='ocr_line' id='line_1_26' title="bbox 346 3461 1521 3568; baseline 0.001 -27"><span class='ocrx_word' id='word_1_214' title='bbox 346 3463 508 3565; x_wconf 88' lang='grc' dir='ltr'>κρίνουσι</span> <span class='ocrx_word' id='word_1_215' title='bbox 536 3461 620 3548; x_wconf 78' lang='grc' dir='ltr'>τοὺς</span> <span class='ocrx_word' id='word_1_216' title='bbox 647 3473 711 3544; x_wconf 86' lang='grc' dir='ltr'>τοῦ</span> <span class='ocrx_word' id='word_1_217' title='bbox 739 3464 874 3568; x_wconf 88' lang='grc' dir='ltr'>Κυρίου</span> <span class='ocrx_word' id='word_1_218' title='bbox 900 3463 1044 3566; x_wconf 87' lang='grc' dir='ltr'>λόγους,</span> <span class='ocrx_word' id='word_1_219' title='bbox 1069 3467 1117 3550; x_wconf 82' lang='grc' dir='ltr'>ὡς</span> <span class='ocrx_word' id='word_1_220' title='bbox 1142 3465 1206 3544; x_wconf 77' lang='grc' dir='ltr'>οὐκ</span> <span class='ocrx_word' id='word_1_221' title='bbox 1232 3463 1347 3545; x_wconf 82' lang='grc' dir='ltr'>ὄντων</span> <span class='ocrx_word' id='word_1_222' title='bbox 1368 3471 1446 3544; x_wconf 82' lang='grc' dir='ltr'>τῶν</span> <span class='ocrx_word' id='word_1_223' title='bbox 1473 3495 1521 3543; x_wconf 86' lang='grc' dir='ltr'>τοι</span> 
     </span>
    </p>

    <p class='ocr_par' dir='ltr' id='par_1_19' title="bbox 346 3583 1521 3698">
     <span class='ocr_line' id='line_1_27' title="bbox 346 3583 1521 3698; baseline -0.001 -32"><span class='ocrx_word' id='word_1_224' title='bbox 346 3586 460 3668; x_wconf 87' lang='grc' dir='ltr'>οιίτων</span> <span class='ocrx_word' id='word_1_225' title='bbox 478 3584 601 3690; x_wconf 89' lang='grc' dir='ltr'>λόγων</span> <span class='ocrx_word' id='word_1_226' title='bbox 620 3583 894 3698; x_wconf 82' lang='grc' dir='ltr'>δαιμονιζομένου·</span> <span class='ocrx_word' id='word_1_227' title='bbox 929 3587 1025 3688; x_wconf 82' lang='grc' dir='ltr'>ὅμως</span> <span class='ocrx_word' id='word_1_228' title='bbox 1042 3594 1080 3669; x_wconf 84' lang='grc' dir='ltr'>αῖ</span> <span class='ocrx_word' id='word_1_229' title='bbox 1097 3590 1392 3692; x_wconf 86' lang='grc' dir='ltr'>θαυματουργίαι,</span> <span class='ocrx_word' id='word_1_230' title='bbox 1414 3591 1521 3694; x_wconf 79' lang='grc' dir='ltr'>φησὶν</span> 
     </span>
    </p>

    <p class='ocr_par' dir='ltr' id='par_1_20' title="bbox 345 3703 1521 3816">
     <span class='ocr_line' id='line_1_28' title="bbox 345 3703 1521 3816; baseline 0 -25"><span class='ocrx_word' id='word_1_231' title='bbox 345 3709 489 3815; x_wconf 86' lang='grc' dir='ltr'>ἀμαχον</span> <span class='ocrx_word' id='word_1_232' title='bbox 511 3709 637 3816; x_wconf 82' lang='grc' dir='ltr'>ἔχουσι</span> <span class='ocrx_word' id='word_1_233' title='bbox 664 3703 874 3816; x_wconf 81' lang='grc' dir='ltr'>μαρτυρίαν.</span> <span class='ocrx_word' id='word_1_234' title='bbox 914 3717 944 3794; x_wconf 86' lang='grc' dir='ltr'>εί</span> <span class='ocrx_word' id='word_1_235' title='bbox 971 3710 1045 3815; x_wconf 80' lang='grc' dir='ltr'>γὰρ</span> <span class='ocrx_word' id='word_1_236' title='bbox 1072 3715 1131 3792; x_wconf 78' lang='grc' dir='ltr'>καὶ</span> <span class='ocrx_word' id='word_1_237' title='bbox 1158 3719 1231 3792; x_wconf 82' lang='grc' dir='ltr'>τῶν</span> <span class='ocrx_word' id='word_1_238' title='bbox 1255 3710 1379 3814; x_wconf 91' lang='grc' dir='ltr'>λόγων</span> <span class='ocrx_word' id='word_1_239' title='bbox 1406 3717 1459 3798; x_wconf 84' lang='grc' dir='ltr'>ὡς</span> <span class='ocrx_word' id='word_1_240' title='bbox 1487 3713 1521 3792; x_wconf 80' lang='grc' dir='ltr'>οῖ</span> 
     </span>
    </p>

    <p class='ocr_par' dir='ltr' id='par_1_21' title="bbox 347 3833 1521 3945">
     <span class='ocr_line' id='line_1_29' title="bbox 347 3833 1521 3945; baseline 0.001 -31"><span class='ocrx_word' id='word_1_241' title='bbox 347 3836 463 3938; x_wconf 81' lang='grc' dir='ltr'>ὀρθῶς</span> <span class='ocrx_word' id='word_1_242' title='bbox 480 3835 687 3937; x_wconf 88' lang='grc' dir='ltr'>λεγομένων</span> <span class='ocrx_word' id='word_1_243' title='bbox 705 3843 945 3940; x_wconf 85' lang='grc' dir='ltr'>κατηγορεῖτε,</span> <span class='ocrx_word' id='word_1_244' title='bbox 965 3833 1050 3915; x_wconf 81' lang='grc' dir='ltr'>ἀλλ’</span> <span class='ocrx_word' id='word_1_245' title='bbox 1070 3833 1257 3942; x_wconf 83' lang='grc' dir='ltr'>ἀμήχανον</span> <span class='ocrx_word' id='word_1_246' title='bbox 1275 3838 1313 3917; x_wconf 87' lang='grc' dir='ltr'>ἐν</span> <span class='ocrx_word' id='word_1_247' title='bbox 1331 3837 1456 3945; x_wconf 80' lang='grc' dir='ltr'>ταύτῷ</span> <span class='ocrx_word' id='word_1_248' title='bbox 1473 3869 1521 3916; x_wconf 89' lang='grc' dir='ltr'>τιι</span> 
     </span>
    </p>

    <p class='ocr_par' dir='ltr' id='par_1_22' title="bbox 347 3951 1521 4066">
     <span class='ocr_line' id='line_1_30' title="bbox 347 3951 1521 4066; baseline 0 -26"><span class='ocrx_word' id='word_1_249' title='bbox 347 3961 407 4040; x_wconf 80' lang='grc' dir='ltr'>καὶ</span> <span class='ocrx_word' id='word_1_250' title='bbox 433 3958 616 4060; x_wconf 88' lang='grc' dir='ltr'>δαιμόνιον</span> <span class='ocrx_word' id='word_1_251' title='bbox 634 3951 738 4066; x_wconf 82' lang='grc' dir='ltr'>ἐχειν,</span> <span class='ocrx_word' id='word_1_252' title='bbox 757 3963 901 4041; x_wconf 87' lang='grc' dir='ltr'>κάκεῖνα</span> <span class='ocrx_word' id='word_1_253' title='bbox 918 3967 1032 4042; x_wconf 86' lang='grc' dir='ltr'>ποιεῖν</span> <span class='ocrx_word' id='word_1_254' title='bbox 1050 3956 1142 4064; x_wconf 83' lang='grc' dir='ltr'>ἅπερ</span> <span class='ocrx_word' id='word_1_255' title='bbox 1160 3960 1270 4061; x_wconf 90' lang='grc' dir='ltr'>μόνος</span> <span class='ocrx_word' id='word_1_256' title='bbox 1288 3959 1440 4042; x_wconf 83' lang='grc' dir='ltr'>δυ’ναται</span> <span class='ocrx_word' id='word_1_257' title='bbox 1460 3957 1521 4041; x_wconf 60' lang='lat' dir='ltr'>Oe}</span> 
     </span>
    </p>
   </div>
   <div class='ocr_carea' id='block_1_3' title="bbox 350 4203 1521 4471">
    <p class='ocr_par' dir='ltr' id='par_1_23' title="bbox 350 4203 1521 4471">
     <span class='ocr_line' id='line_1_31' title="bbox 386 4203 1521 4332; baseline 0.002 -72"><span class='ocrx_word' id='word_1_258' title='bbox 386 4222 412 4278; x_wconf 81' lang='lat'>3.</span> <span class='ocrx_word' id='word_1_259' title='bbox 429 4203 513 4332; x_wconf 52' lang='grc' dir='ltr'>οὐτὲ]</span> <span class='ocrx_word' id='word_1_260' title='bbox 526 4206 613 4264; x_wconf 72' lang='grc' dir='ltr'>αὐτοῖς</span> <span class='ocrx_word' id='word_1_261' title='bbox 627 4206 702 4278; x_wconf 73' lang='grc' dir='ltr'>(ουτ.)</span> <span class='ocrx_word' id='word_1_262' title='bbox 716 4207 789 4264; x_wconf 81' lang='lat' dir='ltr'>Aub.</span> <span class='ocrx_word' id='word_1_263' title='bbox 923 4221 948 4280; x_wconf 79' lang='grc' dir='ltr'>γ.</span> <span class='ocrx_word' id='word_1_264' title='bbox 967 4207 1088 4263; x_wconf 67' lang='lat' dir='ltr'>timim</span> <span class='ocrx_word' id='word_1_265' title='bbox 1100 4207 1155 4262; x_wconf 74' lang='grc' dir='ltr'>ολ.</span> <span class='ocrx_word' id='word_1_266' title='bbox 1167 4207 1294 4279; x_wconf 76' lang='lat' dir='ltr'><strong>ambigue</strong></span> <span class='ocrx_word' id='word_1_267' title='bbox 1305 4207 1440 4280; x_wconf 74' lang='lat' dir='ltr'>scripmm</span> <span class='ocrx_word' id='word_1_268' title='bbox 1453 4209 1483 4264; x_wconf 86' lang='lat' dir='ltr'>in</span> <span class='ocrx_word' id='word_1_269' title='bbox 1496 4207 1521 4262; x_wconf 68' lang='lat' dir='ltr'><strong>G</strong></span> 
     </span>
     <span class='ocr_line' id='line_1_32' title="bbox 350 4276 1521 4350; baseline 0 -18"><span class='ocrx_word' id='word_1_270' title='bbox 350 4277 430 4332; x_wconf 74' lang='lat' dir='ltr'><strong>Harl.</strong></span> <span class='ocrx_word' id='word_1_271' title='bbox 442 4295 480 4331; x_wconf 87' lang='lat' dir='ltr'>un</span> <span class='ocrx_word' id='word_1_272' title='bbox 501 4295 515 4331; x_wconf 86' lang='grc' dir='ltr'>ο</span> <span class='ocrx_word' id='word_1_273' title='bbox 527 4276 657 4348; x_wconf 73' lang='grc' dir='ltr'>ἀνωτάτης</span> <span class='ocrx_word' id='word_1_274' title='bbox 668 4277 741 4334; x_wconf 79' lang='lat' dir='ltr'>Aub.</span> <span class='ocrx_word' id='word_1_275' title='bbox 935 4280 961 4335; x_wconf 91' lang='lat'>8.</span> <span class='ocrx_word' id='word_1_276' title='bbox 980 4279 1108 4350; x_wconf 78' lang='grc' dir='ltr'>δαιμόνων</span> <span class='ocrx_word' id='word_1_277' title='bbox 1118 4295 1143 4335; x_wconf 78' lang='grc' dir='ltr'>α.</span> <span class='ocrx_word' id='word_1_278' title='bbox 1332 4295 1359 4350; x_wconf 88' lang='grc'>9.</span> <span class='ocrx_word' id='word_1_279' title='bbox 1377 4279 1491 4337; x_wconf 77' lang='grc' dir='ltr'>ἐκείνοις</span> <span class='ocrx_word' id='word_1_280' title='bbox 1502 4299 1521 4334; x_wconf 67' lang='grc' dir='ltr'>ιι,</span> 
     </span>
     <span class='ocr_line' id='line_1_33' title="bbox 352 4347 1521 4471; baseline 0.002 -69"><span class='ocrx_word' id='word_1_281' title='bbox 352 4363 396 4471; x_wconf 49' lang='lat' dir='ltr'>:ff</span> <span class='ocrx_word' id='word_1_282' title='bbox 413 4347 525 4404; x_wconf 62' lang='lat' dir='ltr'>amine</span> <span class='ocrx_word' id='word_1_283' title='bbox 536 4365 584 4419; x_wconf 80' lang='lat' dir='ltr'>per</span> <span class='ocrx_word' id='word_1_284' title='bbox 595 4366 716 4405; x_wconf 76' lang='lat' dir='ltr'><strong>rasuram</strong></span> <span class='ocrx_word' id='word_1_285' title='bbox 728 4349 756 4405; x_wconf 81' lang='lat' dir='ltr'>k.</span> <span class='ocrx_word' id='word_1_286' title='bbox 769 4347 799 4418; x_wconf 70' lang='grc' dir='ltr'>ἐξ</span> <span class='ocrx_word' id='word_1_287' title='bbox 810 4348 914 4422; x_wconf 73' lang='grc' dir='ltr'>ἀγνοίας</span> <span class='ocrx_word' id='word_1_288' title='bbox 926 4367 980 4405; x_wconf 87' lang='lat' dir='ltr'>om.</span> <span class='ocrx_word' id='word_1_289' title='bbox 993 4367 1018 4406; x_wconf 86' lang='grc' dir='ltr'>ιι.</span> <span class='ocrx_word' id='word_1_290' title='bbox 1231 4365 1273 4417; x_wconf 84' lang='lat'>¹4·</span> <span class='ocrx_word' id='word_1_291' title='bbox 1291 4353 1521 4422; x_wconf 74' lang='grc' dir='ltr'>κακουργόοοωο</span> 
     </span>
    </p>
   </div>
   <div class='ocr_carea' id='block_1_4' title="bbox 351 4487 1521 4611">
    <p class='ocr_par' dir='ltr' id='par_1_24' title="bbox 351 4487 1521 4611">
     <span class='ocr_line' id='line_1_34' title="bbox 351 4487 1521 4611; baseline 0.005 -71"><span class='ocrx_word' id='word_1_292' title='bbox 351 4502 396 4611; x_wconf 59' lang='lat'>23.</span> <span class='ocrx_word' id='word_1_293' title='bbox 414 4487 499 4552; x_wconf 79' lang='grc' dir='ltr'>ἀπέβη</span> <span class='ocrx_word' id='word_1_294' title='bbox 512 4489 566 4544; x_wconf 70' lang='grc' dir='ltr'>ολ.</span> <span class='ocrx_word' id='word_1_295' title='bbox 578 4488 659 4559; x_wconf 71' lang='grc' dir='ltr'>ἐπέβη</span> <span class='ocrx_word' id='word_1_296' title='bbox 672 4489 733 4546; x_wconf 75' lang='lat' dir='ltr'><strong>Cat.</strong></span> <span class='ocrx_word' id='word_1_297' title='bbox 747 4489 823 4545; x_wconf 74' lang='lat' dir='ltr'>Harl.</span> <span class='ocrx_word' id='word_1_298' title='bbox 882 4531 889 4548; x_wconf 91' lang='lat'><strong>.</strong></span> <span class='ocrx_word' id='word_1_299' title='bbox 1106 4489 1149 4546; x_wconf 75' lang='grc' dir='ltr'>τό.</span> <span class='ocrx_word' id='word_1_300' title='bbox 1167 4493 1255 4562; x_wconf 76' lang='grc' dir='ltr'>λόγον</span> <span class='ocrx_word' id='word_1_301' title='bbox 1265 4501 1444 4562; x_wconf 74' lang='lat' dir='ltr'><strong>assumptum</strong></span> <span class='ocrx_word' id='word_1_302' title='bbox 1458 4511 1492 4548; x_wconf 82' lang='lat' dir='ltr'>ex</span> <span class='ocrx_word' id='word_1_303' title='bbox 1504 4511 1521 4546; x_wconf 80' lang='grc' dir='ltr'>ο</span> 
     </span>
    </p>
   </div>
   <div class='ocr_carea' id='block_1_5' title="bbox 388 4417 1521 4492">
    <p class='ocr_par' dir='ltr' id='par_1_25' title="bbox 388 4417 1521 4492">
     <span class='ocr_line' id='line_1_35' title="bbox 388 4417 1521 4492; baseline 0.004 -20"><span class='ocrx_word' id='word_1_304' title='bbox 388 4417 598 4474; x_wconf 67' lang='grc' dir='ltr'>,συνέντεςαλα</span> <span class='ocrx_word' id='word_1_305' title='bbox 706 4435 749 4475; x_wconf 82' lang='lat'>20.</span> <span class='ocrx_word' id='word_1_306' title='bbox 767 4421 889 4492; x_wconf 74' lang='grc' dir='ltr'>πρόσθ’</span> <span class='ocrx_word' id='word_1_307' title='bbox 973 4421 1028 4477; x_wconf 74' lang='grc' dir='ltr'>αλκ.</span> <span class='ocrx_word' id='word_1_308' title='bbox 1124 4435 1169 4475; x_wconf 80' lang='lat'>22.</span> <span class='ocrx_word' id='word_1_309' title='bbox 1184 4419 1255 4475; x_wconf 79' lang='grc' dir='ltr'>ἀλλά</span> <span class='ocrx_word' id='word_1_310' title='bbox 1267 4430 1444 4492; x_wconf 70' lang='lat' dir='ltr'><strong>assumptum</strong></span> <span class='ocrx_word' id='word_1_311' title='bbox 1457 4439 1521 4477; x_wconf 78' lang='lat' dir='ltr'>eu</span> 
     </span>
    </p>
   </div>
   <div class='ocr_carea' id='block_1_6' title="bbox 353 4560 1521 4633">
    <p class='ocr_par' dir='ltr' id='par_1_26' title="bbox 353 4560 1521 4633">
     <span class='ocr_line' id='line_1_36' title="bbox 353 4560 1521 4633; baseline 0.006 -22"><span class='ocrx_word' id='word_1_312' title='bbox 353 4571 368 4610; x_wconf 83' lang='lat'>2</span> <span class='ocrx_word' id='word_1_313' title='bbox 389 4594 396 4610; x_wconf 88' lang='lat'><em>.</em></span> <span class='ocrx_word' id='word_1_314' title='bbox 414 4578 472 4612; x_wconf 83' lang='grc' dir='ltr'>τινα</span> <span class='ocrx_word' id='word_1_315' title='bbox 484 4575 538 4614; x_wconf 87' lang='lat' dir='ltr'>om.</span> <span class='ocrx_word' id='word_1_316' title='bbox 551 4575 575 4614; x_wconf 79' lang='grc' dir='ltr'>υ.</span> <span class='ocrx_word' id='word_1_317' title='bbox 647 4577 690 4633; x_wconf 79' lang='lat'>29.</span> <span class='ocrx_word' id='word_1_318' title='bbox 711 4561 785 4616; x_wconf 75' lang='lat' dir='ltr'>Haec</span> <span class='ocrx_word' id='word_1_319' title='bbox 797 4561 863 4632; x_wconf 77' lang='grc' dir='ltr'>ὅπερ</span> <span class='ocrx_word' id='word_1_320' title='bbox 874 4565 953 4633; x_wconf 82' lang='grc' dir='ltr'>μόνος</span> <span class='ocrx_word' id='word_1_321' title='bbox 965 4560 1070 4618; x_wconf 84' lang='grc' dir='ltr'>δόνατιιι</span> <span class='ocrx_word' id='word_1_322' title='bbox 1082 4563 1149 4621; x_wconf 79' lang='grc' dir='ltr'>θεὸς</span> <span class='ocrx_word' id='word_1_323' title='bbox 1159 4563 1245 4618; x_wconf 82' lang='grc' dir='ltr'>ποιεῖν</span> <span class='ocrx_word' id='word_1_324' title='bbox 1256 4572 1431 4619; x_wconf 63' lang='lat' dir='ltr'>temserunt</span> <span class='ocrx_word' id='word_1_325' title='bbox 1444 4581 1479 4620; x_wconf 84' lang='lat' dir='ltr'>ex</span> <span class='ocrx_word' id='word_1_326' title='bbox 1494 4563 1521 4618; x_wconf 70' lang='grc' dir='ltr'>ιῖ</span> 
     </span>
    </p>
   </div>
   <div class='ocr_carea' id='block_1_7' title="bbox 0 0 1589 5118">
    <p class='ocr_par' dir='ltr' id='par_1_27' title="bbox 0 0 1589 5118">
     <span class='ocr_line' id='line_1_37' title="bbox 0 0 1589 5118; baseline 0 0"><span class='ocrx_word' id='word_1_327' title='bbox 0 0 1589 5118; x_wconf 95' lang='lat' dir='ltr'> </span> 
     </span>
    </p>
   </div>
  </div>
 </body>
</html>
