3274 5118
300 357 366 424 574
537 433 542 444 ¹
603 359 644 424 Β.
666 359 875 425 CYRILLI
906 357 1197 424 ALEXANDR.
1379 377 1435 420 xv.
1449 372 1500 418 11.

133 551 215 632 §upra
303 527 536 627 Σαμαρειτῶν
558 523 663 604 διέθει
690 523 822 630 χώραν,
842 525 992 626 κε’κμηκε
1015 524 1054 605 δέ
1081 535 1103 572 “
1117 525 1156 606 ἐκ
1179 527 1244 623 τῆς
1262 521 1498 624 ὁδοιπορίας,”

133 618 202 670 ¹⁷'⁶'
302 645 395 727 καθά
407 648 617 750 γέγραπται,
632 659 654 696 “
665 649 845 752 ἐκαθέζετο
856 653 1080 756 ε’πὶτῇπηγῇ
1090 650 1109 677 ”
1122 655 1188 729 τοῦ
1198 647 1333 742 Ἰακιόβ
1343 679 1353 740 ;
1377 642 1500 742 ἐπειδὴ

300 769 341 852 ’δέ
362 769 404 851 τῦ
422 770 569 874 γύναιον
588 773 684 881 αὐτῷ
705 771 942 876 προσεκόμιζε
966 773 1032 874 τὴν
1055 783 1119 854 τοῦ
1136 771 1345 876 ἀρύσασθαι
1363 770 1499 876 χρείαν,

301 893 571 999 προσελάλησέ
600 931 637 976 τε
671 898 768 1004 αῦτῷ
803 895 849 976 τά
883 898 1003 978 είκότα
1030 901 1089 978 καὶ
1122 901 1353 999 Σαμαρειτῶν
1382 893 1500 1000 ὄχλον

301 1019 437 1126 ἥξοντα
463 1020 726 1122 προσεδόκησε,
748 1023 805 1102 καὶ
824 1026 961 1130 τροφῆς
986 1021 1179 1124 ἀναγκαίας
1197 1016 1388 1122 ἀλογήσας
1408 1017 1530 1124 φοί-5

301 1175 407 1225 νεται.
454 1145 493 1224 τί
520 1143 593 1247 γάρ
625 1145 695 1253 ἐφη
726 1143 818 1249 πρὸς
846 1145 929 1230 τοῦς
959 1144 1132 1245 μαθητὰς,
1164 1143 1371 1244 ἐδεσμάτων
1402 1144 1501 1250 αῦτῷ

134 1289 174 1340 Ib-
184 1303 224 1354 34
300 1275 518 1368 μεταλαβεῖν
530 1267 862 1366 συμβουλεῦονταςς
895 1279 916 1317 “
927 1269 1012 1367 ἐμὸν
1025 1267 1157 1374 βρῶμά
1169 1269 1269 1348 ἐστιν
1282 1268 1340 1347 ίνα
1352 1266 1499 1366 ποιήσω

135 1411 250 1469 θεολ.
272 1403 324 1468 ιι“
340 1391 382 1473 τὸ
401 1391 542 1493 θέλημα
559 1400 624 1472 τοῦ
644 1390 789 1495 Πατρός
807 1427 878 1492 μου
898 1397 956 1474 καὶ
975 1394 1154 1474 τελειώσω
1172 1395 1280 1472 αῦτοῦ
1298 1391 1340 1473 τὸ
1358 1392 1498 1495 ἐργον.”

300 1513 355 1619 ἀρ’
390 1517 453 1596 οὖν
482 1517 672 1597 κάντεῦθεν
703 1518 767 1596 οῦκ
794 1513 841 1596 ἀν
870 1516 1011 1620 γένοιτό
1040 1515 1238 1623 συμφανές,
1267 1515 1322 1597 ότι
1353 1514 1500 1621 τρυφὴν

299 1643 449 1721 ἐποιεῖτο
468 1646 526 1720 καὶ
548 1639 665 1746 χαράυ
684 1647 757 1722 τιῦν
774 1641 951 1749 πατρῴων
970 1639 1183 1741 θελημοίτων
1201 1639 1267 1741 τὴν
1284 1640 1497 1744 πλήρωσιν,
1517 1671 1555 1713 10

299 1763 477 1862 τουτέστι,
507 1763 574 1865 τὴν
606 1770 654 1849 είς
685 1765 868 1866 σωτηρίαν
895 1763 1100 1868 ἀναδρομὴν
1131 1771 1205 1844 τῶν
1232 1769 1282 1848 εἷς
1313 1764 1501 1844 ἀπώλειαν

299 1885 617 1988 διωλισθηκότωυ;
649 1889 733 1968 ἀλλ’
753 1887 853 1968 ἐστιν
872 1889 934 1968 οῦκ
955 1889 1176 1996 ἀμφίλογον.

286 2111 292 2118 Ι
354 2015 477 2094 Ταῦτα
500 2014 619 2093 τοίνυν
643 2012 773 2110 πάντα,
802 2015 907 2118 φησί,
935 2013 1131 2116 διείλεγμαι
1159 2011 1250 2115 πρὸς
1276 2014 1367 2111 ὑμᾶς
1392 2011 1449 2092 ’ίνιι
1480 2016 1500 2106 ἡ

299 2136 396 2244 χαρῖι
427 2141 444 2232 ἡ
473 2134 534 2244 ἑμῖι
563 2138 592 2218 ἐν
622 2141 696 2243 ὑμῖν
724 2137 752 2251 ᾖ,
785 2133 986 2236 τουτέστιν,
1020 2137 1064 2216 ἵν’
1095 2137 1148 2218 ἐπ’
1182 2136 1324 2220 ἐκείνοις
1351 2133 1499 2235 ἐθέλητε

298 2265 562 2360 διευθυμεῖσθαι
593 2260 715 2360 μόνοις
747 2261 802 2367 ἐφ’
830 2259 959 2364 οἷσπερ
992 2260 1103 2361 κάγὼ,
1133 2259 1192 2340 ἵνα
1224 2257 1316 2364 πρός
1354 2262 1499 2363 ἀγῶνας
1515 2293 1554 2352 ι5

297 2385 530 2488 ἀυδρίσησθε,
548 2387 606 2465 καὶ
634 2383 700 2484 τὴν
717 2386 775 2465 ἐπὶ
798 2392 872 2470 τοῖς
893 2383 1108 2486 σωζομένοις
1135 2385 1265 2466 ἐλπίδα
1291 2381 1496 2486 περιζωσιί-

265 2520 408 2608 δμενοι,
427 2509 494 2588 κάν
512 2541 547 2588 τι
570 2507 629 2589 διὰ
652 2516 759 2588 τοῦτο
786 2508 972 2615 συμβαίνῃ
994 2515 1132 2608 παθεῖν,
1151 2506 1201 2608 μὴ
1228 2505 1320 2612 πρὸς
1347 2508 1500 2606 ἀκηδίας

298 2633 460 2736 ἀδρανεῖς
487 2631 740 2738 καταφέρησθε
768 2641 924 2732 μᾶλλον,
952 2633 1098 2738 χαίρητε
1128 2631 1167 2713 δέ
1195 2633 1276 2714 τότε
1306 2632 1497 2714 πλουσιώ-

298 2789 413 2859 τερον,
438 2757 579 2858 ἐπείπερ
607 2760 666 2836 καὶ
691 2754 734 2836 δι’
761 2759 860 2856 ὑμῶν
888 2760 1157 2861 ἀναπληροῦται
1185 2757 1227 2836 τό
1262 2758 1403 2857 θέλημα
1432 2764 1500 2836 τοῦ

135 2948 141 2962 .
299 2891 323 2928 “
333 2877 472 2966 πάντας
500 2879 707 2984 ἀνθρώπους
735 2880 903 2966 θέλοντος
929 2881 1111 2986 σώζεσθαι
1138 2883 1195 2961 καὶ
1222 2887 1270 2965 είς
1300 2881 1500 2982 ἐπίγνωσιν
1516 2921 1558 2961 ιο

189 2985 195 2999 ⁵
299 3014 323 3053 “
341 3006 509 3106 ἀληθείας
545 3007 698 3086 ἐλθεῖν.”
749 3005 891 3111 ἔχαιρον
925 3005 996 3109 γάρ
1033 3007 1090 3086 ἐπὶ
1126 3005 1264 3090 τούτοις
1298 3003 1401 3106 κάγιῦ
1438 3009 1500 3085 καὶ

299 3131 384 3210 λίαν
411 3130 579 3230 ἠδίστους
606 3128 818 3234 ἐλογιζόμην
839 3127 921 3214 τοῦς
947 3127 1090 3216 πόνους.
1132 3129 1219 3210 όταν
1241 3129 1371 3226 τοίνυν,
1390 3130 1500 3234 φησὶ,

300 3253 466 3354 τοιαύτην
489 3255 624 3355 ἕλησθε
651 3253 743 3359 ἐχειν
760 3252 889 3357 χαρῖιν,
907 3253 952 3354 ἣν
976 3257 1116 3363 ἐμαυτῷ
1144 3251 1290 3358 πρέπειν
1318 3249 1498 3353 ἐλογισά-

272 3417 290 3460 ο
300 3413 383 3478 μην,
402 3377 482 3458 τότε
499 3378 638 3458 τελείαν
656 3377 766 3478 αῦιὴν
784 3377 879 3485 ἕξετε
897 3381 955 3458 καὶ
974 3377 1190 3482 ὁλόκληρον.

358 3499 624 3603 Πληρεστότην
645 3499 717 3606 γάρ
736 3501 848 3587 ὅντως
869 3505 927 3581 καὶ
949 3503 1089 3583 τελείαν
1107 3499 1195 3582 εἶναι
1213 3498 1332 3607 χαρῦιν
1350 3499 1495 3605 λογιᾷί-
1517 3541 1558 3601 ι5

194 3729 200 3736 .
300 3629 402 3723 μεθα,
421 3622 488 3724 τὴν
512 3627 550 3705 ἐν
576 3630 659 3732 Θεῷ
684 3628 743 3704 καὶ
770 3623 828 3705 διά
848 3624 943 3706 θεὸν
968 3629 1025 3706 καὶ
1049 3623 1103 3708 ἐπ’
1123 3626 1239 3729 ἔργοις
1261 3625 1419 3728 ἀγαθοῖς,
1439 3624 1501 3706 διὰ

299 3745 342 3827 τὸ
368 3745 528 3847 πεπηγὸς
556 3751 613 3827 καὶ
644 3746 844 3849 ἀκλόνητον
874 3753 936 3849 τῆς
967 3751 1124 3834 ἐλπίδος·
1164 3751 1222 3828 καὶ
1247 3747 1301 3829 ὅτι
1331 3747 1496 3852 γέγονεν,

298 3869 356 3978 ἐφ’
376 3869 428 3955 οἷς
444 3870 489 3973 ἦν
506 3869 608 3969 είκῦς,
625 3873 704 3977 οῦχὶ
721 3870 852 3971 μόνους
874 3873 976 3973 ἡμᾶς,
995 3871 1095 3953 ἀλλά
1119 3875 1178 3952 καὶ
1203 3872 1312 3954 αῦτὸν
1340 3874 1502 3974 ἡσθῆναι

298 3993 363 4075 τὸν
380 3998 539 4097 Ἰησοῦν·
578 3994 688 4096 ἀτελῆ
715 3994 753 4075 δέ
780 3995 897 4101 χαράν
921 3995 988 4096 τὴν
1011 3999 1048 4078 ἐν
1072 3997 1200 4105 κόσμῳ
1227 3995 1356 4103 φαμέν,
1375 3997 1435 4076 διά
1458 4033 1502 4080 τε

299 4119 341 4200 τῦ
374 4119 625 4236 εῦπαράφορου
657 4126 716 4202 καὶ
747 4119 790 4202 τὸ
820 4122 876 4228 ἐφ’
905 4119 957 4206 οἷς
990 4121 1122 4222 ἥκιστα
1158 4125 1251 4226 χρῆν
1281 4123 1501 4223 τελουμένην
1517 4157 1560 4215 3ο

299 4247 467 4349 όρᾶσθαι,
502 4246 678 4342 τουτέστι,
710 4245 904 4352 πριίγμασι
940 4254 1135 4344 κοσμικαῖς,
1168 4245 1193 4326 ἀ
1224 4245 1501 4354 φαντασμάτων

335 4467 376 4518 ι4.
394 4449 721 4509 ἶνἘ.ἴνοα.Οοι·δ.Εδ.
853 4463 894 4524 ι5.
912 4449 1138 4522 διιοθυμιῖσθεΕ.
1269 4455 1311 4510 ι8.
1329 4451 1497 4523 moeni.

298 4536 342 4575 ιο.
361 4521 470 4576 θέλοντα
484 4522 516 4576 Ε.
565 4523 679 4593 σωθῆναι
692 4541 715 4580 ο.
729 4521 811 4580 Οοιδ.
943 4539 985 4578 τι.
1003 4523 1063 4580 τοὺς
1073 4539 1128 4579 om.
1141 4524 1174 4580 E.
1311 4541 1355 4594 3ο.
1374 4525 1404 4579 τὸ
1418 4525 1494 4595 prius

297 4599 468 4661 asumptum
479 4609 512 4646 ex
525 4591 558 4648 E.
