3184 5104
397 369 459 430 146
698 369 737 433 Β.
762 366 970 432 CYRILLI
1000 363 1289 430 ALEXANDR.
1464 360 1494 423 ix

397 541 420 579 “
434 529 550 630 θυμόν
563 567 633 632 μου
649 533 796 633 έπλησα
811 534 869 612 καὶ
888 531 1054 636 ἐπέσχον,
1067 534 1125 611 καὶ
1143 532 1184 610 οὐ
1199 526 1421 610 συνετέλεσα
1438 525 1494 604 αὐτ

289 681 295 696 ·
339 681 345 695 ·
398 654 542 759 ἑτέρωθι
561 653 599 735 δέ
617 653 731 736 πόλιν
750 667 772 703 “
788 658 904 736 Οὔπω
923 654 994 758 γὰρ
1018 653 1342 757 ἀναπεπλήρωνται
1367 656 1403 730 αί
1428 652 1494 747 ἁμα

399 791 421 828 “
440 787 512 859 τῶν
530 779 757 885 Ἀμοῤῥαίων
775 781 839 864 ἕως
858 789 922 861 τοῦ
941 779 1040 861 νῦν.”
1071 783 1157 887 δρᾷς
1175 779 1273 862 ὅπως
1291 777 1429 876 ἔπλησε
1448 772 1491 872 μέ

398 902 524 1002 θυμὸν,
556 905 668 1008 ἐδρων
705 903 778 1009 γὰρ
815 903 884 1004 ἤδη
923 904 1014 988 τινές
1050 899 1308 1007 πληρεστότου
1344 897 1473 979 λοιπὸν

397 1035 523 1127 θυμοῦ,
555 1031 765 1133 διεκαρτέρει
802 1028 840 1109 δέ
877 1031 925 1114 ὡς
963 1028 1070 1126 Θεὸς,
1106 1032 1163 1108 καὶ
1201 1025 1244 1107 τό
1281 1023 1491 1106 συντέλειαν

398 1162 581 1233 λυποῦσιν
600 1157 797 1255 ἐπενεγκεῖν
815 1153 1052 1247 ἀνεβάλλετο.
1087 1153 1171 1232 ἀλλ’
1191 1152 1250 1232 ἵνα
1268 1185 1340 1247 σοι,
1359 1151 1417 1228 καὶ
1437 1159 1494 1226 καί

399 1278 438 1356 ἐν
455 1276 588 1374 πίνακι,
603 1275 669 1377 τὴν
687 1283 760 1357 τῶν
779 1277 971 1380 εἰρημένων
988 1281 1249 1360 ἀνατυποῦντες
1267 1272 1461 1379 ἀπόδειξιν,
1476 1305 1494 1349 κ

400 1401 518 1481 αὐτῶν
539 1399 607 1502 ἤδη
635 1400 978 1509 πληροφορήσωμεν
1003 1407 1075 1481 τῶν
1102 1397 1341 1503 πραγμάτων,
1362 1396 1416 1477 ὅτι
1443 1399 1494 1494 τῆι

401 1529 497 1604 Θεοῦ
517 1526 792 1630 φιλανθρωπίας
812 1523 986 1628 ἐγκώμιόν
1004 1528 1083 1606 ε’στι
1101 1523 1144 1606 τὸ
1169 1523 1361 1627 εἰρημένον,
1378 1520 1494 1624 παροίι

234 1667 352 1726 ΜΔ.
374 1654 475 1729 οτῶν
487 1652 524 1728 ἐν
537 1656 612 1732 τοῖς
629 1653 734 1753 ἱεροῖς
752 1648 921 1749 κειμένων
935 1648 1136 1753 γράμμασι,
1152 1650 1210 1727 καὶ
1228 1648 1273 1754 ἐξ
1287 1649 1395 1745 αὐτῆς
1414 1648 1494 1725 ἀποί

400 1771 619 1875 πειράσομαι
641 1777 705 1872 τῆς
732 1775 828 1858 θείας
854 1778 1008 1879 γραφῆς,
1027 1774 1276 1879 ἐπενεχθείσας
1293 1769 1467 1872 ἁμαρτίας
1485 1803 1494 1847 ι

399 1930 474 1999 ρων
491 1900 547 1978 ἐπὶ
572 1895 677 1977 τέκνα
701 1899 759 1978 ἐπὶ
783 1899 908 2001 τρίτην
930 1902 989 1977 καὶ
1015 1895 1188 1999 τετάρτην
1212 1895 1337 1999 γενεὰν
1361 1896 1425 1974 οὐκ
1452 1896 1494 1972 ἀδ

401 2019 503 2099 ἀλλὰ
536 2021 689 2117 δικαίως,
722 2025 779 2101 καὶ
816 2029 889 2105 τοῖς
927 2029 1033 2101 τοῦτο
1070 2029 1230 2101 παθοῦσι
1266 2051 1494 2124 κεχρεωστημ

400 2144 590 2246 γενήσεται
618 2143 656 2225 δέ
685 2147 705 2225 ὁ
731 2144 843 2248 λόγος
869 2142 993 2225 διὰτὸ
1018 2149 1131 2246 μῆκος
1155 2149 1220 2244 τῆς
1244 2143 1405 2246 ἱστορίας
1429 2144 1494 2221 ε’ντ

403 2269 530 2373 δρομῇ.

458 2395 613 2492 Οὐκοῦν,
631 2396 679 2477 ὡς
704 2396 742 2473 ἐν
765 2398 816 2501 τῷ
841 2394 950 2502 τρίτῳ
968 2394 1104 2502 βιβλίῳ
1129 2400 1202 2473 τῶν
1219 2397 1420 2489 βασιλειῶν
1439 2391 1494 2467 ἀνι

401 2551 477 2614 μεν,
500 2516 764 2612 βεβασίλευκεν
786 2520 844 2599 ἐπὶ
869 2517 933 2598 τὸν
950 2517 1105 2622 Ἰσραὴλ
1128 2520 1208 2618 μεθΙ
1229 2517 1368 2620 ἐτέρους
1392 2517 1412 2594 ό
1436 2512 1493 2616 Ἀ]

368 2638 441 2724 δός
473 2642 688 2740 ἀμπελῶνος
717 2645 794 2723 κατ’
824 2643 950 2723 οὐδένα
981 2640 1116 2746 τρόπον
1145 2643 1242 2752 αὐτῷ
1272 2639 1493 2744 προσήκοντι

402 2763 625 2864 ἀδικωτάτην
644 2765 813 2864 ἐμπεσὼν
830 2769 1030 2866 ἐπιθυμιάν,
1049 2770 1187 2869 ἀναιρεῖ
1207 2767 1271 2846 τὸν
1293 2763 1488 2865 δεσπότην,

402 2889 440 2970 δέ
454 2886 518 2969 τὸν
529 2891 731 2984 Ναβουθαί.
762 2897 791 2970 εἰ
809 2889 881 2992 γὰρ
900 2894 958 2970 καὶ
976 2889 1026 2992 μὴ
1045 2898 1150 2971 τοῦτο
1169 2891 1336 2993 γενέσθαι
1354 2897 1492 2989 προστέ

403 3011 520 3112 αὐτὸς,
551 3015 636 3093 ἀλλ’
665 3017 723 3094 ἐπὶ
753 3021 832 3098 ταῖς
864 3019 927 3113 τῆς
959 3012 1126 3118 γυναικὸς
1158 3015 1391 3117 δυστροπίαις
1426 3015 1491 3091 οὐκ

404 3136 548 3244 σφόρει.
587 3135 780 3240 ἠγανάκτει
804 3135 898 3223 Θεὸς
925 3140 982 3218 ἐπὶ
1011 3137 1147 3222 τούτοις
1176 3139 1386 3240 ἀναγκαίως,
1405 3133 1482 3217 εἶτά

404 3259 496 3365 πρὸς
523 3260 633 3342 αὐτὸν
659 3260 718 3342 διὰ
745 3269 809 3342 τοῦ
835 3261 1027 3368 προφήτου
1045 3261 1179 3342 Ἡλιοῦ
1198 3272 1220 3309 “
1233 3259 1330 3342 Τόδε
1351 3260 1450 3365 λέγει
1472 3267 1490 3340 F

405 3394 427 3431 “
444 3386 511 3467 Ὡς
543 3384 593 3464 σὺ
629 3385 829 3491 ἐφόνευσας
860 3387 918 3464 καὶ
955 3383 1258 3488 ἐκληρονόμησας,
1291 3381 1350 3465 διὰ
1381 3393 1489 3465 τοῦτο

405 3516 428 3554 “
447 3506 545 3608 λέγει
566 3509 699 3610 Κύριος
717 3512 783 3589 Ἐν
802 3515 853 3618 τῷ
877 3509 977 3617 τόπῳ
1002 3509 1044 3588 οὗ
1069 3506 1212 3616 ἐλειξιιν
1230 3512 1264 3589 αί
1286 3510 1342 3593 ὕες
1365 3513 1424 3590 καὶ
1447 3515 1479 3588 οί

408 3639 431 3678 “
447 3628 490 3708 τὸ
518 3629 607 3729 οἶμα
630 3636 832 3731 Ναβουθαὶ,
854 3636 926 3713 ἐκεῖ
950 3633 1135 3740 λείξουσιν
1160 3639 1192 3714 οἱ
1219 3633 1319 3718 κύνες
1347 3631 1389 3712 τὸ
1418 3631 1489 3732 αἷμι

237 3255 325 3318 3Reg.

237 3335 278 3371 xx.
290 3335 327 3386 19.

378 3765 428 3832 o“
449 3755 505 3832 καὶ
534 3759 570 3833 αἱ
599 3753 729 3857 πόρναι
758 3757 955 3836 λούσονται
983 3761 1021 3837 ἐν
1045 3763 1097 3865 τῷ
1124 3757 1250 3856 αἵματί
1273 3759 1379 3837 σου·”
1409 3761 1469 3837 καὶ

326 3909 343 3917 -
433 3879 441 3903 ι
481 3877 491 3904 ι
615 3878 625 3902 ι
729 3879 740 3908 ι
868 3880 878 3908 ι
980 3883 988 3908 ι
1059 3879 1070 3907 ς
1109 3884 1119 3909 ι
1162 3869 1177 3912 Ι
1261 3883 1307 3914 ις
1371 3880 1381 3910 κ
1487 3881 1488 3890 ’

240 3880 281 4010 {¹22
296 3894 322 3930 ²¹
406 3884 510 3962 ευθυς
532 3889 552 3926 “
567 3883 664 3959 Ταδε
693 3890 791 3982 λεγει
821 3886 953 3982 Κυριος
992 3887 1074 3962 Ιδου
1101 3917 1224 3984 επαγω
1251 3917 1308 3962 επι
1336 3916 1381 3961 σε
1409 3915 1487 3961 κακι

406 4013 428 4051 “
447 4001 612 4083 ἐκκαόσω
640 4005 759 4085 ὀπίσω
787 4039 858 4085 σου
889 4007 947 4085 καὶ
980 4003 1236 4110 ἐξολοθρειίσω
1269 4013 1334 4086 τοῦ
1361 4005 1487 4111 Ἀχαδη

443 4266 467 4303 2.
486 4249 713 4320 όναπεπλὴρωνται
729 4251 760 4306 Β.
773 4253 805 4306 δν
815 4252 996 4321 πεπληρωνται
1010 4252 1101 4308 Holst.
1116 4252 1167 4310 Ed.
1286 4273 1312 4322 4.
1330 4255 1424 4308 λοιπόν
1436 4272 1486 4308 ass}

406 4337 438 4374 ex
454 4319 486 4373 B.
594 4337 620 4390 5.
638 4322 793 4392 διεκαρτέρει
809 4323 840 4377 Β.
854 4324 926 4378 διοκο
945 4327 1013 4394 τερεῖ
1026 4325 1077 4378 Ed.
1126 4327 1155 4381 δς
1168 4325 1201 4381 Β.
1301 4343 1328 4397 9.
1346 4325 1467 4396 παροίσω
1480 4347 1486 4377 τ

406 4389 531 4442 emendat
544 4389 643 4461 Heyse.
655 4395 747 4462 παροῐς
759 4395 867 4448 ὅτιτῶν
879 4395 906 4447 ἐν
922 4345 952 4448 Θ.
965 4415 1001 4448 πο
1051 4395 1098 4450 Ht.
1114 4395 1165 4451 Ed.
1251 4412 1293 4451 10.
1311 4397 1433 4464 κειμένων
1448 4395 1480 4449 Β.

385 4485 388 4492 ’
408 4457 456 4510 Ht.
472 4457 524 4511 Ed.
638 4478 679 4514 12.
698 4461 785 4534 τέκνα]
804 4470 832 4528 †
847 4465 889 4518 καί
904 4465 952 4520 Ht.
966 4465 989 4519 E
1011 4505 1017 4520 .
1128 4482 1168 4536 13.
1187 4466 1417 4537 κεχρεωστημένως
1432 4465 1485 4520 BA·

407 4527 625 4614 κρωστονμέγωι
637 4530 709 4584 Aub.
846 4548 887 4604 17.
904 4537 1096 4619 βεβαρίλευκεν
1107 4536 1232 4592 emendat
1244 4537 1343 4608 Heyse.
1356 4539 1485 4600 βεβασιλι

406 4595 623 4656 βεβασιλευκεναι
637 4598 687 4654 Ηι.
700 4599 762 4665 Ed„
774 4604 789 4654 ὁ
801 4611 862 4658 ante
874 4604 962 4676 ἀχαὰβ
973 4624 1001 4661 1n
1013 4609 1059 4663 τὸν
1071 4615 1183 4662 mutato.
1292 4623 1334 4662 20.
1354 4604 1396 4678 δι’]
1411 4607 1442 4676 δι)
1455 4623 1479 4662 α
