3118 5132
521 1089 763 1166 ΚΕΦΑΛΗ
805 1091 851 1168 Α.

61 1349 116 1414 Ὀτι
136 1355 188 1417 δαὶ
210 1353 273 1434 τήν
293 1353 476 1432 ταντθτητα
492 1355 552 1432 ,τῆς
574 1353 703 1435 φύσεως,
719 1355 736 1418 ὅ
753 1353 827 1421 ’Υἱὸς
846 1354 904 1434 μὲν
926 1353 960 1418 ἑν
981 1353 1021 1439 τῷ
1042 1350 1142 1434 Ποτρί
1159 1349 1251 1431 ἔστιν,
1268 1351 1315 1417 δα

353 1473 467 1556 Πατὴρ
491 1471 520 1538 δ’
544 1473 581 1537 αὖ
601 1473 694 1538 πόλιν
715 1475 750 1539 ἑν
771 1475 811 1560 τῷ
832 1475 894 1561 m
918 1474 1010 1538 ἔστιν.

82 1718 256 1812 Πιστεύετε
288 1721 348 1787 ὅτι
377 1717 447 1792 ὲτώ
473 1717 509 1784 ὲν
535 1723 584 1804 τῷ
605 1716 705 1808 Πατρλ
733 1718 786 1784 καί
812 1719 831 1787 ὁ
857 1717 972 1809 Πατιλρ
998 1719 1035 1785 ἐν
1062 1717 1135 1798 ἐμοί
1160 1719 1261 1791 ἔστιν.
1301 1747 1334 1792 ιι

58 1979 68 2034 5
115 1957 490 2042 ἈΝΑΦΑΝΔΟΝ
517 1957 585 2060 ἤδη
617 1961 743 2066 φησίν,
772 1966 919 2061 μᾶλλον
949 1957 988 2040 δὲ
1019 1963 1077 2040 καὶ
1109 1959 1287 2040 ἐπιτάττει

77 2085 194 2166 λοιπὸν
226 2085 292 2166 ὅτι
326 2083 512 2187 προσήκοι
544 2091 690 2188 φρονεῖν
719 2085 786 2190 οὐχ
817 2085 942 2188 ἑτὲρως
974 2085 1077 2185 ἡμᾶς,
1105 2082 1128 2186 ἢ
1161 2081 1286 2186 ὥσπερ

78 2209 171 2295 ν’πὸς
197 2213 220 2290 ὁ
250 2215 324 2310 τῆς
353 2209 525 2308 ἀληθείας
546 2208 718 2305 βούλοιτο
736 2209 857 2311 λόγος.
895 2209 1086 2308 ὁμοοιίσιος
1110 2206 1181 2312 γάρ
1205 2209 1285 2287 ε’στι

81 2336 217 2442 τῷίδίερ
237 2331 449 2436 γεννήτορι,
465 2337 760 2430 μεσολαβοῦντος
778 2340 964 2417 παντελῶς
983 2331 1171 2435 οὐδενός,ή
1192 2330 1285 2412 κατά
1296 2348 1317 2414 d
1359 2405 1371 2422 ,

82 2489 106 2533 τι
134 2467 230 2561 γοῦν
263 2455 524 2540 διακόπτοντος
553 2461 602 2540 είς
634 2453 824 2559 ἑτερότητα
854 2455 1014 2564 φυσικήν
1042 2457 1191 2561 θατὲρου
1219 2455 1283 2538 τόν

57 2579 205 2683 ῑεὲτερον.
264 2579 318 2665 εἷς
346 2578 420 2684 γάρ
447 2581 527 2660 ἑστι
553 2578 644 2683 πρὸς
672 2579 791 2678 αὑτὸν,
817 2584 865 2666 ὡς
893 2583 930 2661 ἑν
956 2587 1002 2687 τῇ
1029 2591 1093 2662 τοῦ
1120 2581 1283 2667 τεκόντος

84 2706 178 2814 οίισίᾳ
209 2703 286 2806 τήν
320 2712 385 2784 τοῦ
414 2710 506 2785 Υίοῦ
538 2705 790 2810 διαφαίνεσθαι
827 2704 953 2813 φύσιν,
983 2709 1041 2786 καὶ
1072 2708 1110 2786 ἑν
1140 2711 1186 2813 τῇ
1219 2713 1283 2787 τοῦ

84 2831 307 2932 γεννήματος
326 2828 433 2937 οὐσίᾳ
451 2830 517 2930 τὴν
535 2837 599 2908 τοῦ
619 2835 714 2909 Θεοῦ
733 2831 791 2909 καί
811 2829 957 2933 Πατρός
981 2831 1140 2933 ὁρᾶσθαί
1161 2865 1200 2911 τε
1224 2833 1282 2911 καὶ

83 2957 303 3059 ίαιτρέπειν,
328 2951 453 3058 ὥσπερ
480 2949 605 3055 ἀμὲλει
634 2956 692 3033 καλ
720 2956 758 3033 ἑν
781 2960 856 3038 τοῖς
883 2956 964 3034 καθ’
983 2955 1076 3054 ἡμᾶς
1102 2952 1284 3056 θεωρήσαι

83 3108 126 3161 τις
149 3079 215 3159 ἄν.
258 3079 306 3158 οὐ
323 3075 396 3182 γὰρ
414 3079 525 3182 ἕτεροι
542 3076 633 3158 κατὰ
652 3078 766 3185 φύσιν
784 3076 894 3177 ε’σμὲν
911 3077 1003 3181 πρὸς
1027 3076 1072 3158 τὰ
1097 3078 1141 3185 ἑξ
1165 3079 1284 3158 αὐτῶν

56 3202 303 3304 'immistam
322 3204 402 3283 οὔτε
419 3201 491 3302 μὴν
509 3207 558 3288 είς
580 3199 844 3307 ἀλλοτριότητα
868 3201 1079 3306 μεριζόμεθα
1104 3199 1280 3309 φυσικὴν,
1343 3209 1346 3214 ’

82 3331 191 3408 eim}
217 3333 268 3433 τῇ
296 3332 370 3406 τῶν
388 3326 570 3425 σωμάτων
585 3324 765 3428 ἑτερότητι
790 3326 1037 3426 διεστήκαμεν·
1066 3325 1189 3429 διόπερ
1215 3327 1283 3409 ’ίδοι

82 3484 127 3535 τις
152 3449 205 3533 ἂν
229 3449 300 3532 τὸν
328 3449 503 3554 μακάριον
527 3450 700 3553 Ἀβραὰμ
727 3452 748 3530 ὃ
775 3451 840 3532 τὸν
866 3451 910 3558 ἐξ
934 3453 1044 3532 αὑτοῦ
1070 3451 1313 3556 γεννηθένταο

83 3577 150 3656 ιίὸν
178 3574 363 3678 ἑωρακώς.
415 3577 500 3656 ἀλλ’
530 3577 588 3656 ἐπὶ
617 3572 681 3675 μὲν
708 3574 909 3678 ἀνθρώπων
935 3575 1046 3682 τυχὸν
1072 3575 1198 3679 πολλή
1230 3612 1283 3662 τις

83 3703 174 3782 ἐστὶν
201 3703 227 3802 ἠ
261 3699 428 3798 διακοπὴ,
456 3699 755 3798 συστελλομὲνου
782 3697 927 3803 τρόπον.
943 3699 1022 3781 τινὰ
1050 3705 1109 3782 καὶ
1136 3704 1279 3806 ἀναχω-

55 3835 224 3928 ηροῑιντος
255 3825 555 3933 μεμορφωμὲνως
587 3821 744 3904 ἑκάστου
774 3823 867 3928 πρὸς
899 3821 942 3905 τὸ
975 3826 1071 3909 ίδίως
1102 3825 1194 3928 ἔχειν
1224 3828 1283 3904 καὶ

86 3953 280 4060 φύεσθαι,
310 3953 372 4032 καὶ
409 3949 475 4028 οὐκ
506 3948 752 4054 ἐμπεφυκότος
781 3955 833 4058 τῷ
862 3950 968 4056 ἑτὲρῳ
1000 3953 1223 4047 σωματικῶς,
1252 3953 1282 4028 εί

86 4085 130 4162 ιιιλ
152 4079 271 4168 κοινός
297 4073 488 4160 ἇπασινὸ
511 4077 575 4173 τῆς
600 4074 726 4158 οὐσίας
751 4074 865 4180 ὁρῷτο
890 4069 1014 4175 λόγος·
1045 4073 1102 4152 ε’πλ
1127 4067 1165 4149 δὲ
1184 4075 1282 4151 Θεοῦ

86 4217 132 4290 τοῦ
153 4209 245 4295 κατὰ
276 4202 409 4319 φύσιν
433 4195 612 4298 ἐννοήσεις
640 4199 708 4304 οὐχ
735 4199 859 4282 οὕτως·
894 4193 1094 4300 ίδιαφίντιιις
1120 4192 1186 4293 μὲν
1209 4191 1282 4298 γὰρ

407 4449 437 4507 5.
455 4435 496 4490 ιιιιλ
508 4453 562 4492 om.
576 4435 610 4492 E.
728 4453 755 4508 9.
773 4437 818 4491 τὸν
831 4432 972 4490 Ε.τὸΕτλ.
1093 4449 1135 4502 14.
1153 4403 1237 4490 ίιντόν
1249 4434 1282 4492 Ε.

79 4459 251 4616 12¹?ssssss
379 4523 428 4565 σο.
447 4506 652 4580 μεμορφομίνης
665 4507 697 4563 Ε.
806 4523 849 4578 ²³·
868 4504 1011 4574 λδκιζόντας
1025 4503 1058 4561 Ε.
