3184 5104
399 338 464 402 170
702 336 741 400 B.
764 333 973 400 CYRILLI
1004 333 1292 400 ALEXANDR.
1480 333 1492 396 iz

350 589 385 652 Ι7
430 581 581 656 Λέτουοιν
607 577 664 646 οὖν
692 581 790 647 πάλιν
816 582 865 666 τῷ
890 583 1006 668 τυφλῷ
1029 577 1069 646 Ϊί
1096 581 1134 648 σὺ
1161 593 1267 656 Aerem
1293 578 1368 669 περὶ
1394 577 1487 644 αὐτοῦ

729 707 840 776 ἀνοιξὲ
867 728 925 773 σου
952 705 1028 771 τοδε
1054 705 1267 794 ὀφθαλμούο;

456 873 681 976 Παραπαίειν
703 874 887 976 νομίζουσι
914 869 997 958 τοὺς
1023 869 1070 953 τά
1098 871 1215 952 δίκαια
1237 867 1367 974 κρίνειν
1388 875 1492 972 προθι

230 1017 287 1074 ou
295 1015 335 1073 A.
369 995 538 1098 αμὲνους·
566 999 805 1096 ἐπιλελῆσθαι
828 995 872 1076 δέ
891 1031 953 1096 μοι
975 999 1123 1077 δοκοῦσι
1140 1001 1327 1080 παντελῶς
1344 1003 1408 1075 τοῦ
1426 995 1492 1095 λε’γι

229 1109 352 1228 ξξὲωι
401 1125 525 1222 Κρΐμα
549 1121 683 1201 δίκαιον
701 1121 853 1224 κρίνατε,
872 1117 1216 1224 προκατειλημμένοι
1234 1117 1273 1200 δὲ
1290 1116 1414 1221 ῶσπερ
1430 1124 1492 1201 τοῖς

399 1243 537 1352 φθόνου
564 1247 720 1342 δεσμοῖς,
739 1249 862 1351 φωνῆς
887 1244 983 1329 ὅλως
1006 1242 1139 1324 ἐπαΐειν
1162 1242 1324 1343 τιμεόσης
1346 1238 1492 1344 Χριστδι

394 1367 594 1473 ἀνέχονται,
616 1369 702 1448 ἀλλ’
723 1365 849 1471 ῶσπερ
877 1366 957 1448 τινὰ
983 1373 1057 1448 τῶν
1081 1369 1199 1453 αὐτοῖς
1226 1365 1492 1464 πολεμιωτάτωι

396 1499 471 1572 τῶν
486 1491 704 1600 παραδόξων
725 1499 904 1573 συνειπεῖν
923 1490 1078 1572 θέλοντα
1100 1493 1383 1594 παραιτούμενοι,
1403 1494 1460 1570 καὶ
1484 1527 1492 1588 γ

397 1619 461 1715 τῆς
478 1619 613 1696 ἑαυτῶν
632 1618 892 1722 φροντίσαιπες
917 1620 1080 1723 κεφαλῆς
1101 1615 1393 1718 παρατρέπουσιν
1411 1617 1492 1715 ἅλας

395 1739 480 1825 τοὺς
497 1737 630 1843 λόγους
648 1744 705 1822 ε’πὶ
722 1739 786 1821 τὸν
804 1733 1007 1843 ἀνθρωπον,
1028 1738 1068 1824 ὃς
1085 1739 1131 1840 ἦν
1149 1739 1455 1844 τεθεραπευμένος,
1475 1771 1492 1816 κ

395 1864 576 1948 πολλάκις
608 1863 786 1946 ἀκουσθέν
813 1865 995 1968 ἐρωτῶσιν
1021 1871 1191 1963 εἰσαῦθις,
1218 1861 1492 1968 προκεκληκότει

395 1990 464 2091 ἤδη
483 1987 627 2097 φαῦλόν
644 2024 682 2069 τε
703 1991 761 2070 καὶ
788 1986 1005 2094 ἁμαρτωλὸν
1023 1989 1086 2069 τόν
1104 1987 1352 2094 ἐνεργήσΜά
1375 2023 1409 2068 τι
1435 2023 1492 2068 κατ

362 2112 602 2210 δσόββατον·
641 2110 794 2209 οἰόμενοι
823 2111 861 2192 δὲ
890 2111 949 2193 διά
976 2121 1081 2193 τοῦτο
1109 2103 1362 2194 καταδικάσειν
1386 2113 1492 2192 αὐτοῦ

396 2240 515 2324 αὐτοῖς
541 2234 605 2318 τὸν
627 2234 781 2344 τυφλόν,
800 2239 859 2317 καὶ
886 2244 964 2322 ταῖς
990 2238 1072 2340 παρ’
1093 2238 1211 2316 αὐτῶν
1234 2235 1492 2336 ἀκολουθήσειν

396 2368 482 2458 ναῖς,
509 2360 574 2446 τὰς
602 2359 669 2462 μὲν
694 2363 753 2442 ε’πὶ
781 2366 827 2466 τῇ
854 2370 919 2441 τοῦ
945 2358 1083 2444 πάθους
1110 2363 1313 2466 ἀπαλλαγῇ
1341 2395 1492 2465 χαριστη

394 2483 501 2590 εὐχὰς
519 2484 810 2590 περιστείλαντα,
829 2483 967 2597 δεδιότα
993 2483 1031 2564 δὲ
1056 2486 1115 2564 καὶ
1136 2483 1203 2584 τὴν
1219 2486 1303 2588 παρ’
1322 2485 1492 2565 ἐκείνωνί

394 2607 695 2712 καταπεφρικότα,
714 2607 977 2713 κατηγορήσειν
994 2606 1151 2694 εὐκόλως
1169 2613 1218 2694 ὡς
1237 2608 1491 2712 παροινήσαντι

395 2729 492 2840 νόμερ
518 2730 577 2812 διὰ
598 2729 641 2812 τὸ
665 2731 871 2828 σάββατον.
910 2731 1068 2836 πονηρός
1084 2731 1150 2832 μὲν
1168 2735 1231 2814 οὖν
1249 2739 1323 2814 τῶν
1342 2739 1491 2837 Φαρισα

395 2853 585 2958 λογισμός,
605 2855 660 2936 ὅτι
678 2856 716 2937 δὲ
735 2854 874 2957 ἀμαθὴς
893 2859 958 2938 οὐκ
977 2858 1199 2963 ἀμφίβολον.
1240 2858 1278 2936 τί
1293 2855 1364 2961 γάρ
1382 2855 1428 2938 ἀν
1446 2859 1490 2958 ἠδ

366 2988 459 3064 ατοῦ
482 2979 693 3090 παραδόξου
715 2978 781 3080 τὴν
803 2981 954 3081 δύναμιν
976 2978 1054 3066 ἑνός
1080 2980 1281 3086 ἀχαρίστου
1305 2979 1434 3090 φωνή,
1471 2981 1490 3082 ἢ

395 3109 459 3188 οὐκ
484 3111 522 3188 ἐν
541 3104 632 3214 δόξῃ
657 3111 848 3210 θεοπρεπεῖ
869 3112 1035 3212 φανεῖται
1058 3101 1221 3207 Χριστὸς
1248 3103 1345 3209 εἴπερ
1373 3105 1489 3206 ε’νικήθ

395 3231 502 3340 φόβῳ
520 3229 563 3312 τό
581 3229 691 3336 τυχὸν
710 3231 730 3310 ὁ
748 3227 899 3336 τυφλὸς,
918 3231 977 3310 καὶ
1002 3227 1045 3309 τὸ
1070 3230 1259 3329 ὑπομεῖναί
1276 3263 1312 3309 τι
1328 3235 1403 3309 τῶν
1419 3235 1489 3310 εὶωί

366 3371 369 3392 ’
394 3363 522 3436 λυπεῖν
539 3354 818 3458 παραιτούμενος
836 3351 903 3447 τὴν
921 3350 1028 3458 χάριν
1045 3351 1254 3456 ἡρνὴσατο;
1283 3352 1384 3432 ἀλλὰ
1410 3353 1489 3434 δεινὶ

393 3478 436 3560 τὸ
465 3478 599 3560 πείθειν
627 3482 647 3559 ὁ
676 3476 810 3584 φθόνος
839 3475 923 3563 τοὺς
951 3478 1143 3562 ῶδίνοντας
1172 3477 1282 3560 αὐτὸν
1307 3475 1399 3584 πρὸς
1431 3477 1475 3558 τὸ

394 3602 603 3704 ε’πείγεσθαί
626 3636 661 3681 τι
688 3607 837 3704 θερμῶς,
856 3601 924 3681 κάν
945 3602 1011 3708 ἔχη
1037 3601 1134 3683 πολὺ
1159 3601 1202 3683 τό
1227 3611 1408 3704 γελᾶσθαι
1436 3606 1488 3682 δικ

394 3725 676 3828 ἀπηλλαγμένος
711 3724 749 3805 δὲ
784 3732 857 3806 τῶν
894 3727 1066 3807 τοιούτων
1102 3728 1122 3806 ὁ
1158 3733 1250 3822 νοῦς,
1288 3726 1487 3828 λογισμοὺς

395 3851 589 3934 ἀσυνέτους
619 3854 784 3952 διαπηδᾷ,
813 3847 1066 3931 ἀθόλωτονδέ
1097 3848 1140 3930 τό
1172 3855 1299 3930 οἰκεῖον
1326 3852 1380 3930 ἀεὶ
1409 3855 1487 3929 διαο

394 3977 546 4072 κάλλος,
581 3972 726 4082 φέρεται
765 3975 841 4053 κατ’
875 3973 961 4055 εόθό
993 3982 1058 4054 τοῦ
1093 3971 1304 4072 πρέποντος,
1337 3975 1396 4053 καὶ
1426 3981 1486 4052 τῶι

431 4196 456 4235 1.
468 4179 547 4233 αιἰτοῦ
560 4176 593 4232 Β.
603 4179 715 4233 σεαυτοῦ
729 4175 819 4232 Ηολεῐ.
830 4175 882 4232 Ed.
947 4189 974 4302 B
988 4177 1044 4231 τινὰ
1057 4181 1108 4232 τῶν
1119 4175 1207 4233 αὐτοῖς
1218 4173 1365 4230 emendavi.
1375 4175 1465 4232 αὐτοῖς
1477 4199 1486 4230 τ

393 4251 481 4307 αὐτοῖς
494 4249 527 4304 Β.
540 4247 592 4303 Ed.
636 4247 733 4302 Statim
744 4252 934 4318 πολεμῶτατῶν
1027 4249 1073 4302 τδν
1083 4253 1135 4303 τῶν
1144 4247 1300 4318 παραδόξων
1311 4246 1391 4302 οελίιλί.
1404 4269 1436 4300 το
1448 4253 1485 4302 τῶ

357 4341 365 4355 ·
394 4321 479 4388 δόξαν
491 4319 524 4374 Β.
536 4321 567 4373 τδ
579 4319 728 4389 παράδοξον
740 4319 791 4374 Ed.
803 4319 952 4387 παράδοξον
965 4317 1068 4390 Migne.
1188 4334 1229 4373 11.
1246 4320 1451 4388 προκεκληκότες
1465 4317 1485 4372 Β

394 4392 545 4459 κεκληκότα
559 4389 608 4444 Ηι.
622 4389 674 4444 Ed.
766 4407 806 4444 ιν.
825 4411 850 4444 τι
862 4399 1032 4460 assumptum
1045 4407 1078 4444 ex
1092 4388 1125 4444 B.
1224 4405 1266 4460 13.
1285 4389 1485 4444 etnubentium«

396 4507 438 4572 Β..
451 4509 497 4580 qui
508 4473 683 4575 καταδικάἷειν
693 4507 809 4564 exhibet.
822 4509 995 4577 καταδικάζειν
1007 4509 1060 4566 Ed.
1189 4526 1232 4580 19.
1250 4509 1277 4564 τί
1286 4509 1337 4580 γδρ
1349 4509 1484 4578 ἔμελλενί

394 4581 442 4631 τοῦ
453 4579 603 4646 παραδόξου
615 4579 724 4646 τιμίου
735 4579 782 4647 τὴν
793 4597 818 4634 ι
