3142 5118
332 321 397 384 268
635 317 675 380 B.
698 315 911 381 OYRILLI
941 315 1230 380 ALEXANDR.
1420 311 1519 376 xi.11.

333 480 472 562 ἀνόσιοι
483 478 595 580 ὦσιν,
614 480 716 560 ἀλλὰ
733 479 853 562 πάντα
874 488 987 562 ποιεῖν
1005 480 1051 562 τὰ
1074 481 1165 586 πρὸς
1189 481 1381 584 θεραπείαν
1397 480 1518 558 αὐτῶν.

335 607 376 684 οῦ
399 603 472 708 γὰρ
498 609 553 685 δεῖ
574 603 701 690 αῦτοῦς
725 613 788 685 νῦν
807 604 1033 709 κολάζεσθαι,
1053 605 1316 710 ἀποχωρούσης
1334 605 1394 684 ἀπ’
1414 603 1523 682 αι’ντῦν

301 733 399 828 ἀπῆς
427 729 522 814 θείας
548 727 696 834 χάριτος
723 729 827 828 ἡλίου
855 730 967 828 δίκην.
1019 730 1104 809 ἀλλ’
1133 728 1259 832 ὥσπερ
1287 726 1329 808 τῦ
1361 733 1444 834 φῶς
1473 729 1523 824 τῆς

334 852 467 954 ἡμέρας
488 854 551 934 οῦκ
577 853 730 932 ἐκλείπει
757 859 785 932 εί
809 851 860 953 μὴ
885 858 1066 958 πληρωθῇ
1090 850 1132 934 τῦ
1158 852 1398 956 δωδεκάωρον,
1419 852 1524 932 οὕτως

334 977 413 1060 οὐδὲ
436 979 456 1057 ὁ
476 978 560 1080 παρ’
581 979 668 1077 ἐμοῦ
692 973 940 1056 συστέλλεται
967 975 1252 1083 φωτισμῖιςπρδ
1277 984 1410 1078 καιροῦ,
1432 973 1524 1054 ἀλλὰ

333 1101 439 1206 μέχρι
457 1109 521 1181 τοῦ
539 1104 790 1204 σταυρωθῆναι
808 1099 901 1200 μένω
913 1100 1004 1199 μετὰ
1017 1102 1290 1198 τῶνἸουδαίων,
1301 1103 1398 1183 ἐνιεὶς
1411 1100 1525 1180 αὐτοῖς

335 1229 383 1308 ὡς
401 1232 481 1332 φῶς
498 1228 562 1323 τῆς
581 1225 802 1324 θεογνωσίας
820 1222 888 1325 τὴν
900 1225 1062 1308 σύνεσιν.
1090 1223 1209 1324 ἐπειδὴ
1227 1223 1299 1327 γὰρ
1311 1226 1481 1304 Ἰουδαῖοι
1496 1226 1525 1302 ἐν

334 1348 464 1456 σκοτίᾳ
482 1347 581 1434 ὅντες
599 1350 780 1444 ἀπιστίας,
797 1346 1097 1450 προσκόπτουσιν
1116 1349 1168 1429 ἐπ’
1189 1350 1267 1447 ἐμοὶ
1289 1351 1337 1433 ὡς
1359 1349 1470 1454 λίθῳ,
1487 1351 1529 1426 δεῖ

333 1473 504 1554 ἀπελθεῖν
531 1471 623 1576 πρὸς
650 1471 778 1558 αὐτοῦς
805 1475 863 1552 καί
891 1473 1051 1580 φωτίσαι
1079 1469 1216 1571 αὐτοῦς,
1237 1473 1295 1553 ἵνα
1319 1470 1526 1554 παύσωνται

333 1602 396 1698 τῆς
419 1595 598 1704 θεομοίχου
620 1602 762 1697 μανίας.

167 1781 282 1839 om.
304 1795 323 1836 α

284 1903 318 1945 11
335 1881 446 1947 Ταῦτα
466 1875 549 1962 εἷπε,
569 1881 621 1946 καί
643 1881 724 1958 μετὰ
747 1886 845 1946 τοῦτο
868 1883 954 1956 λέπει
977 1877 1088 1948 αὐτοῖο
1105 1883 1248 1972 Λάζαρος
1272 1884 1290 1949 ὁ
1315 1880 1413 1968 φίλοι
1442 1881 1527 1956 ἐιμών

465 2023 663 2100 κεκοίμιιτοι·
702 2023 788 2088 ἀλλὰ
818 2025 1000 2112 πορεύομαι
1028 2025 1080 2089 ίνα
1108 2023 1271 2092 ἐξυπνίσω
1298 2025 1405 2091 αὐτόν.

388 2218 605 2328 Ἀξιόλογος
630 2217 818 2326 πρόφασις
843 2216 938 2298 ἕλκει
963 2254 1007 2317 με
1034 2225 1082 2305 είς
1098 2221 1354 2324 Ἰερουσαλήμ·
1389 2217 1435 2299 τὸ
1467 2217 1529 2321 γάρ

331 2347 376 2427 Ὁ
405 2351 509 2452 φίλος
538 2343 626 2449 ἡμαῖι
655 2347 864 2448 κεκοίμηται,
893 2351 998 2423 τοῦτο
1028 2346 1207 2446 σημαίνει·
1246 2348 1303 2423 καὶ
1330 2341 1392 2424 ἐὰν
1420 2346 1527 2447 παρί·

269 2475 450 2575 ,Ινδωμεν
492 2477 629 2565 τοῦτον,
665 2469 981 2572 οίφιλοικτίρμονος
1023 2469 1257 2568 λαμβάνομεν
1294 2465 1417 2574 δόξαν.
1486 2465 1529 2548 διὸ

333 2597 580 2673 δυσωπεῖσθαι
608 2591 678 2697 χρὴ
704 2593 796 2691 ἡμᾶς
824 2595 880 2671 ἐπί
909 2589 1023 2698 τούτῳ
1051 2595 1109 2671 καὶ
1134 2595 1280 2694 δραμεῖν
1301 2595 1358 2672 ἐπὶ
1383 2591 1456 2689 τὴν
1475 2600 1529 2672 τοῦ

333 2719 445 2824 φίλου
464 2719 658 2818 σωτηρίαν,
679 2718 925 2818 ὑπερορῶντας
944 2721 1018 2795 τῶν
1035 2717 1216 2796 Ἰουδαίων
1235 2715 1299 2800 τὰς
1319 2716 1529 2811 ἐπιβουλάς.

332 2839 466 2924 δεικνῦς
491 2839 528 2920 δέ
556 2842 682 2920 ἑαυτοῦ
710 2837 776 2940 τὴν
803 2843 982 2943 θεοπρεπῆ
1011 2839 1170 2939 δύναμιν,
1199 2842 1310 2920 ὕπνον
1338 2848 1449 2920 καλεῖ
1475 2844 1529 2940 τῆς

371 3087 393 3124 ι.
411 3066 495 3140 ἀλλὰ]
512 3065 730 3139 ψπροσὴκειιυ.
850 3085 875 3123 2.
893 3071 939 3123 νῦν
950 3086 1004 3124 om.
1016 3087 1053 3123 m.
1167 3068 1193 3123 6.
1211 3068 1470 3139 μένυο.1ι.ω.με’νῶ
1486 3069 1529 3140 (ἰ

331 3141 505 3210 correctione)
519 3139 577 3194 Cat.
594 3140 668 3194 Harl.
681 3143 749 3208 μενῶ
761 3138 834 3194 Aub.
981 3153 1005 3210 η.
1024 3137 1064 3210 ἐν]
1081 3144 1110 3204 -1-
1124 3142 1155 3208 τῇ
1168 3158 1205 3194 m.
1261 3139 1357 3194 Statim
1371 3141 1469 3210 σκοτίᾳ
1484 3142 1529 3196 ak<

332 3212 437 3282 σκοτεία
448 3229 485 3266 m.
499 3213 587 3266 σκότει
600 3209 659 3264 Cat.
674 3210 750 3264 Harl.
765 3210 836 3266 Aub.
885 3209 981 3264 Statim
998 3213 1043 3278 τῆς
1054 3211 1175 3267 ἀπιστίας
1188 3211 1307 3282 διάγουσι
1318 3213 1529 3282 προσκόπτουσα

332 3301 369 3337 m.
486 3283 511 3337 8.
530 3282 569 3335 δεῖ
599 3287 628 3345 ÷
644 3281 721 3334 δὲπι.
839 3297 880 3334 ιο.
898 3278 1001 3351 μανίας]
1015 3283 1116 3352 γνόμης
1128 3282 1168 3334 καί
1180 3283 1271 3350 μανίας
1282 3300 1318 3335 m.
1376 3281 1455 3336 Haec
1469 3299 1529 3354 quae

332 3352 513 3424 sequebantur
525 3353 553 3406 in
591 3350 628 3415 d.‚
640 3349 754 3422 ἇρχιέρει
766 3350 860 3405 tribuit
872 3369 925 3406 m.:
944 3350 959 3420 δ
975 3350 1019 3423 [4
1034 3353 1075 3404 κοί
1087 3350 1162 3422 m.]
1176 3350 1264 3408 οὕτως.
1283 3351 1371 3418 ἐπειδὴ
1384 3354 1410 3406 οί
1422 3353 1529 3422 μαθηταί

331 3423 444 3476 ἐκώλυον
460 3423 505 3476 τδν
523 3424 638 3492 Χριστόν
655 3421 791 3476 συνελθεῖν
808 3424 861 3477 τοῖς
878 3421 1011 3478 Ἰουδαίοις
1029 3423 1059 3475 οῦ
1077 3421 1108 3475 δι’
1125 3423 1238 3490 ἑαυτοὺς,
1254 3423 1324 3476 ἀλλὰ
1341 3423 1385 3476 διὰ
1402 3423 1454 3492 τὴν
1471 3427 1529 3493 πρὸι

331 3493 409 3546 οῦτδν
429 3493 506 3561 δῆθεν
522 3494 606 3564 φειδὼ
626 3491 797 3564 [φειδόμενος
816 3491 878 3560 (sic)
900 3490 961 3564 m.],
982 3491 1171 3564 παραθαῤῥιίνει
1193 3491 1398 3565 [παραθαρσῦνει
1424 3491 1529 3564 a.k.m.]

332 3563 424 3619 αὐτοῦς
442 3563 484 3616 διδ
500 3565 544 3631 τῆς
561 3565 722 3632 παραβολῆς,
735 3562 774 3616 ὅτι
793 3561 915 3617 οῦδίποτε
931 3565 1049 3618 πείσεταί
1066 3585 1091 3618 τι
1109 3569 1160 3618 τῶν
1176 3561 1335 3632 ἀβουλήτων.
1361 3563 1384 3616 εί
1401 3565 1456 3634 γὰρ
1477 3568 1494 3618 ό
1513 3566 1529 3618 ἐι

332 3633 413 3703 ἡμέρη
430 3638 584 3702 περιπατῶν,
597 3633 627 3686 οίι
638 3636 807 3704 προσκόπτει,
819 3639 874 3689 πῶς
891 3636 906 3687 ό
923 3637 989 3689 πᾶσι
1007 3636 1037 3688 τό
1052 3637 1110 3705 φῶς
1121 3634 1202 3700 ἐνιεὶς,
1215 3635 1335 3702 ὑπομένοι
1349 3632 1504 3704 [ὑπομείναι
1516 3653 1529 3688 a

332 3703 455 3774 ὑπομείνῃ
467 3703 517 3775 m.]
528 3727 552 3758 τι
564 3709 615 3758 τῶν
626 3707 755 3772 λυπηρῶν,
765 3705 847 3769 decem
865 3703 879 3772 ἢ
891 3710 945 3761 πῶς
957 3707 972 3758 ό
983 3707 1065 3759 πᾶσιν
1075 3703 1262 3760 ἀποκαλύπτων
1273 3705 1333 3762 τοὺς
1344 3705 1529 3774 κεκρυμμένον

332 3781 384 3830 τῶν
401 3780 519 3845 πονηρῶν
535 3775 655 3844 βόθρους,
674 3775 811 3843 δλισθήσει
830 3774 1009 3843 [ὄλισθὴσειεν
1020 3774 1070 3846 m.]
1084 3775 1112 3829 ἐν
1123 3776 1208 3832 αὐτοῖς
1225 3776 1259 3845 μὴ
1278 3776 1366 3839 είδόιςι
1391 3775 1408 3844 ἢ
1426 3777 1459 3830 οῦ
1478 3777 1529 3846 περῖ

332 3847 432 3934 ἐαυτοῦ
444 3845 535 3935 [αίητοῦ
553 3843 603 3936 πμ]
623 3848 700 3934 τοῦτο
717 3845 798 3916 λέγει,
815 3845 885 3938 ἀλλὰ
902 3845 959 3917 [Ab
976 3844 1185 3935 &Mund‘fflffl
1202 3846 1318 3934 trffnsilit
1333 3843 1384 3938 m.]
1402 3848 1468 3936 περὶ
1488 3855 1529 3938 πᾶν

331 3916 1326 4058 &Bw„33⁸352p'21ffssssi‘sssssszffssfissssffffissff3:33?ssss
1339 3939 1529 4057 ἱῖηῖλίοῦῖ

331 4059 468 4130 προλέγων
485 4059 571 4112 αὐτοῖς
589 4058 617 4111 ἐν
634 4059 689 4111 τισί
706 4058 739 4110 τὰ
757 4057 867 4125 ἐσόμενα
885 4057 926 4110 καὶ
946 4055 1001 4128 [καὶ
1022 4075 1076 4112 om.
1094 4055 1145 4128 m.]
1164 4060 1347 4128 καταφατίζων
1365 4059 1474 4126 αὐτοῦς,
1495 4061 1529 4113 οῦι

331 4129 361 4198 ἐᾷ
373 4128 536 4199 περιπίπτειν
547 4127 703 4183 σκονδόλοις
716 4129 744 4182 ἐν
755 4131 808 4184 τοῖς
820 4128 1038 4197 συμβησομένας.
1119 4143 1160 4182 11.
1179 4126 1394 4184 ταῦταείπε-λ’
1428 4132 1529 4184 ιαῦτοῖ

332 4207 501 4269 assumptum
513 4215 546 4252 ex
558 4198 610 4251 αλ.
870 4215 910 4252 12.
929 4198 1112 4253 α’λλίι-αίιτόν
1124 4210 1293 4270 assumptum
1305 4218 1337 4253 ex
1350 4200 1378 4253 k.
1403 4211 1506 4255 avente
1519 4220 1529 4254 ι

336 4285 376 4338 13.
394 4268 546 4340 Ἀξιόλογος
558 4268 586 4322 δέ
599 4267 614 4336 ἡ
626 4269 770 4339 πρόφασις,
783 4269 813 4322 τό
825 4270 875 4341 γάρ
887 4272 902 4322 ό
915 4287 951 4322 m.
1065 4285 1106 4336 14.
1124 4269 1282 4341 παρίδωμεν]
1295 4269 1455 4340 περιίδωμεν
1466 4272 1529 4326 Aul]

335 4353 375 4408 15.
395 4339 473 4406 δόξας
485 4339 558 4394 Aub.
698 4354 739 4409 ιη.
758 4343 826 4393 θεοῦ
837 4357 885 4409 pro
897 4340 980 4410 φίλου
993 4339 1054 4409 (εἰσ)
1067 4358 1103 4394 m.
1151 4345 1317 4411 παρορῶντας
1328 4359 1364 4404 a„
1378 4341 1430 4396 sed
1442 4343 1529 4412 ιἰιτερο

331 4407 561 4537 ρῶινᾶοςλλιιδδίᾶφι.
566 4408 746 4533 ΙίνΙιτερΙιορέίηῐνται
759 4411 820 4480 (flio)
833 4427 873 4534 mi}
907 4481 915 4500 ο
929 4407 1059 4536 Ἰωδοίῖν
1071 4411 1116 4467 τὰς
1128 4410 1269 4537 ἐπιβοὸὶφς
1278 4410 1529 4539 ἔλπιμέὲουδαῖῖῶ

332 4497 365 4528 επ
394 4498 478 4532 ουων
544 4496 643 4532 .αι·.
702 4519 708 4533 .
813 4512 816 4520 ι
842 4497 852 4534 1
876 4499 1029 4536 .εουτουο.
1053 4499 1189 4537 ,αιαυτου
1256 4499 1336 4538 ,αι’
1419 4523 1428 4538 .
1510 4503 1529 4538 n

333 4545 436 4612 cipiunt
443 4545 541 4600 Ὕπνον
551 4549 602 4618 γὰρ
615 4549 732 4618 ὀνομάζει
744 4553 788 4620 τῆς
801 4550 873 4606 b.c.l.
887 4549 969 4606 Cord.
984 4551 1029 4606 Cr.
