3248 5112
301 342 368 406 446
606 343 646 408 Β.
670 341 877 408 OYRILLI
906 289 1198 410 ALEXANDR.
1372 344 1436 411 xiv.
1452 363 1502 408 11.

301 511 422 613 τρίτον
439 507 600 613 ἐπήγαγε
618 510 661 591 τό
678 507 827 610 Ἐσμέν,
846 516 891 616 τῇ
916 517 989 591 τῶν
1006 509 1272 614 προλαβόντων
1290 511 1427 618 διανοίᾳ
1444 515 1504 592 καὶ

302 631 389 712 αι’ττὸ
416 633 656 738 χαριζόμενος.
696 635 756 713 καὶ
781 631 880 732 οἶμαι
904 632 972 733 μὲν
993 634 1048 715 ότι
1076 634 1286 736 δυσωπήσει
1313 635 1409 741 τύχα
1432 669 1505 716 που

267 754 366 836 λιτὸν
384 757 562 864 θεομάχον
580 760 696 863 ὀρθῶς
715 757 807 863 ἔχων
825 757 910 857 ἡμῖν
927 759 947 838 ό
967 762 1049 861 περὶ
1066 759 1194 840 τούτου
1211 757 1334 860 λόγος·
1362 763 1505 840 ἐνιστα-

301 881 397 989 μένιρ
426 881 464 962 δὲ
491 881 615 978 πόλιν,
644 885 702 962 καὶ
732 881 774 962 τό
791 883 858 962 Ἐν
885 887 937 990 τῷ
965 889 1049 991 Θεῷ
1078 879 1307 986 περιίλκοντι
1336 882 1429 986 πρὸς
1460 883 1505 965 τὸ

302 1007 474 1114 αὐτῷκαὶ
498 1006 597 1116 μόνῳ
620 1010 759 1104 δοκοῦν,
776 1011 841 1106 τῆς
866 1007 1107 1088 θεοπνεύστου
1133 1011 1278 1114 γραφῆς
1301 1005 1368 1108 τὴν
1386 1009 1500 1108 συνή-
1520 1037 1540 1096 5

302 1136 401 1212 θειαν
419 1131 652 1238 ἐπιδείξομεν.
692 1131 773 1217 ἕθος
796 1129 869 1235 γάρ
894 1132 986 1236 αὐτῷ
1011 1131 1129 1234 λε’γειν
1148 1131 1230 1212 ἔσθ’
1250 1131 1309 1212 ὅτε
1335 1135 1414 1212 ἀντὶ
1439 1142 1505 1212 τοῦ

302 1254 361 1335 διὰ
385 1261 491 1354 θεοῦ,
510 1253 552 1336 τό
576 1258 642 1336 Ἐν
660 1260 756 1364 Θεῷ.
802 1259 877 1336 ἐπεὶ
902 1255 1037 1360 λεγέτω
1061 1255 1134 1360 γὰρ
1159 1257 1289 1341 ἐκεῖνος
1312 1256 1406 1356 ἡμῖν,
1424 1264 1504 1341 πιῦς

132 1370 229 1500 {2¹²³
302 1381 340 1459 ἐν
357 1384 523 1482 ψαλμοῖς
546 1381 764 1483 ἀνακεκραγε
787 1379 907 1481 λε’γων
924 1414 980 1464 τις
998 1391 1020 1428 “
1032 1381 1099 1460 Ἐν
1117 1385 1169 1488 τῷ
1187 1385 1271 1488 Θεῷ
1292 1379 1503 1480 ποιήσωμεν

132 1501 244 1619 ξ’·ὤῑ
301 1513 323 1552 “
342 1503 522 1604 δύναμιν·”
551 1508 610 1584 καὶ
627 1503 742 1585 πόλιν
760 1507 808 1588 ὡς
825 1502 917 1607 πρὸς
933 1503 1041 1584 αὐτόν
1055 1515 1076 1551 “
1088 1503 1155 1584 Ἐν
1173 1507 1235 1584 σοὶ
1252 1502 1335 1589 τοῦς
1352 1503 1503 1609 ἐχθρούς

301 1637 324 1676 “
342 1628 443 1728 ἡμῶν
461 1626 724 1732 κερατιοῦμεν.”
755 1628 797 1707 οῦ
822 1625 893 1730 γάρ
918 1626 962 1727 δή
986 1663 1041 1713 τις
1065 1626 1226 1728 οἰήσεται
1250 1636 1357 1708 τοῦτο
1381 1628 1503 1728 λε’γειν
1520 1665 1567 1709 ιο

270 1751 419 1848 οαῦτὸν,
439 1755 488 1836 ὡς
505 1754 542 1833 ἐν
561 1758 607 1857 τῇ
626 1753 734 1858 οὐσίᾳ
750 1760 815 1831 τοῦ
834 1758 930 1832 Θεοῦ
953 1752 1102 1847 δύναμίν
1120 1786 1200 1832 τινα
1225 1751 1503 1854 δημιουργήσειν

300 1876 578 1979 ἐπαγγέλλεται,
601 1877 686 1956 ἀλλ’
705 1874 785 1956 οῦδὲ
810 1878 848 1956 ἐν
870 1877 961 1982 αὐτῇ
986 1873 1069 1960 τοῦς
1094 1878 1203 1962 ἰδίους
1228 1874 1378 1982 ἐχθρούς
1404 1877 1501 1980 εῦρί-

300 2033 457 2085 σκοντας
485 2008 655 2104 κερατιεΐν
680 1998 808 2084 αὐτούς
835 2001 855 2079 ό
883 1998 1046 2107 φύλλων
1074 2002 1203 2106 φησίν·
1236 2001 1323 2081 ἀλλ’
1343 2004 1381 2080 ἐν
1400 2006 1501 2108 Θεῷ,

300 2127 427 2232 φησὶν,
451 2127 531 2206 ἀντὶ
555 2132 620 2206 τοῦ
643 2123 717 2205 Διά
741 2129 847 2222 Θεοῦ,
867 2127 926 2204 καὶ
951 2122 993 2204 τό
1011 2125 1078 2204 Ἐν
1101 2133 1163 2206 σοὶ
1187 2123 1311 2222 πόλιν,
1335 2127 1414 2205 ἀντὶ
1437 2133 1504 2205 τοῦ

300 2247 375 2328 Διὰ
402 2257 485 2332 σοῦ.
527 2250 566 2330 τί
594 2249 632 2330 δὲ
664 2252 723 2329 καὶ
757 2251 778 2329 ὁ
804 2247 979 2352 μακάριος
1007 2254 1158 2334 Παῦλος
1186 2249 1390 2353 Κορινθίοις
1419 2251 1498 2329 ε’πι·
1521 2287 1564 2349 15

135 2391 254 2455 ιῦοτδιι
300 2371 473 2453 στέλλων
495 2371 645 2476 ἕλεγεν;
675 2383 697 2420 “
712 2374 931 2477 Εὑχαριστοῦ
959 2378 1010 2480 τῷ
1039 2378 1123 2480 Θεῷ
1150 2407 1220 2471 μου
1246 2374 1329 2476 περὶ
1355 2372 1503 2453 πάντων

301 2507 323 2545 “
342 2498 441 2595 ὑμῶν
459 2499 516 2578 ε’πὶ
540 2501 586 2603 τῇ
609 2497 757 2602 δοθείσῃ
781 2499 864 2594 ὑμῖν
888 2498 926 2576 ἐν
944 2501 1097 2604 Χριστῷ
1121 2497 1247 2596 Ἰησοῦ
1271 2493 1420 2600 χάριτι,”
1443 2497 1503 2574 καὶ

132 2632 222 2696 Ῑδιςο-
299 2618 413 2702 πάλιν
443 2631 465 2670 “
482 2621 556 2727 Ἐξ
584 2622 693 2700 αῦτοῦ
725 2618 763 2700 δὲ
794 2623 891 2720 ὑμεῖς
923 2622 1006 2700 ε’στε
1039 2623 1077 2701 ε’ν
1105 2625 1260 2728 Χριστῷ
1293 2621 1429 2719 Ἰησοῦ,
1462 2615 1503 2703 ῦς

299 2754 324 2793 “
342 2743 491 2847 ἐγενήθη
510 2746 596 2845 ἡμῖν
613 2745 731 2850 σοφία
749 2742 822 2825 ἀπὸ
841 2750 947 2842 Θεοῦ,
962 2745 1170 2838 δικαιοσύνη
1188 2779 1227 2824 τε
1246 2747 1304 2824 καὶ
1322 2743 1504 2848 ἁγιασμὸς

265 2877 323 2948 d“
340 2871 399 2949 καὶ
426 2866 716 2973 ἀπολύτρωσις.”
758 2863 830 2971 ἀρα
856 2866 929 2971 γὰρ
956 2870 1029 2971 ἐρεῖ
1052 2902 1107 2954 τις
1134 2874 1323 2974 νουνεχῶς,
1353 2867 1410 2950 ότι
1436 2866 1504 2968 τὴν
1519 2901 1565 2945 20

300 2995 590 3093 ἀπονεμηθεῖσαν
622 2992 759 3074 ἀνωθεν
790 2998 865 3078 τοῖς
896 2992 1101 3095 Κορινθίοις
1131 2991 1239 3098 χάριν
1264 2994 1303 3072 ἐν
1333 2993 1424 3099 αῦιῇ
1456 2999 1504 3098 τῇ

300 3116 408 3225 οὐσίᾳ
426 3125 489 3199 τοῦ
508 3123 675 3221 Χριστοῦ
693 3115 864 3198 δεδόσθαι
882 3118 999 3223 φησὶν
1017 3117 1037 3196 ὃ
1055 3114 1367 3224 πνευματοφύρος,
1389 3115 1505 3220 ἤγουν

299 3242 507 3327 ἀκολούθως
534 3243 649 3350 τούτῳ
676 3239 719 3322 τὸ
750 3241 870 3344 ἕτερον
896 3237 1122 3347 ἐκλήφεταις
1161 3243 1220 3320 καὶ
1251 3247 1330 3325 πῶς
1360 3241 1425 3321 οὐκ
1456 3239 1505 3321 ἀν

300 3369 416 3474 ὁρῷτο
434 3373 581 3471 ληρῶν,
611 3367 650 3445 τί
664 3367 783 3445 τοίνυν
801 3367 860 3446 καὶ
883 3360 970 3444 αὐτὸ
996 3363 1038 3444 τὸ
1064 3369 1138 3444 τῶν
1156 3369 1260 3466 ἱερῶν
1278 3363 1505 3468 γραμμάτων
1613 3397 1614 3404 ’

299 3488 499 3593 παραλύων
535 3489 625 3589 ἔθος,
658 3492 717 3570 καὶ
754 3488 820 3588 τὴν
855 3497 920 3569 τοῦ
957 3489 1135 3592 μακαρίου
1169 3488 1324 3570 Παύλου
1360 3489 1505 3590 βουλὴν
1520 3517 1563 3578 25

299 3613 595 3720 συκοφαντήσας,
624 3611 796 3718 ῦιτάρχειν
828 3612 921 3712 ἡμᾶς
956 3615 995 3692 ἐν
1027 3617 1121 3720 Θεῷ,
1154 3613 1353 3711 τουτέστιν,
1385 3616 1424 3694 ἐν
1455 3621 1504 3720 τῇ

299 3738 406 3844 οὐσίᾳ
435 3746 499 3818 τοῦ
529 3735 675 3839 Πατρός
707 3735 831 3839 λε’γεις,
861 3735 948 3817 όταν
972 3735 1132 3842 ἀκούσῃς
1158 3743 1233 3821 τοῖς
1261 3739 1300 3816 ἐν
1321 3736 1505 3845 Ἀθήνῃσι

299 3858 504 3958 διειπόντος,
524 3859 579 3942 ότι
597 3863 635 3940 ἐν
652 3863 749 3968 αῦτῷ
768 3859 882 3962 ζῶμεν
900 3864 959 3940 καὶ
977 3860 1170 3960 κινούμεθα
1188 3864 1247 3940 καὶ
1264 3863 1375 3959 ε’σμέν
1390 3895 1401 3960 3

268 4017 286 4062 e
353 3983 513 4084 ,Ἀλλὰ
544 3983 633 4083 ναὶ,”
662 3987 778 4092 φησὶν
809 3985 829 4062 ὁ
861 3989 934 4064 τῶν
962 3983 1136 4089 ὀλεθρίων
1166 3983 1359 4087 δογμάτων
1387 4018 1502 4088 προε-

333 4259 360 4309 4.
378 4239 538 4310 τεριίλκοντι
557 4239 587 4295 F.
605 4238 645 4295 ίιτ.
664 4236 827 4308 περιίλκοντι
848 4235 900 4292 Ed.
919 4255 976 4307 mg.
997 4235 1168 4306 περιέλκοντα
1188 4236 1221 4291 Ε.
1240 4234 1421 4308 περιίλκοντες
1446 4237 1504 4294 Ed.

298 4325 378 4401 γ-ρ.
389 4311 556 4436 κιμῃάοἰιαι
568 4329 596 4383 p.
702 4311 728 4364 8.
747 4307 896 4378 ποιήσωμεν
909 4307 970 4432 RE.
984 4307 1031 4377 (66
1044 4308 1090 4378 al.)
1104 4307 1138 4363 of.
1151 4309 1178 4362 in
1192 4308 1240 4362 Es.
1268 4306 1327 4377 71d
1340 4325 1356 4361 α
1370 4307 1444 4390 Ροτο.
1454 4309 1504 4364 cit.

296 4405 442 4451 ποιῃσομεν
499 4423 506 4437 .
629 4396 671 4436 11.
689 4380 787 4450 πατρὸς
799 4397 848 4449 pro
862 4381 930 4432 Θεοῦ
968 4416 976 4432 .
1103 4379 1144 4434 18.
1163 4378 1242 4432 αὐτοῦ
1270 4379 1382 4446 ε’μουτοῦ
1395 4379 1457 4448 (sle)
1472 4397 1503 4450 p.

300 4469 341 4524 ¹9·
360 4452 482 4524 ἐγεννήθη
496 4452 529 4508 E.
541 4451 576 4508 ef.
588 4451 617 4507 in
629 4451 666 4507 xii
679 4449 779 4522 Proph.
793 4465 844 4521 555
851 4468 882 4537 ρ.
1032 4464 1076 4503 το.
1094 4452 1142 4504 τοῦ
1154 4451 1271 4520 Χριστοῦ
1284 4457 1346 4518 post
1356 4470 1503 4516 πνευματο-

295 4523 542 4664 φφροίίγιιῃρῃιοολ
554 4541 581 4594 ρ.
753 4537 796 4592 2³·
813 4541 896 4594 εοοτῳ
908 4537 963 4575 om.
974 4537 1002 4591 p.
1180 4533 1224 4590 25.
1241 4517 1355 4591 βουλὴν]
1369 4518 1460 4590 φονῆι
1472 4537 1502 4592 p.
