3184 5104
393 343 455 406 112
694 343 732 408 B.
757 343 966 409 CYRILLI
996 343 1285 409 ALEXANDR.
1455 343 1493 406 vii

390 506 603 609 προτρέπων
621 509 774 593 εὐπετῶς
800 515 848 594 είς
872 507 1006 609 ταύτην
1031 509 1118 588 ἱέναι
1142 507 1242 592 τινὰς
1266 506 1333 608 τὴν
1354 506 1493 600 δυσσέβ

391 637 497 710 τοῦτο
525 631 644 734 λέγων
672 634 806 736 ὁρᾶται,
831 636 941 712 ἐκεῖνο
969 631 1008 712 δὲ
1035 639 1182 730 μᾶλλον
1211 634 1395 731 ῦποδηλοῖ,
1416 631 1488 730 ἥκω

392 760 518 858 φησιν,
537 756 579 834 οὐ
609 755 720 863 δόξαν
745 754 811 856 τὴν
836 755 920 860 παρ’
941 758 1041 854 ὑμῶν
1059 753 1383 859 ἐμπορευσάμενος,
1404 755 1486 832 ἀλλ’

362 875 488 962 οῦλοις
511 883 614 978 τιμῆς
632 877 655 980 ἢ
673 881 832 964 εὐκλείας
851 880 1077 985 γλιχόμενος.
1120 881 1361 960 τεταπείνωκα
1385 876 1455 980 γὰρ
1480 879 1493 954 ε’

391 998 466 1100 τὸν,
484 1004 521 1081 ἐν
539 1007 664 1110 μορφῇ
689 1011 753 1083 τοῦ
772 1009 867 1084 Θεοῦ
884 1007 942 1084 καὶ
961 1001 1107 1106 Πατρδς
1127 1003 1306 1108 ὑπάρχων,
1326 1004 1383 1082 καὶ
1402 1003 1493 1102 ἅνθρι

390 1125 524 1228 γέγονα
550 1129 633 1206 καθ’
655 1129 744 1226 ὑμᾶς
770 1130 812 1207 δι’
832 1130 933 1228 ὑμᾶς.
974 1131 994 1208 ὁ
1020 1127 1057 1207 δὲ
1083 1127 1216 1207 δοῦλον
1240 1125 1385 1232 μορφὴν
1403 1127 1465 1204 οῦκ
1491 1169 1493 1196 ι

392 1249 531 1357 ξιῶσας
555 1259 691 1348 λαβεῖν,
712 1251 795 1358 ἰξὸν
812 1253 850 1331 ἐν
872 1250 1013 1352 ἰσότητι
1039 1256 1213 1350 διαμεῖναι
1238 1258 1283 1354 τῇ
1308 1248 1397 1354 πρὸς
1417 1247 1493 1328 Θεδ.

394 1373 551 1478 Πατέρα,
570 1379 629 1455 καὶ
648 1383 721 1461 τοῖς
745 1375 831 1478 ῦπέρ
859 1382 943 1455 νοῦν
961 1379 1019 1454 καὶ
1039 1375 1154 1477 λόγον
1171 1379 1362 1480 ἐντρυφᾶν,
1380 1380 1455 1456 πῶς
1474 1372 1493 1451 ἃ

393 1507 509 1580 νοοῖτο
528 1500 640 1608 δόξαν
658 1499 725 1600 τὴν
741 1498 809 1581 ῦπό
829 1533 893 1580 του
911 1499 1035 1604 ζητῶν,
1048 1502 1106 1578 καὶ
1125 1501 1205 1606 οὐχὶ
1223 1507 1369 1598 μᾶλλον
1382 1501 1493 1578 ε’θελοι

393 1624 577 1722 ὑπομεῖναι
609 1623 675 1723 τὴν
706 1625 855 1732 ἀδοξίαν
888 1623 946 1703 διὰ
979 1623 1020 1703 τὸ
1053 1623 1184 1727 ἑτέροις
1215 1621 1419 1729 χρήσιμον;
1461 1621 1483 1722 ἢ

392 1745 498 1827 τοῦτό
523 1755 639 1853 φησιν
656 1749 694 1827 έν
712 1746 850 1832 τούτοις
875 1749 895 1827 ὁ
919 1746 1061 1850 Κύριος,
1080 1745 1104 1847 ἢ
1127 1749 1187 1827 καὶ
1212 1749 1295 1826 καθ’
1316 1747 1436 1849 ἕτερον
1455 1781 1493 1848 τρ

358 1873 435 1952 doz)
466 1871 579 1974 ζητεῖν
608 1871 716 1950 αὑτὸν
746 1869 813 1970 τὴν
842 1875 969 1952 ἑαυτοῦ
1002 1871 1114 1978 δόξαν
1142 1869 1429 1971 ὑποτοπήσομεν.
1472 1905 1493 1949 π

392 1994 466 2097 γὰρ
484 1997 580 2102 αὐτῷ
598 2000 820 2101 παραχρῆμα
842 1993 1004 2099 κολάζειν
1022 1993 1105 2080 τοῦς
1127 1993 1313 2098 ὑβριστὰς,
1333 1998 1390 2075 καὶ
1414 1993 1479 2078 τοῖς

391 2123 456 2219 τῆς
481 2121 690 2225 δυσφημίας
716 2119 943 2223 εῖσπροῖττειν
964 2120 1073 2216 δίκας,
1093 2121 1142 2205 ὡς
1166 2125 1214 2203 εῖς
1239 2116 1349 2199 αὑτὸν
1366 2120 1493 2213 ἀσεβοί

391 2242 456 2324 τὸν
474 2241 644 2323 ἁπάντων
665 2242 813 2345 Κύριον·
856 2242 955 2346 φέρει
980 2241 1022 2321 τὸ
1049 2249 1188 2322 λυποῦν
1210 2242 1342 2346 ἡσυχῇ,
1362 2245 1420 2320 καὶ
1446 2245 1493 2320 διε

390 2367 483 2470 τέρει
519 2375 695 2446 τοσοῦτον
714 2370 778 2470 Δῶς
814 2368 902 2467 μηδ’
937 2365 1029 2446 ὅσον
1065 2371 1174 2446 εἰπεῖν
1210 2369 1453 2465 ἀντιλιπτῆσαι
1490 2425 1493 2444 .

391 2495 495 2598 φιλῶ
532 2488 615 2574 τοῦς
645 2490 822 2594 ἀλαζόνας
856 2488 1003 2571 ἐθέλειν·
1049 2491 1135 2572 ἀλλ’
1168 2491 1227 2570 ’ίνα
1262 2489 1313 2590 μὴ
1346 2491 1492 2597 φαίνητι

391 2619 585 2710 δυσσεβεῖν
614 2619 662 2698 είς
695 2614 791 2696 Θεὸν
821 2622 895 2700 τοῖς
926 2622 1099 2720 τυχοῦσιν
1133 2613 1352 2714 ἱππήλατον,
1388 2615 1492 2715 ἀναγι

391 2739 509 2822 αῦτοῖς
533 2735 658 2842 ῶσπερ
685 2738 912 2844 ἐπιτείχισμα
938 2772 973 2819 τι
1001 2737 1210 2818 διακωλύων
1234 2743 1282 2822 εῖς
1306 2746 1413 2818 τοῦτο
1437 2745 1492 2832 βα

391 2863 528 2960 εῦθέως,
550 2861 616 2962 τὴν
645 2871 708 2943 τοῦ
739 2862 884 2967 Πατρῦς
911 2862 1103 2969 ἀντέταξεν
1130 2861 1255 2965 ὀργήν.
1297 2861 1488 2968 οῖνεξικακο

361 2986 462 3090 θγὰρ
490 2995 554 3068 τοῦ
582 2993 683 3086 Υίοῦ,
712 2989 769 3067 καὶ
800 2985 865 3087 τὴν
894 2987 986 3067 ῖδίαν
1014 2987 1056 3066 οῦ
1088 2989 1343 3070 διεκδὶκοῦντος
1369 3020 1491 3090 παραχ

391 3111 513 3220 δόξαν,
532 3113 596 3192 οῦκ
614 3110 777 3218 ἀνέξεταί
791 3118 908 3218 φησιν
927 3113 947 3190 ὁ
967 3109 1109 3214 Πατήρ·
1142 3110 1278 3194 ἔκδικος
1303 3108 1375 3212 γὰρ
1400 3109 1491 3189 ἔστα

390 3245 464 3322 τοῖς
497 3239 686 3338 ὑβρισταῖς
717 3234 1018 3335 ἐπαναστήσεται,
1048 3235 1114 3339 οὐχ
1143 3237 1191 3318 ὡς
1219 3234 1326 3341 ἑτέρῳ
1356 3267 1491 3314 συνασι

389 3359 510 3465 τυχὸν,
529 3359 609 3440 οῦδὲ
628 3363 676 3443 ῶς
695 3358 773 3443 ἑνὸς
790 3365 864 3439 τῶν
882 3359 997 3460 ἁγίων
1016 3357 1236 3460 ὑβρισμένου
1254 3363 1452 3437 λυπεῖσθαι
1475 3363 1491 3436 6

389 3486 448 3563 καὶ
475 3475 622 3586 πρέπειν
647 3481 815 3582 οῖόμενος,
838 3483 923 3562 ἀλλ’
948 3484 997 3566 ῶς
1024 3488 1072 3565 είς
1100 3479 1210 3562 αὐτὸν
1233 3481 1490 3582 ἀναβαινούσηι

389 3607 577 3711 ἁμαρτίας·
609 3605 801 3709 οὐδὲνγὰρ
828 3605 923 3690 ὅλως
948 3603 990 3686 τὸ
1015 3614 1250 3705 μεσολαβοῦν
1270 3605 1419 3708 Πατέρα
1445 3640 1490 3684 κα

388 3730 489 3828 Υίὸν,
509 3729 599 3810 ὅσον
617 3734 666 3814 εῖς
691 3731 817 3815 οὐσίας
842 3727 1042 3829 ταυτότητά
1068 3737 1198 3837 φαμεν,
1218 3726 1284 3809 κᾶν
1307 3731 1403 3813 ίδίως
1429 3727 1490 3808 ἑκά

390 3853 562 3960 ὑπάρχειν
594 3861 721 3936 νοοῖτο.
774 3851 833 3932 διὰ
858 3852 929 3956 γάρ
961 3887 1017 3933 τοι
1047 3861 1153 3933 τοῦτο
1182 3857 1240 3933 καὶ
1273 3853 1293 3932 ὁ
1325 3851 1460 3955 Κύριος

388 3979 530 4080 Ἰησοῦς
549 3980 569 4058 ὁ
588 3976 752 4081 Χριστὸς
770 3980 808 4058 ἐν
826 3977 955 4080 ἑτέροις
973 3978 1090 4083 φησίν
1108 3987 1129 4024 “
1142 3979 1192 4058 Ὁ
1210 3975 1260 4077 μὴ
1279 3983 1393 4076 τιμῶν
1412 3975 1477 4057 τὸν

423 4163 449 4219 6.
468 4163 500 4220 δι’
513 4165 585 4234 ὑμῶς.
611 4164 667 4219 ὁδί
680 4163 776 4218 δοῦλον
787 4161 893 4235 μορφὴν
905 4161 951 4216 οὐκ
964 4161 997 4216 Β.
1011 4165 1026 4216 ὀ
1042 4162 1071 4217 δι’
1088 4159 1184 4218 δοῦλον
1200 4161 1307 4234 μορφὴν
1318 4161 1365 4215 οῦκ
1377 4161 1489 4216 exhibet

390 4235 431 4308 [δι’
444 4235 536 4324 Λαίλ]Α
545 4235 577 4290 δι’
590 4235 655 4306 ὑμεῖς
666 4235 725 4289 οὐδὲ
739 4235 835 4289 δοῦλον
846 4233 952 4326 μηρφδν
966 4231 1057 4288 Holet.
1072 4233 1124 4288 Ed.
1238 4251 1265 4356 φ.
1281 4231 1383 4356 ,τονΒΒᾸ
1390 4255 1461 4317 τινος
1475 4233 1489 4357 ξ

391 4303 1128 4445 35:33333333,3332331‘1‘333333313.Ed.
1164 4303 1483 4446 23333313.1335‘3m

387 4445 475 4501 eCat.
488 4455 519 4500 ut
531 4447 585 4502 vid.
598 4447 671 4502 Aub.
764 4464 806 4572 ιη.
823 4445 967 4501 διακωλῦον
979 4445 1103 4500 emendat
1118 4445 1161 4500 He
1180 4463 1217 4500 se.
1308 4459 1352 4511 25.
1371 4445 1405 4500 ὥς
1419 4462 1488 4498 assu]

386 4532 419 4568 ex
434 4515 492 4570 Βα.
623 4531 666 4588 27.
685 4517 737 4572 ῖδία
750 4535 774 4572 α.
797 4535 828 4572 .c.
878 4517 975 4570 Statim
988 4517 1134 4586 ἕκάτεροςε
1171 4525 1206 4569 at.
1221 4515 1299 4571 Harl.
1313 4515 1468 4570 emendavit
1482 4543 1488 4568 ι

387 4586 423 4639 ita
435 4601 459 4639 α.
472 4583 582 4640 ἕκαστος
595 4585 682 4641 B.b.c.
698 4587 745 4641 Ht.
854 4603 896 4658 ²9·
915 4589 930 4640 ὁ
943 4587 1018 4658 prius
1030 4597 1199 4658 assumptum
1212 4605 1244 4640 ex
1258 4585 1291 4640 B.
