3274 5118
118 361 173 404 xv.
187 363 217 430 3.
302 346 360 410 IN
390 349 423 412 s,
448 347 703 415 ιοκυΝςΜ.
749 347 846 414 mss.
870 347 911 414 x.
957 345 1128 412 cAP.11.
1256 345 1319 407 κω

120 507 293 606 μαθητὰς,
322 513 401 617 οάχί
433 516 550 598 ἰδικῶς
579 547 618 594 τε
648 515 707 594 καί
734 512 1005 620 ἀφωρισμένως,
1033 511 1208 608 τουτέστι,
1236 510 1320 614 δίχα

121 638 186 710 τοῦ
207 637 447 736 Μονογενοῶς,
466 635 724 740 ε’νεργήσαντός
748 671 782 716 τι
806 639 888 740 περί
913 635 1041 720 αὐτοὺς
1064 643 1129 716 τοῦ
1147 639 1243 714 θεοῦ
1262 630 1321 712 καί

124 754 284 857 Πατρός·
328 761 413 838 ἀλλ’
451 761 594 862 ε’πείπερ
630 761 812 842 ε’πείθοντο
848 765 900 867 τῷ
936 760 1020 862 παρ’
1056 759 1165 838 αὐτοῦ
1202 755 1318 862 λόγῳ.

122 873 250 982 ῶσπερ
277 882 341 960 οὖν
368 883 537 986 ζωοποιός
564 887 643 966 ε’στι
671 883 714 964 δι’
740 887 831 964 Υἰοῦ
859 887 917 964 καί
945 886 983 963 ε’ν
1004 886 1093 990 Υἰῷ,
1121 878 1185 961 τὸν
1212 875 1321 958 αὐτὸν

85 997 221 1098 ὅοίμαι
247 1005 383 1107 τρόπον
407 1011 466 1088 καί
492 1008 660 1112 γεωργὸς,
683 1009 762 1110 ἤτοι
789 1015 861 1088 τῶν
887 1006 1064 1110 ἡμετέρων
1086 1009 1218 1112 φυχῶν
1240 1005 1354 1082 &rt-b

121 1125 294 1227 μελητῆς,
321 1129 463 1217 εἰκότως
490 1129 534 1212 ἀν
562 1139 678 1212 νοοῖτο
705 1130 818 1213 πάλιν
848 1131 916 1237 οὐχ
942 1130 1070 1231 ἑτέρως
1096 1125 1119 1228 ἢ
1148 1130 1191 1207 δι’
1213 1131 1318 1212 Υἰοῦ.

123 1254 155 1328 εἰ
177 1247 215 1329 δί
235 1260 310 1337 τοῖς
334 1251 437 1362 ἅπαξ
461 1257 525 1337 οὐκ
549 1258 664 1360 ὀρθῶς
688 1255 880 1360 εἰρημένοις
905 1255 1036 1335 οἰονται
1062 1256 1134 1334 δεῖν
1151 1247 1322 1349 ἐπιμένειν

122 1377 158 1452 οἰ
200 1372 265 1455 τὸν
298 1379 457 1460 ἐναντίον
493 1381 578 1480 ἡμῖν
617 1379 880 1482 πρεσβεύοντες
922 1375 1046 1481 λόγον,
1083 1378 1142 1456 καί
1181 1376 1323 1476 ἐπείπερ

123 1496 291 1593 ἄμπελον
332 1501 458 1583 ἑαυτὸν
499 1505 570 1610 ἔφη
613 1503 787 1608 Χριστὸς,
823 1501 882 1583 διά
924 1509 1041 1600 τοῦτο,
1079 1499 1239 1601 καθάπερ
1280 1497 1326 1604 ἐξ

63 1656 107 1697 10
123 1618 294 1724 ἀνάγκης,
327 1629 377 1710 εἰς
408 1627 567 1734 ἔκφυλον
599 1627 789 1732 ἑτερότητα
816 1631 996 1728 παρωθεῖν
1027 1622 1257 1727 ἐκβιάζονται,
1288 1620 1327 1724 τί

123 1742 167 1824 τὸ
190 1744 333 1826 κωλόον
355 1747 406 1828 ἔτι
433 1753 492 1830 καί
520 1752 612 1851 ἡμᾶς
640 1749 767 1836 αὐτοὺς
790 1748 849 1829 διιί
872 1753 936 1849 τῆς
961 1749 1044 1848 ἰσης
1070 1747 1324 1850 ἀναισχυντίας

124 1867 213 1948 ἰέναι
231 1871 370 1969 λοιπὸν,
389 1876 447 1953 καί
465 1875 686 1978 περιτρέπειν
704 1873 754 1954 έτι
780 1876 838 1953 καί
863 1875 930 1978 οὐχ
954 1869 1098 1955 ἑκόντας
1121 1867 1247 1954 αὐτοὺς
1266 1866 1324 1948 διὰ

123 1995 190 2090 τῆς
226 1994 422 2098 ἰσοτρόπου
460 1998 651 2102 φλυαρίας,
687 2002 750 2096 τῆς
785 1995 1035 2100 μειρακιῶδους
1071 1997 1224 2093 ταντησί
1265 1994 1324 2070 καὶ

124 2113 278 2215 ἀνοήτου
294 2128 479 2205 παντελῶς
504 2120 712 2229 διαλήψεως
736 2123 1007 2202 ἀπανίστασθαι
1026 2124 1146 2224 φιλεῖν
1162 2150 1172 2214 ;
1204 2121 1234 2196 εἰ
1252 2113 1353 2218 χάρο

69 2271 110 2332 ¹5
125 2239 270 2344 ἐπείπερ
307 2243 467 2341 ἄμπελος
505 2245 649 2348 είρηται,
682 2245 741 2325 διά
778 2246 911 2346 ταύτην
946 2244 1054 2324 αὐτὸν
1089 2241 1222 2322 οἰονται
1258 2237 1325 2340 τήν

125 2363 243 2444 αἰτίαν
278 2371 341 2466 τῆς
377 2368 467 2472 πρὸς
501 2369 597 2450 Θεὸν
624 2372 681 2449 καί
714 2369 860 2473 Πατέρα
891 2368 1088 2448 διαπίπτειν
1115 2363 1326 2465 οἰκειότητος

126 2492 296 2592 φυσικῆς,
314 2495 373 2570 καί
390 2494 615 2596 ε’τεροοιίσιον
633 2491 719 2574 εἰναι
745 2498 942 2590 παντελῶς,
961 2490 1104 2594 ε’πείπερ
1129 2490 1170 2570 οὐ
1194 2485 1325 2568 ταάτδν

126 2616 177 2696 εἰς
204 2615 404 2716 ταυτότητα
431 2616 576 2724 φύσεως
604 2616 766 2716 ἀμπελός
794 2651 832 2697 τε
860 2620 919 2697 καί
945 2613 1115 2718 γεωργὸς,
1134 2614 1171 2694 τί
1191 2610 1241 2712 μὴ
1265 2613 1325 2692 καί

126 2737 239 2836 ἡμεῖς,
271 2737 336 2818 τὸν
366 2735 475 2820 αὑτὸν
511 2741 651 2826 ἐκείνοις
686 2739 997 2845 ἀνθυττοφέροντες
1033 2741 1154 2838 ἀμαθῆ
1191 2771 1229 2818 τε
1266 2738 1325 2815 καί

68 2897 111 2939 20
126 2860 386 2968 ἀκομψότατον
422 2864 615 2968 λογισμὸν,
651 2863 759 2945 ἐκεῖνό
803 2870 921 2971 φαμεν
951 2859 1050 2966 ’Apa
1090 2861 1212 2960 μόνοις
1250 2867 1326 2945 τοῖς

126 2983 315 3085 κλήμασιν
336 2987 359 3087 ἡ
386 2995 460 3068 τῶν
483 2997 650 3092 γηπονεῖν
671 2985 847 3069 εἰωθότων
869 2987 1030 3068 ἐπιείκεια
1058 2982 1253 3082 λυσιτελὴς
1280 2982 1325 3062 ἀν

126 3109 356 3210 γένοιτο,καί
383 3113 464 3215 περὶ
491 3111 585 3210 μόνα
610 3111 719 3219 τυχὸν
736 3111 782 3192 τά
806 3114 845 3192 ἐκ
872 3117 945 3191 τῶν
967 3109 1152 3214 στελέχων
1174 3107 1358 3214 ε’ξηρτη-ιί

126 3233 219 3334 μένα
250 3234 292 3315 τὸ
327 3237 367 3316 έκ
394 3241 457 3335 τῆς
485 3237 611 3343 τέχνης
636 3235 861 3340 προβήσεται
888 3231 1080 3339 χρήσιμον,
1107 3229 1130 3332 ἢ
1159 3228 1328 3330 δεήσεταί

127 3392 224 3442 τινος
251 3359 451 3457 ἐπιμελείας
480 3365 538 3440 καί
565 3359 654 3462 αὐτὴ
682 3367 754 3441 τῶν
783 3356 977 3458 κλημάτων
1004 3357 1026 3456 ἡ
1054 3353 1199 3462 τροφὸς,
1222 3387 1326 3433 τουτ-

72 3501 113 3564 ²5
128 3482 230 3563 ε’στιν
254 3481 277 3582 ἡ
303 3483 475 3583 ἄμπελος,
499 3480 523 3589 ᾗ
546 3483 787 3590 προσπέφυκέ
807 3516 845 3562 τε
870 3479 917 3560 τά
941 3479 985 3586 ἐξ
1006 3481 1115 3580 αὐτῆς
1139 3481 1199 3559 καὶ
1222 3476 1325 3579 ἐνήρ-

127 3639 264 3706 μοσται
294 3612 458 3712 φυσικῶς
470 3639 481 3703 3
521 3607 606 3686 ἀλλ’
630 3605 731 3686 οιίδίν
754 3603 853 3705 οἶμαι
880 3603 999 3704 δεήσει
1024 3602 1116 3707 πρὸς
1142 3601 1326 3709 ἀπόδειξιν

128 3729 254 3812 πόνου·
285 3738 430 3834 συνερεῖ
445 3729 517 3834 γάρ
538 3729 639 3815 εὐθὺς
663 3731 748 3830 ἡμῖν
767 3733 824 3810 καί
850 3727 956 3814 αὐτὸς
982 3729 1002 3807 ὁ
1027 3730 1069 3808 δι’
1090 3725 1259 3824 ε’ναντίας,
1277 3729 1326 3810 ῶς

129 3859 160 3934 εἰ
187 3853 238 3953 μή
265 3888 318 3938 τις
345 3854 484 3956 γένοιτο
511 3861 583 3934 τῶν
605 3853 790 3959 στελέχων
815 3855 837 3954 ἡ
866 3855 1023 3960 φροντὶς,
1045 3853 1120 3931 οὐδ’
1141 3848 1186 3930 ἀν
1208 3855 1327 3934 αι’ττοῖς

129 3977 327 4085 ε’νυπιίρξαι
363 3985 438 4063 τοῖς
469 3977 634 4078 κλήμασι
669 3975 712 4057 τὸ
749 3975 837 4058 εἰναι
873 3983 1007 4060 καλῶς.
1058 3973 1177 4072 ἐπειδὴ
1208 3974 1327 4054 τοίνυν

75 4141 116 4200 30
131 4101 297 4202 ἀμπελον
318 4101 384 4202 μίν
408 4099 534 4183 ἑαυτὸν
560 4100 811 4201 κατωνόμακεν
835 4103 854 4180 ὁ
883 4096 1054 4204 Χριστὸς,
1077 4101 1186 4177 δεῖται
1213 4095 1327 4197 γεμὴν

130 4227 189 4307 καί
218 4225 305 4307 αὐτὸ
334 4229 399 4326 τῆς
427 4224 592 4325 ἀμπέλου
621 4224 663 4306 τὸ
692 4225 867 4330 στέλεχος
900 4229 964 4324 τῆς
994 4231 1057 4303 τοῦ
1085 4230 1357 4323 γηπονοῦντοςο

131 4350 325 4448 ἐπιεικείας,
351 4347 375 4449 ἦ
401 4348 519 4450 ποίντη
547 4383 584 4430 τε
613 4353 672 4430 καί
696 4349 840 4434 πάντως
867 4348 1133 4449 ἀδικηθήσεται·
1168 4342 1323 4449 λογισό-

169 4601 193 4640 1.
212 4581 396 4655 ἀφορισμίνος
408 4581 459 4638 Εδ.
475 4581 576 4638 correxi
589 4599 620 4637 ex
635 4581 667 4638 E.
776 4597 819 4653 32.
838 4579 1002 4653 λογισάμεθο
1015 4579 1048 4636 E.
1061 4577 1227 4650 λογισώμεθα
1241 4575 1291 4632 Ed.

683 4685 738 4746 4¹³
755 4683 774 4732 α
