3248 5112
132 343 262 428 ximo.
319 352 377 418 IN
406 353 440 420 s.
464 355 723 425 JOANNEM.
768 358 865 424 ΜΒ.
888 358 949 426 1x.
995 359 1096 425 οΑΡ.
1120 357 1148 422 1.
1266 355 1331 420 ιοτ

132 513 232 617 παρὰ
256 515 321 597 τὸν
338 517 429 599 Υὶὸν
446 519 489 602 τὸ
509 526 659 622 Πνεῦμα
683 523 803 622 αὑτοῦ,
820 519 913 604 κατά
937 556 980 626 γε
1004 521 1068 604 τὸν
1090 524 1128 604 ε’ν
1146 519 1337 624 ταυτότητι

133 634 259 741 λόγον,
278 645 373 747 φημὶ
391 643 437 743 δή
457 649 502 750 τῇ
520 651 671 752 φυσικῇ.
1193 725 1202 748 ,
1348 651 1367 696 ⁰

190 766 300 846 Οὕτω
328 766 365 848 δὲ
393 768 477 867 ῆμΐν
499 779 563 850 τοῦ
590 773 672 875 περὶ
700 769 837 851 τούτων
860 768 1176 877 προκεχωρηκότος
1201 767 1332 871 λόγου,

134 882 220 992 φέρε
252 889 418 989 τὴντῶν
446 897 688 997 προκειμένων
715 891 932 998 παραθέντες
962 892 1131 993 διάνοιαν,
1157 900 1237 977 ταῖς
1269 899 1336 973 τοῦ

100 1019 120 1082 5
137 1014 305 1114 Σωτῆρος
325 1021 462 1122 φωναῖς
479 1014 592 1118 αὑτῆν
610 1017 944 1126 ε’φαρμόσωμεν-Ἐν
962 1020 1063 1132 ἐκείνη
1082 1016 1154 1122 γὰρ
1173 1027 1212 1129 τῇ
1231 1014 1337 1125 ῆμέρηι

135 1133 304 1236 γνῶσεσθί
327 1145 453 1244 φησιν,
471 1140 519 1222 ’ότι
538 1139 607 1246 ε’·χὺ
630 1143 660 1224 ἒν
678 1151 727 1252 τῷ
745 1146 852 1249 Πατρὺ
881 1151 942 1224 καὶ
968 1147 1062 1250 ὑμεῖς
1087 1143 1119 1224 ἓν
1139 1143 1212 1248 ipo}
1234 1137 1341 1243 ιιίιγίι·

135 1258 166 1338 ἓν
191 1263 277 1364 ὑμῖν.
321 1261 393 1364 ε’γῶ
415 1263 572 1370 μὲνγὰρ
596 1265 654 1370 ζῶ,
674 1269 779 1369 φησὶ,
798 1263 869 1368 ζωή
895 1265 966 1369 γάρ
991 1272 1061 1365 είμι
1085 1263 1178 1346 κατὰ
1203 1262 1334 1372 φύσιν,
1382 1269 1483 1402 {fv-''⁰'-

135 1388 195 1464 καὶ
222 1384 337 1488 ζῶντα
364 1387 429 1470 τόν
453 1393 607 1490 ἐμαυτοῦ
634 1389 773 1496 δίδειχα
800 1388 900 1471 ναόν·
934 1391 1020 1470 ἀλλ’
1040 1389 1128 1470 όταν
1154 1391 1213 1470 καὶ
1240 1390 1339 1488 ὑμεῖς
1401 1411 1407 1426 “

134 1507 241 1618 αὑτοὶΙ
254 1511 370 1592 καίτοι
388 1517 552 1620 φθαρτῆς
570 1512 670 1599 ὄντες
692 1514 848 1621 φύσεως,
867 1513 1001 1617 ζῶντας
1025 1507 1173 1598 ἑαυτοὺς
1197 1511 1335 1616 θεωρή-

81 1662 121 1704 10
135 1665 226 1731 σητε
258 1637 341 1716 καθ’
365 1635 561 1738 ὁμοιότητα
588 1637 656 1738 τῆν
679 1636 770 1742 πρὸς
799 1638 857 1738 με’·
900 1638 981 1719 τότε
1009 1637 1053 1737 δὴ
1082 1635 1256 1741 γνόσεσθι,
1281 1639 1370 1716 acaia
1392 1649 1510 1708 ⁸24³·

135 1754 239 1856 μάλα
264 1765 406 1866 σαφῶς,
426 1763 481 1842 ὅτι
505 1761 577 1866 ζωή
602 1760 695 1843 κατὰ
721 1762 837 1869 φύσιν
856 1760 1038 1866 ὑπάρχων,
1058 1759 1255 1866 ὑπάρχοντι
1279 1764 1340 1841 καὶ

134 1881 233 1988 αὑτῷ
270 1883 342 1990 ζωῇ
379 1883 471 1965 κατὰ
503 1886 618 1993 φύσιν
650 1891 702 1995 τῷ
734 1873 821 1993 Θεηῦ
847 1888 913 1966 Ικαὶ
947 1888 1065 1989 Πατρὶ
1101 1889 1257 1991 συνῆψα
1294 1884 1337 1964 δι’

137 2005 301 2104 ἐμαυτοῦ,
338 2007 526 2094 κοινωνοὺς
567 2008 693 2114 ῶσπερ
734 2013 794 2090 καὶ
834 2009 1007 2114 μετόχους
1047 2012 1238 2092 ὑποτελῶν
1274 2012 1340 2108 τῆς

138 2130 347 2233 ἀφθαρσίας
371 2133 504 2232 αὑτοῦ.Ι
528 2131 599 2238 ἐγὼ
624 2132 779 2236 μὲνγὰρ
804 2138 969 2239 φυσικῶς
994 2135 1032 2213 ἐν
1051 2135 1181 2234 Πατρὶ,
1199 2129 1340 2235 καρπὸς

85 2273 123 2336 15
139 2251 211 2356 γάρ
229 2260 299 2352 εἰμι
317 2259 381 2354 τῆς
402 2257 530 2342 οὑσίας
554 2259 664 2338 αὑτοῦ
688 2260 747 2337 καὶ
768 2254 922 2358 γνήσιον
939 2255 1109 2358 γε’νιημα,
1128 2254 1339 2360 ἐνυπάρχων

138 2409 178 2455 τε
200 2379 259 2456 καὶ
277 2377 322 2485 ἐξ
337 2380 446 2480 αὑτῆς
463 2379 633 2488 πεφηνῶς
650 2377 721 2483 ζωή
739 2382 778 2460 ἐκ
799 2378 899 2483 ζωῆς,
918 2383 1011 2485 ὑμεῖς
1031 2377 1070 2458 δὲ
1092 2379 1122 2460 ἐν
1140 2379 1212 2484 ἐμοὶ
1238 2374 1341 2480 uby&

132 2501 169 2580 ἐν
188 2506 273 2606 ὑμῖν,
292 2503 382 2584 καθὸ
406 2502 552 2612 σε’φηνα
576 2503 642 2604 μὲν
660 2506 850 2608 ἅνθρωπος
868 2499 949 2606 ε’γῶ,
969 2502 1157 2588 κοινωνοὺς
1180 2501 1219 2583 δὲ
1244 2502 1340 2588 θείας

138 2624 284 2727 φύσεως
315 2625 487 2734 ἀπέδειξα
514 2627 557 2708 τὸ
587 2633 737 2724 Πνεῦμα
765 2625 808 2708 τό
836 2623 922 2727 ε’μὺν
948 2626 1126 2712 ε’νοικίσας
1159 2628 1250 2725 ὑμῖν.
1301 2627 1374 2708 e’vb

138 2747 222 2847 ῆμΐν
240 2749 312 2852 γάρ
336 2753 437 2832 ε’στιν
460 2753 480 2831 ὁ
503 2750 668 2855 Χριστὸς
692 2749 751 2832 διὰ
774 2759 839 2832 τοῦ
865 2748 1087 2848 Πνεὺματος,
1105 2749 1340 2853 μετατρίπων

1 2957 3 2968 7
86 2908 126 2950 το
139 2877 186 2955 είς
205 2874 415 2981 ἀφθαρσίαν
433 2873 476 2954 τὸ
495 2876 706 2980 φθείρεσθαι
723 2871 893 2980 πεφυκός,
911 2876 970 2954 καὶ
988 2875 1189 2973 μετατιθεὶς
1212 2875 1251 2952 ἐκ
1274 2880 1340 2952 τοῦ

139 2995 400 3096 καταθνήσκειν
424 2999 516 3100 πρὸς
543 2996 586 3078 τό
613 2997 665 3098 μὴ
692 2999 804 3082 οὑτως
831 2997 925 3101 ἔχον.
968 2994 1023 3077 διὸ
1051 2999 1110 3076 καὶ
1137 2997 1158 3075 ό
1188 2993 1340 3080 Παῦλός

140 3123 266 3224 φησιν,
286 3118 342 3199 ὅτι
360 3121 417 3200 “ὑ
441 3121 577 3224 ἐγείρας
600 3122 747 3220 Ἰησοῦν
765 3117 931 3222 Χριστὸν
955 3121 994 3199 ε’κ
1022 3124 1156 3222 νεκρῶν
1182 3115 1334 3219 ζωοποι-
1381 3121 1483 3239 {25¹2-

139 3251 162 3290 “
180 3241 262 3341 ήσει
294 3245 353 3323 καὶ
384 3241 431 3322 τὰ
463 3241 576 3344 θνητὰ
608 3242 764 3342 σῶματα
794 3245 904 3343 ὑμῶν,
934 3239 994 3322 διὰ
1024 3249 1089 3322 τοῦ
1119 3243 1339 3328 ἐνοικοῦντος

140 3375 162 3412 “
180 3365 289 3445 αὑτοῦ
310 3364 518 3466 Πνεῦματος
536 3368 574 3446 ἐν
593 3363 711 3466 ὑμῖν.”
740 3371 770 3446 εί
788 3365 860 3470 γὰρ
878 3368 936 3448 καὶ
953 3364 1119 3469 πρόεισιν
1136 3367 1175 3446 ἐκ
1190 3362 1338 3469 Πατρὺς

2 3580 8 3597 ,
87 3527 128 3589 ²5
140 3485 183 3570 τὸ
204 3493 353 3588 Πνεῦμα
370 3488 413 3570 τὸ
425 3488 569 3592 Ἀγιον,
588 3489 674 3570 ἀλλ’
694 3489 834 3595 ε”ρχεται
858 3490 901 3570 δι’
921 3493 1024 3582 Υίοῦ,
1044 3491 1104 3570 καὶ
1128 3486 1219 3570 ἴδιόν
1237 3491 1339 3570 ε’στιν

4 4206 15 4221 ι,
89 4117 162 4211 30“
179 4105 435 4212 Χρηστότητος·
464 4109 766 4215 ἀποστρέψαντος
789 4106 832 4188 δέ
852 4139 923 4188 σου
945 4104 988 4186 τὸ
1006 4103 1206 4210 πρόσουτον
1223 4140 1336 4210 rapa.

1 4540 10 4578 θ

140 3613 261 3694 αὑτοῦ·
293 3611 503 3718 πάνταγὰρ
521 3615 564 3694 δι’
584 3619 675 3694 Υὶοῦ
697 3609 798 3718 παρὰ
817 3611 975 3716 Πατρός.
1012 3611 1067 3693 ι’πι
1092 3611 1165 3716 γὰρ
1189 3611 1250 3694 διὰ
1274 3621 1370 3694 τοῦο

142 3736 352 3836 Πνεὺμοιτος
370 3743 418 3821 εἷς
437 3735 528 3840 ζωήν
546 3736 827 3839 ἀνεπλόσθημεν
844 3733 911 3837 τῆν
929 3735 1080 3834 αίιόνιον,
1098 3737 1118 3817 ό
1137 3743 1230 3822 θεῖος
1253 3738 1340 3838 ῆμΐν

139 3857 302 3967 μελῳδὸς
328 3861 617 3964 ἐπιμαρτυρήσει,
635 3867 734 3954 βοῶν
753 3863 801 3945 ῶς
826 3857 918 3964 πρὸς
941 3859 1100 3940 τῶντῶν
1125 3859 1223 3942 ὅλων
1242 3858 1340 3942 Θεόν

141 3992 163 4032 “
180 3981 412 4090 Ἀνοίξοντος
430 3984 474 4064 δέ
486 4019 557 4066 σου
581 3983 648 4084 τῆν
666 3989 766 4090 χεῖρα
790 3981 836 4064 τὺ
860 3981 1057 4082 σύμπαντα
1081 3981 1339 4084 πλησθήσεται
1383 3995 1487 4127 ξεν-χῶ

141 4241 163 4280 “
182 4230 392 4337 χθήσονται·
422 4233 625 4316 οἱντανελεῖς
651 4230 695 4312 τό
718 4238 858 4326 πνεῦμα
883 4230 1080 4310 αὐτῶνκαὶ
1107 4229 1336 4338 ε’κλείφουσι,

179 4451 204 4491 ι.
217 4435 249 4504 δὴ
262 4433 332 4490 οου.
346 4434 375 4490 δι’
388 4433 440 4490 Ed.
510 4453 538 4507 9.
550 4435 632 4491 καίτοι
645 4443 814 4506 assumptum
826 4450 859 4488 ex
872 4431 930 4488 Εκ.
1005 4431 1047 4490 16.
1059 4432 1138 4504 αὐτῆς
1149 4433 1182 4490 Ε.
1195 4433 1274 4489 αὑτοῦ
1286 4431 1340 4490 Ed.

144 4522 187 4562 ατ.
206 4507 401 4576 §assumptum
414 4523 446 4560 ex
459 4505 493 4560 E.
620 4505 735 4574 24-fin.
749 4503 809 4560 libri
821 4503 884 4559 citat
896 4521 923 4574 p.
1046 4502 1090 4561 τό.
1107 4501 1191 4577 παρὰ]
1210 4511 1235 4568 4
1251 4506 1299 4560 τοῦ
1311 4522 1340 4576 p.

144 4593 187 4648 τη.
205 4576 236 4632 δι’
246 4585 415 4647 assumptum
427 4593 460 4632 ex
472 4575 506 4631 E.
