3118 5132
235 402 240 412 .
305 347 371 412 396
608 349 1194 417 B.cYR1LL1ALEXANDR.
1369 337 1519 426 xiii-38·

306 516 364 592 καί
386 515 407 592 5
429 517 492 613 τῆς
514 512 669 618 Μάρθας
687 516 853 618 τέθνηκεν
872 517 1042 625 ἀδελφὸς,
1061 521 1155 626 φημὶ
1175 516 1219 618 δὴ
1237 514 1300 596 τὸν
1319 509 1513 614 Λάζαρον,

138 625 226 740 {2⁹1¹}
275 637 398 738 οὲγνω
423 637 536 718 πάλιν
554 642 602 722 ὡς
625 639 730 738 Θεὸς,
748 638 824 721 εἶτα
848 641 947 743 λέγει
971 651 1045 728 τοῖς
1069 647 1242 742 μαθηταῖς
1261 635 1461 738 ις’Λάζαρος
1490 632 1517 709 ὃ

307 770 328 808 “
346 761 457 868 φίλος
493 762 594 860 ἡμῶν
626 765 841 865 κεκοίμηται,
873 765 974 845 ἀλλά
1004 765 1199 869 πορεύομαι
1231 764 1290 843 ἵνα
1320 755 1515 866 ἐξυπνίσω

306 893 328 932 “
346 881 489 965 αῦτόν.”
535 885 628 989 πρὸς
665 888 703 968 δὲ
739 889 846 970 τοῦτό
880 899 997 997 φασιν
1029 891 1072 998 ἐξ
1106 886 1250 992 ἀγάπης
1281 891 1314 965 οἱ
1346 881 1520 982 μαθηταί

209 1041 216 1056 ·
305 1017 328 1056 “
349 1013 431 1088 Νῦν
466 1008 610 1112 ἐζήτουν
646 1045 692 1092 σε
724 1013 888 1093 Ἰουδαῖοι
925 1013 1085 1112 λιθάσαι,
1118 1016 1176 1093 καὶ
1212 1009 1323 1092 πάλιν
1356 1004 1545 1105 ῦπάγειςὲ

307 1140 329 1180 “
346 1133 459 1226 ε’κεῖ;”
489 1134 728 1233 ἀνισταμένου
746 1134 784 1216 δέ
802 1145 867 1216 τοῦ
884 1143 1061 1242 Χριστοῦ,
1080 1133 1198 1216 καὶτὸ
1216 1138 1344 1240 χρῆναι
1360 1127 1516 1212 πάντως

305 1255 362 1335 ἐπὶ
380 1253 532 1356 τὴντῶν
545 1259 728 1338 Ἰουδαίων
746 1262 996 1360 ἀπονοστῆσαι
1014 1261 1138 1366 χώραν
1156 1253 1447 1354 διακελευομένου
1467 1287 1515 1332 τε

222 1418 229 1432 ·
306 1381 365 1460 καὶ
383 1378 563 1483 λέγοντος·
584 1391 605 1429 “
617 1388 753 1482 Θωμᾶς
771 1386 791 1463 5
811 1385 1005 1486 λεγόμενος
1016 1387 1175 1482 Δίδυμος
1192 1389 1266 1466 τοῖς
1284 1379 1413 1483 ἑτέροις
1432 1377 1515 1482 ἔφη

283 1511 329 1556 ·“
346 1509 600 1605 συμμοθηταΐς
622 1501 799 1607 Ἄγωμεν
828 1512 887 1587 καὶ
924 1508 1034 1608 ἡμεῖς,
1065 1508 1125 1588 ἵνα
1160 1503 1396 1601 ἀποθάνωμεν
1426 1502 1512 1598 μετ’

306 1634 329 1672 “
346 1625 493 1710 αῦτοῦ.”
526 1637 689 1708 τοιοῦτον
713 1626 814 1727 οίμαί
836 1665 873 1710 τι
899 1633 958 1711 καὶ
985 1632 1049 1711 τὸν
1075 1637 1148 1710 τῶν
1168 1630 1309 1732 Πέτρου
1335 1623 1515 1730 ῥημάτων
1536 1651 1545 1694 1

306 1751 443 1830 ὠδίνειν
470 1750 623 1833 σκοπόν.
668 1753 777 1833 οἴεται
804 1753 877 1858 γάρ
904 1754 1004 1853 ἴσως,
1031 1752 1191 1857 καθάπερ
1219 1752 1287 1853 ἤδη
1315 1754 1510 1854 προεῖπον,

272 1875 598 1978 ᾰάποδραμεῖσθαί
612 1911 675 1957 ποι
692 1879 955 1984 διακηρύξοντα
972 1878 1037 1958 τὸν
1049 1876 1205 1977 Ἰησοῦν,
1219 1879 1277 1956 καὶ
1295 1871 1516 1955 κινδυνεύειν

306 1996 416 2080 αὐτὸν
439 2001 524 2104 παρ’
544 2001 700 2086 ἐκείνοις·
731 2000 790 2081 διά
817 2009 923 2082 τοῦτο
951 2006 1010 2083 καὶ
1037 1999 1154 2098 αὐτὸς,
1172 2001 1314 2103 ἐπείπερ
1341 2000 1440 2076 ἐστὶν
1465 1996 1519 2102 ἐξ

306 2121 450 2226 ἀγάπης
478 2121 681 2222 ἀκάθεκτος,
708 2124 850 2230 ἀμαχόν
878 2159 958 2206 τινα
984 2129 1042 2205 καὶ
1070 2125 1412 2225 δυσανταγώνιστον
1439 2119 1515 2219 τὴν

306 2255 356 2334 είς
383 2256 490 2329 τοῦτο
519 2250 724 2353 προθυμίαν
752 2250 865 2330 οἴσειν
892 2249 1170 2353 ἐπαγγέλλεται,
1198 2246 1300 2328 οὐδέν
1327 2246 1379 2325 ε”τι
1406 2275 1543 2324 παν-ι

306 2379 421 2456 τελῶς
454 2375 712 2478 ὑπολελεῖφθαι
745 2373 865 2476 λέγων
896 2373 939 2453 τὸ
973 2372 1181 2454 διακωλύειν
1212 2371 1355 2476 ίσχύον,
1391 2371 1514 2449 καίτοι

306 2497 458 2577 ἔπεσθαι
485 2499 559 2577 δεῖν
584 2496 771 2599 ᾑρημένον,
797 2497 940 2600 ε’πείπερ
966 2498 1063 2606 αὐτῷ
1089 2499 1148 2576 καὶ
1175 2492 1412 2600 προτεθνάναι
1440 2501 1513 2572 τοῦ

306 2619 532 2700 διδασκάλου
559 2617 710 2703 σκοπός.

256 2882 534 2976 33Ἀποκρίνεται
573 2887 593 2953 ὁ
626 2888 752 2954 Ἰασοῦς
792 2889 861 2955 Τιἰν
896 2891 1001 2977 ψυχήν
1039 2911 1097 2956 σου
1136 2889 1218 2978 ὑπὲρ
1258 2889 1337 2965 ἐμοῦ
1374 2887 1510 2970 θύσειας

278 3032 296 3076 ο
359 3011 447 3090 ἀμιὶν
482 3013 569 3090 ἀμήν
605 3013 692 3088 λέγω
726 3037 788 3095 σοι,
823 3016 861 3081 οὐ
896 3015 940 3094 μῦ
977 3017 1129 3104 ἀλέκτωρ
1167 3016 1326 3103 φωνήσει,
1362 3017 1425 3079 ἕως
1467 3010 1545 3078 οὖν

357 3139 534 3231 ἁπαρνιίσιρ
561 3163 601 3217 με
628 3138 710 3229 τρία.
1174 3145 1179 3156 “

366 3304 525 3408 Μείζονα
548 3301 655 3404 μένῆ
682 3307 763 3386 καθ’
785 3303 910 3386 ἑαυτὸν
932 3307 952 3384 5
977 3306 1114 3413 Πέτρος
1138 3301 1416 3408 ἐπαγγέλλεται,
1438 3301 1511 3383 κάν

308 3425 534 3534 ἀξιάγαστον
562 3428 627 3534 ἔχη
655 3427 720 3526 τὴν
748 3431 805 3510 ε’πὶ
834 3429 950 3538 τούτῳ
978 3428 1153 3530 σπουδήν·
1190 3437 1255 3508 τοῦ
1281 3426 1396 3530 γεμὴν
1417 3429 1506 3506 ε’σο-

308 3550 417 3650 μένου
443 3557 617 3656 χειμῶνος
644 3551 687 3632 τὸ
715 3553 865 3652 ἀμειδές,
887 3558 946 3632 καὶ
974 3555 1171 3634 δύσοιστον
1194 3562 1258 3633 τοῦ
1285 3562 1507 3654 πειρασμοῦ,

309 3676 451 3753 καὶτοῦ
470 3678 630 3776 διωγμοῦ
655 3673 698 3756 τὸ
722 3674 872 3777 μέγεθος
893 3675 1066 3778 ἐννοήσας
1085 3679 1105 3758 5
1124 3677 1297 3780 Χριστὸς,
1315 3681 1509 3783 μονονουχὶ
1525 3705 1545 3760 τι

139 3824 257 3884 vm.
279 3798 491 3878 ικατασείει
509 3797 575 3898 τὴν
593 3797 768 3906 κεφαλὴν,
788 3797 877 3879 ὅλον
894 3799 933 3880 δὲ
951 3795 1077 3905 ὥσπερ
1094 3803 1133 3881 ἐν
1150 3803 1355 3910 ὀφθαλμοῖς
1374 3800 1505 3880 ἀπλεύ-

310 3951 382 4003 σας
397 3917 440 3998 τὸ
458 3914 583 4015 πάθος,
603 3922 660 3998 καὶ
677 3922 741 4018 τῆς
760 3919 942 3999 Ἰουδαίων
960 3921 1081 4004 ἀνοίας
1099 3921 1285 4024 θεωρήσας
1310 3919 1376 4020 τὴν
1396 3922 1506 4024 ῦπερ-

309 4039 441 4142 βολὴν,
458 4043 711 4142 διασκοπήσας
730 4042 768 4123 δὲ
790 4041 836 4122 τά
860 4043 1016 4142 ἐσόμενα
1035 4045 1110 4124 κατ’
1131 4046 1241 4124 έκεῖνο
1259 4051 1393 4148 καιροῦ,
1412 4044 1509 4149 τάχα

310 4199 345 4245 τι
369 4173 530 4246 τοιοῦτον
554 4169 739 4272 ἀναφωυεῖ
754 4164 816 4260 Thu
878 4165 967 4266 υχλι,
987 4163 1016 4246 ὦ
1036 4164 1162 4271 Πέτρε,
1180 4164 1260 4274 ὑπὲρ
1286 4169 1367 4271 ἐμοῦ
1389 4167 1504 4267 τίθης,

309 4289 369 4368 καὶ
405 4287 448 4369 τὸ
484 4289 595 4389 μηδὲν
627 4285 716 4369 εἶναι
748 4287 823 4396 φῂς
855 4288 919 4370 τὸν
951 4293 1009 4370 ἐπὶ
1042 4288 1157 4398 τούτῳ
1190 4287 1336 4396 φόβους
1375 4289 1431 4370 ὅτι
1465 4325 1505 4372 τε
1521 4307 1545 4369 3<

318 4467 323 4476 ι
348 4515 389 4573 ¹7·
407 4501 547 4576 ᾑρημένον]
563 4505 668 4632 ΒρΕρὲιίι
680 4503 985 4578 προθυμίαν-ᾑρημένον
996 4522 1010 4558 e
1023 4521 1104 4576 supra
1117 4503 1149 4560 Ε.
1270 4519 1311 4572 19.
1329 4502 1507 4575 Ἀποκρίνεται

310 4573 344 4630 Ε.
355 4571 496 4647 Ἀπεκρίθη
509 4577 577 4651 αὐτῷ
751 4593 794 4633 20.
812 4576 844 4631 δν
855 4592 905 4646 pro
917 4573 947 4630 οῦ
960 4575 992 4631 Ε.
1101 4591 1144 4644 ²9·
1162 4574 1241 4632 τίθεις
1253 4573 1355 4646 Migne.
