3082 5112
316 304 383 369 360
620 306 660 372 Β.
683 307 892 372 OYRILLI
922 307 1213 373 ALEXANDR.
1380 306 1439 369 xiii.
1452 325 1496 391 19.

319 469 340 548 ό
359 467 482 572 λόγος.
521 471 575 555 τίς
592 469 664 575 γὰρ
682 471 728 552 ἂν
745 471 798 573 εἴη
817 481 881 553 τοῦ
898 463 1118 573 καθήκοντος
1135 478 1318 575 λογισμοῦ
1341 477 1497 550 τοσοῦτον

151 611 263 669 78²3„
290 593 563 696 αέστερημένος,
588 598 637 679 ὡς
664 595 729 676 τὸν
755 603 819 676 τοῦ
844 595 1212 698 Ἀγίου.Πνεύματος
1240 595 1376 674 οἴεσθαι
1401 592 1498 692 λόγον

319 718 495 820 ἁμαρτίας
524 721 599 798 τισὶ
628 720 794 821 γίνεσθαι
826 719 1002 826 πρόξενον
1013 753 1025 818 3
1065 721 1193 799 οὐκοῦν
1220 719 1262 798 οῦ
1294 715 1353 795 διὰ
1382 715 1498 812 ταύτην

318 840 535 941 πιστεύομεν
558 839 625 942 τήν
646 841 762 923 αἰτίαν
787 841 983 946 δεδρόσθαι
1010 841 1056 922 τό
1084 842 1172 944 έργα
1199 839 1298 943 παρά
1325 873 1435 934 τινων,
1451 838 1501 915 ίνα

203 1015 212 1028 =
318 970 542 1067 πληρωθεῖεν
560 970 597 1044 αί
620 967 771 1072 γραφαί·
804 966 859 1046 ὅτι
887 965 925 1046 δέ
954 965 1098 1051 πάντως
1126 965 1229 1044 ἐσται
1253 963 1299 1043 τὰ
1323 959 1503 1061 συμβησό-

317 1122 409 1188 μενα
441 1088 605 1192 προειδὸς
641 1089 683 1170 τὸ
722 1095 873 1189 Πνεῦμα
909 1089 1124 1190 λελάληκεν,
1155 1088 1198 1168 ἵν’
1233 1087 1320 1167 όταν
1353 1087 1503 1189 γίνεσθαι

319 1217 458 1316 συμβῇ,
475 1215 633 1298 πίστεως
659 1212 826 1317 ἐνέχυρον
849 1211 1025 1307 λαβόντες
1053 1211 1119 1313 τὴν
1143 1209 1356 1316 πρόῤῥησιν,
1375 1211 1438 1309 τήν
1453 1209 1503 1311 ἐφ’

320 1332 350 1443 ᾧ
396 1336 597 1440 γέγραπται
643 1345 766 1434 ταῦτα,
808 1333 938 1416 λοιπόν
984 1335 1168 1439 ἀραρότως
1212 1333 1503 1436 ἐπιγινώσκωμεν.

319 1468 463 1540 πολλοῦ
495 1460 534 1540 δέ
565 1461 650 1561 ἡμῖν
677 1457 867 1564 γεγονότος
897 1465 961 1540 τοῦ
993 1457 1108 1561 λόγου
1138 1461 1219 1561 περὶ
1251 1465 1323 1537 τῶν
1350 1456 1503 1537 τοιούτων

320 1585 358 1662 ἐν
385 1583 492 1690 ἐτέριρ
524 1585 670 1692 βιβλίιρ,
697 1583 740 1665 τῦ
772 1589 922 1687 μακροῖς
954 1582 1006 1662 έτι
1037 1586 1119 1686 περὶ
1149 1583 1267 1661 αύτιῦν
1293 1581 1503 1684 ἐνδιατρῖψαι

199 1729 202 1736 ’
286 1705 530 1808 Ιιδιηγήμασι,
554 1705 720 1811 περιττὸν
748 1703 839 1787 εἷναί
862 1741 940 1791 πως
967 1710 1072 1786 δοκεῖ.
1333 1691 1338 1712 ’

185 1951 187 1954 ’
272 1967 309 2025 19
355 1963 495 2054 Ἀτιάρτι
521 1963 609 2054 λέτω
635 1960 708 2041 ὑμῖν
734 1962 799 2053 πρὸ
825 1969 882 2029 τοῦ
910 1963 1067 2044 Γενέσθαι,
1094 1964 1147 2029 ἵνα
1175 1963 1369 2029 πιστεύσατε
1397 1963 1474 2029 ὅταν

716 2091 851 2166 τὲνιιται
876 2092 927 2158 ὅτι
952 2088 1020 2166 ἐτὼ
1046 2086 1120 2166 εἰμι.

296 2313 300 2322 -
376 2259 685 2362 Ἀναγκαιοτοὶτην
701 2262 904 2362 πεποίημαι,
924 2265 1029 2368 φησί,
1047 2267 1120 2341 τῶν
1138 2259 1228 2340 ὅσον
1246 2259 1387 2340 ούδέπω
1407 2292 1503 2361 παρε

321 2383 486 2483 σομένων
514 2387 572 2466 καὶ
599 2383 671 2488 πρὸ
699 2394 822 2488 καιροῦ
847 2383 913 2484 τὴν
935 2384 1124 2492 ἐξήγησιν·
1153 2383 1309 2488 ᾐσθήσει
1337 2382 1413 2485 γὰρ
1441 2380 1503 2464 τοῦ,

320 2507 573 2610 ἀκροωμένους,
592 2511 652 2588 καὶ
679 2509 721 2588 οῦ
747 2507 874 2612 μικρὸν
899 2507 990 2588 οἴσει
1017 2508 1059 2588 τὸ
1087 2507 1220 2610 κέρδος,
1244 2513 1274 2587 εί
1301 2506 1367 2588 τὸν
1391 2509 1431 2586 ἐκ
1458 2517 1503 2585 τοί

319 2629 531 2732 πράγματος
557 2637 677 2712 εἰδεῖεν
695 2631 854 2713 σκοπόν..
886 2633 1028 2717 εὶκαίοις
1051 2631 1204 2734 μὲνγὰρ
1229 2629 1296 2730 τήν
1314 2639 1382 2710 τοῦ
1407 2629 1503 2728 λόγοι

289 2784 309 2829 ο
319 2755 443 2859 χρείαν
461 2759 623 2835 δαπανᾶν
642 2754 870 2859 διηγήμασιν,
890 2755 1067 2857 ἀσύνηθές
1084 2789 1123 2835 τε
1142 2757 1199 2834 καὶ
1225 2755 1268 2834 οῦ
1294 2756 1412 2858 φίλον
1431 2755 1503 2852 ἐμοί

319 2875 372 2960 οἷς
403 2878 436 2956 δ’
466 2873 510 2956 ἂν
538 2880 707 2984 φαίνηται
740 2877 882 2983 προσὸν
909 2877 951 2960 τὸ
982 2876 1171 2965 λυσιτελές
1200 2879 1243 2957 οῦ
1275 2877 1409 2980 μικρὸν
1437 2874 1503 2956 εῖνα

318 2999 409 3104 πρὸς
427 2991 566 3103 γνῶσιν
583 3001 630 3081 ’ίοι
652 3001 718 3102 τὴν
737 3001 916 3106 ὑμετέραν,
934 3011 1048 3084 ταῦτα
1072 3007 1144 3082 δεῖν
1164 3001 1421 3100 ὑπολαμβάνω
1449 3005 1503 3079 ταῖ

199 3165 213 3216 ·„
319 3125 499 3228 ὑμετέραις
536 3126 673 3230 ἐνηχεῖν
704 3128 838 3210 ἀκοαῖς.
887 3124 984 3230 λέγω
1016 3133 1206 3229 τοιγαροῦν
1236 3124 1370 3234 ιἰπιίρτι
1411 3126 1503 3231 φησὶ

319 3253 393 3353 ὑμῖν
422 3247 468 3328 τὰ
501 3251 558 3330 ἐπὶ
590 3248 715 3352 θύραις
746 3247 812 3349 μέν
845 3250 925 3350 ἤδη,
956 3250 1220 3348 τετελεσμένων
1249 3245 1288 3329 δέ
1322 3251 1429 3328 οὔπω
1462 3247 1503 3346 τί]

318 3377 458 3472 γνοῦσιν
484 3373 655 3473 ἐντίθημι,
682 3373 724 3452 ἵν’
754 3373 831 3454 ’ότιιν
859 3373 1024 3475 γενέσθαι
1051 3377 1180 3478 συμβῇ
1212 3369 1503 3474 συναρμόττοντι

319 3500 393 3577 τοῖς
420 3495 504 3596 παρ’
525 3496 611 3592 ἐμοῦ
637 3495 959 3600 προηγορευμένοις
988 3501 1060 3576 τῶν
1082 3493 1309 3599 πραγμάτων
1330 3495 1379 3574 τὸ
1409 3492 1503 3578 πέλοι

275 3677 276 3682 1
320 3617 452 3696 ἐκεῖνον
489 3617 597 3698 αὑτὸν
634 3616 724 3700 εἶναί
755 3653 801 3719 με
835 3618 1041 3715 πιστεύσητε,
1079 3621 1161 3722 περὶ
1203 3618 1245 3698 οὗ
1286 3619 1332 3698 τὰ
1379 3627 1503 3698 τοιαῦτ

264 3795 265 3802 1
321 3737 623 3848 κεχρησμηίδηκεν
642 3744 664 3843 ἡ
683 3745 760 3824 θεία
778 3743 913 3852 γραφή.
942 3746 980 3823 ἐν
999 3744 1117 3851 ταῦτῷ
1134 3749 1325 3845 τοιγαροῦν
1346 3744 1370 3822 ὃ
1394 3743 1503 3844 Κύριε

288 3865 423 3965 ᾱῆμῦν
453 3866 598 3964 Ἰησοῦς
634 3868 654 3946 ό
692 3866 865 3970 Χριστὸς,
898 3870 956 3947 καὶ
992 3865 1057 3946 τὸν
1088 3866 1268 3968 προδότην
1300 3868 1503 3970 ἐπανορθοὶ

322 3986 586 4092 εῦπεριστόλως
613 3991 787 4095 ἐπιχειρεῖ,
811 3991 1052 4093 κεκρυμμένον
1074 3991 1133 4070 ἐπὶ
1159 3996 1302 4092 μικραῖς
1329 3991 1503 4098 ἀσαφεία

361 4200 385 4238 1.
403 4183 615 4253 &assumptum
627 4201 660 4237 ex
673 4182 705 4237 E.
852 4183 878 4237 6.
896 4183 1018 4254 γενέσθω
1031 4183 1102 4238 Gatt.
1254 4197 1279 4252 7.
1297 4182 1344 4250 τήν
1358 4183 1428 4255 alt.]
1443 4187 1492 4238 τὸν

322 4255 349 4344 β.
368 4255 574 4340 ἐπιγινώσκωμεν
583 4271 607 4308 a.
621 4252 702 4344 (δοκεῖ.
716 4252 917 4378 ἐωέψόσκρμν
929 4272 953 4308 c.
965 4251 1194 4344 ywn'wmmr’Ed.
1266 4268 1314 4342 ¹52
1328 4251 1503 4346 Legendpm

321 4323 482 4411 ησδησεταιῑ
575 4337 738 4414 17..εικαιοις
775 4324 958 4380 mammem.
1053 4341 1094 4396 19.
1113 4345 1177 4378 εινιιι
1188 4323 1368 4448 πόδςγνωσιν
1383 4325 1420 4379 Ε.
1435 4349 1459 4406 ει
1474 4347 1503 4414 πρ

319 4415 418 4464 γνωσιυ
431 4391 482 4446 Ed.
495 4393 817 4517 “α1.εῐειςπρόγνωσιν”
831 4393 882 4448 Ed.
896 4411 952 4462 mg.
1135 4409 1179 4448 το.
1226 4393 1355 4450 εΙεαδοια
1371 4405 1408 4450 ut
1422 4396 1503 4450 τιτλε

321 4461 445 4584 ήρῐένεν,
457 4462 488 4518 Ε·
501 4461 660 4587 ἡέἓτήανβ
680 4485 743 4550 γε·
758 4463 910 4536 (ww)
924 4463 1048 4535 ὑμετέραν
1061 4463 1113 4520 Ed.
1126 4481 1182 4536 mg.
1327 4481 1377 4529 ει·
1399 4467 1503 4538 &wip

348 4553 500 4601 ,ημετεραις
556 4572 562 4586 .
585 4555 613 4588 σ.
626 4555 758 4604 νμετερσις
771 4533 822 4591 Ed.
835 4553 891 4607 mg.
1266 4591 1269 4598 .
