3238 5114
344 309 408 374 722
646 311 686 380 B.
711 311 924 378 OYRILLI
953 309 1244 376 ALEXANDR.
1338 309 1421 376 xvii.
1437 310 1487 388 18,
1499 329 1542 394 ¹9·

344 477 392 556 εἷς
418 471 482 554 τὸν
509 481 573 554 τοῦ
600 476 782 556 ἀναθεῖναί
808 509 846 556 τε
878 477 936 556 καὶ
966 475 1143 582 ἀφορίσαι
1172 473 1296 576 λόγον,
1325 471 1421 576 ὑπὲρ
1451 473 1544 572 ἡμῶν

344 594 470 678 ἑαυτὸν
498 595 649 700 ἁγιάσαι
677 597 796 704 φαμέν
823 596 887 678 τὸν
914 596 1015 677 Υίόν.
1056 595 1302 702 προσεκόμισε
1325 595 1403 700 γὰρ
1427 593 1546 676 ἑαυτὸν

311 717 470 825 ᾱῶσπερ
506 720 629 826 ἱερεῖόν
664 755 703 802 τε
739 725 797 802 καὶ
835 720 937 824 ἅγιον
976 726 1072 819 θῦμα
1108 726 1160 828 τῷ
1198 726 1281 829 Θεῷ
1318 725 1379 802 καὶ
1423 721 1544 822 Πατρὶ,

176 837 258 966 ζῖζ·
348 855 369 892 “
388 844 527 943 κόσμον
553 846 650 952 αὐτῷ
674 845 981 942 καταλλάσσων,”
1008 847 1067 924 καὶ
1091 841 1261 946 συνάγων
1283 851 1331 928 είς
1356 845 1489 950 φιλίαν
1509 843 1546 922 τὸ

178 991 243 1056 Eph.
256 992 282 1041 ii.
346 967 478 1068 ταύτης
496 967 714 1068 ὠλισθηκὸς,
733 967 908 1066 τουτέστι,
927 967 969 1048 τὸ
986 967 1088 1069 γένος
1106 966 1148 1047 τὸ
1167 968 1406 1070 ἀνθρώπινον·
1447 977 1469 1014 “
1487 967 1545 1044 αό-
1560 999 1575 1056 5

179 1071 217 1120 ¹⁴'
347 1101 369 1138 “
387 1088 450 1176 τὸς
474 1089 546 1194 γάρ
572 1093 713 1192 ε’στινὴ
736 1091 855 1195 εἰρήνη
883 1092 983 1190 ἡμῶν
994 1092 1014 1118 ”
1043 1089 1134 1171 κατὰ
1160 1089 1203 1171 τὸ
1231 1090 1497 1194 γεγραμμένον.
1528 1090 1549 1187 ἡ

347 1211 460 1316 γεμὴν
485 1213 714 1323 ἐπανάληψις
742 1215 844 1314 ἡμῶν
869 1216 890 1314 ἡ
913 1213 1005 1316 πρὸς
1023 1213 1119 1295 Θεὸν
1137 1215 1204 1318 οὐχ
1221 1213 1349 1316 ἑτέρως
1368 1211 1416 1294 ἂν
1435 1218 1550 1292 νοοῖτο

345 1337 581 1440 τετελεσμένα
610 1338 668 1418 διὰ
690 1345 856 1443 Χριστοῦ
883 1347 947 1420 τοῦ
974 1337 1166 1442 σώζοντος,
1193 1343 1223 1416 εί
1251 1335 1301 1438 μὴ
1331 1335 1392 1416 διὰ
1421 1341 1489 1436 τῆς
1515 1339 1551 1414 ἐν

348 1461 532 1562 Πνειίματι
561 1464 741 1548 κοινωνίας
772 1466 830 1544 καὶ
862 1464 1056 1564 ἁγιασμοῦ.
1091 1459 1133 1542 τὸ
1161 1459 1232 1564 γὰρ
1259 1467 1429 1563 συνείρων
1457 1459 1552 1558 ἡμᾶς

347 1587 406 1665 καὶ
434 1589 539 1666 οίονεὶ
567 1597 740 1667 συνενοῦν
759 1591 810 1693 τῷ
829 1591 914 1693 Θεῷ
935 1584 978 1665 τὸ
1002 1591 1153 1684 Πνεῦμα
1179 1583 1222 1664 τὸ
1243 1581 1378 1684 Ἀγιόν
1396 1585 1515 1680 ἐστιν,
1534 1579 1596 1660 όιο

318 1706 392 1807 εδὴ
421 1712 480 1788 καὶ
508 1708 693 1809 λαβόντες,
711 1710 857 1815 μέτοχοι
884 1713 943 1790 καὶ
966 1711 1126 1789 κοινωνοὶ
1144 1711 1208 1807 τῆς
1227 1707 1321 1792 θείας
1339 1707 1549 1786 ἀναδεικνύ-

349 1839 442 1932 μεθα
463 1832 620 1937 φύσεως,
646 1837 704 1914 καὶ
732 1834 840 1914 αὐτὸν
865 1830 1100 1938 είσδεχόμεθα
1127 1833 1170 1912 δι’
1199 1837 1290 1912 Υίοῦ
1317 1834 1376 1910 καὶ
1405 1833 1445 1910 ἐν
1475 1835 1555 1937 Tul]

350 1954 415 2036 τὸν
431 1956 589 2058 Πατέρα.
621 1957 753 2064 γράφει
771 1967 860 2058 γοῦν
879 1959 963 2056 ἡμῖν
981 1958 1001 2036 ό
1019 1954 1138 2061 σοφὸς
1154 1952 1322 2055 Ἰωάννης
1338 1958 1423 2057 περὶ
1442 1956 1556 2034 αὑτοῦ

351 2091 372 2130 “
390 2080 458 2160 Ἐν
476 2079 590 2188 τούτῳ
614 2081 838 2185 γινώσκομεν
866 2080 921 2160 ότι
946 2083 984 2160 έν
1004 2081 1100 2188 αὐτῷ
1121 2079 1272 2180 μένομεν
1297 2081 1354 2160 καὶ
1382 2077 1493 2162 αὐτὸς
1516 2081 1556 2156 έν

351 2215 373 2250 “
391 2204 485 2303 ἡμῖν,
504 2203 559 2284 ότι
587 2207 625 2286 ἐκ
652 2213 716 2284 τοῦ
747 2206 956 2304 Πνειίματος
984 2205 1093 2284 αὑτοῦ
1120 2202 1268 2283 δεῦωκεν
1289 2200 1409 2301 ἡμῖν.”
1448 2203 1491 2282 τί
1517 2201 1557 2282 δὲ
1570 2227 1601 2288 15

351 2328 396 2428 δὴ
424 2326 515 2431 πρὸς
542 2329 657 2437 τούτῳ
685 2332 743 2408 καὶ
773 2334 949 2426 Παῦλος;
981 2327 1104 2408 “''Ort
1130 2325 1179 2424 δέ,
1208 2330 1334 2434 φησὶν,
1361 2324 1446 2407 ε’στέ
1477 2330 1557 2420 υἱοὶ,

352 2463 373 2500 “
390 2451 640 2560 ἐξαπέστειλεν
665 2455 684 2531 ό
705 2449 798 2536 Θεὸς
823 2450 866 2532 τὸ
891 2459 1042 2551 Πνεῦμα
1066 2460 1130 2530 τοῦ
1157 2455 1247 2530 Υίοῦ
1275 2451 1384 2532 αὐτοῦ
1414 2455 1463 2534 είς
1489 2449 1557 2534 τὰς

352 2585 374 2622 “
392 2578 537 2679 καρδίας
565 2579 674 2676 ὑμῶν,
703 2576 830 2681 κρόᾷιν
861 2576 987 2670 Ἀθβῦ
1016 2576 1037 2654 ό
1067 2573 1215 2678 πατὴρ,”
1248 2577 1297 2658 ὡς
1330 2573 1430 2675 είπερ
1458 2574 1556 2673 ἡμᾶς

183 2715 304 2772 υοοΔ.
322 2693 546 2799 ιαἰμετόχους
575 2699 762 2796 ἀπομεῖναι
788 2694 926 2796 συνέβη
951 2703 1015 2774 τοῦ
1035 2693 1256 2792 Πνεόματος,
1285 2694 1359 2774 οὐδ’
1380 2691 1427 2772 ἂν
1456 2693 1555 2776 ὅλως

351 2820 389 2897 ἐν
421 2819 505 2918 ἡμῖν
535 2817 706 2924 ὑπάρχων
738 2817 906 2922 ἐγνώσθη
937 2818 1041 2916 Θεὸς,
1074 2821 1132 2898 καὶ
1162 2824 1191 2896 εί
1220 2816 1271 2917 μὴ
1303 2815 1345 2897 τὸ
1378 2823 1427 2902 είς
1457 2816 1553 2900 υίοῦς
1567 2847 1596 2887 ²⁰

350 2941 572 3024 κατατάττον
598 2942 897 3044 πεπλουτήκαμεν
918 2948 1077 3042 Πνεῦμα,
1097 2942 1169 3022 οὐδ’
1190 2939 1235 3022 ἂν
1256 2941 1351 3026 ὅλως
1375 2938 1468 3040 ἦμεν
1488 2942 1554 3020 νίοὶ

352 3072 456 3148 Θεοῦ.
496 3069 581 3150 ποία
604 3070 723 3148 τοίνυν
747 3068 770 3166 ἡ
797 3067 1024 3172 πρόσληψις,
1047 3063 1071 3166 ἡ
1094 3073 1172 3150 πῶς
1200 3062 1244 3145 ἂν
1272 3064 1322 3146 ἔτι
1349 3065 1448 3148 θείας
1477 3065 1552 3171 φό-

350 3225 446 3277 σεως
467 3194 627 3272 κοινωνοὶ
646 3195 704 3271 καὶ
722 3191 820 3291 ἡμεῖς
843 3189 1110 3298 ἀπεφάνθημεν,
1130 3195 1159 3268 εἰ
1178 3186 1266 3290 μήτε
1285 3186 1378 3274 Θεὸς
1399 3191 1440 3269 έν
1458 3189 1553 3289 ἡμῖν,

350 3314 439 3414 μήτε
471 3315 569 3414 ἡμεῖς
604 3315 700 3421 αὐτῷ
731 3315 998 3416 προσκείμενοι,
1029 3313 1087 3393 διὰ
1124 3321 1188 3392 τοῦ
1225 3315 1425 3411 κεκλῆσθαι
1462 3313 1555 3416 πρὸς

349 3439 544 3537 μετουσίαν
560 3448 624 3518 τοῦ
645 3437 874 3538 Πνεόματος;
908 3443 983 3520 νυνὶ
1003 3437 1117 3518 δὲκαὶ
1139 3437 1287 3542 μέτοχοι
1309 3439 1368 3516 καὶ
1390 3439 1554 3517 κοινωνοί
1566 3461 1592 3520 25

352 3566 415 3661 τῆς
434 3560 479 3642 τὸ
503 3559 622 3642 πάντα
647 3562 896 3666 ὑπερκειμένης
921 3561 1058 3660 οὐσίας,
1077 3564 1134 3642 καὶ
1153 3564 1230 3641 ναοὶ
1250 3566 1345 3641 Θεοῦ
1369 3564 1551 3666 χρηματί-

320 3682 468 3787 ὸζσμεν.
519 3683 608 3788 ὑπὲρ
636 3685 707 3789 γὰρ
732 3692 805 3767 τῶν
834 3685 1012 3789 ἡμετέρων
1041 3687 1224 3788 ἁμαρτιῶν
1256 3683 1382 3764 ἑαυτὸν
1411 3685 1553 3787 ἡγίασε,

353 3807 538 3892 τουτέστιν
564 3809 742 3910 ἀνέθηκεν,
766 3811 787 3889 ό
811 3808 1033 3910 Μονογενὴς,
1056 3811 1114 3888 καὶ
1143 3812 1191 3894 ὡς
1219 3814 1315 3908 θῦμα
1344 3809 1549 3911 προσκεκό-

353 3968 454 4034 μικεν
481 3932 576 4037 ἱερὸν
602 3939 651 4018 είς
679 3931 799 4033 ὀσμὴν
826 3934 970 4018 εὐωδίας
999 3939 1049 4040 τῷ
1077 3937 1161 4038 Θεῷ
1189 3933 1246 4014 καὶ
1276 3935 1410 4034 Πατρὶ,
1443 3933 1489 4012 ἵν’
1518 3937 1553 4012 ἐκ

353 4059 467 4157 μέσου
504 4054 693 4159 γεγονότος
740 4065 803 4137 τοῦ
847 4053 1062 4160 διείργοντός
1099 4090 1138 4135 τε
1176 4059 1234 4136 καὶ
1270 4055 1588 4160 οἰποτειχίῷντοςςο

355 4179 481 4285 ὥσπερ
500 4187 596 4262 Θεοῦ
624 4179 689 4280 τὴν
716 4179 907 4286 ἀνθρώπου
936 4180 1060 4287 φύσιν,
1090 4178 1253 4260 τουτέστι
1280 4182 1344 4278 τῆς
1367 4180 1551 4284 ἁμαρτίας,

397 4493 437 4528 ιο.
455 4471 585 4544 τὸἍγιόν
596 4483 764 4548 assumptum
777 4493 809 4530 ex
823 4473 855 4529 Ε.
1184 4489 1226 4530 20.
1245 4471 1281 4530 εἶς
1293 4481 1465 4546 assumptum
1478 4473 1548 4531 exE.

360 4561 402 4615 29.
421 4544 452 4599 ἵν’
466 4545 498 4599 Ε.
510 4542 550 4600 ἶνα
564 4543 614 4600 Ed.
