3142 5118
256 381 261 388 .
308 373 312 386 .
355 332 420 394 224
659 333 697 396 B.
723 331 934 396 CYRILLI
964 329 1251 396 ALEXANDR.
1390 345 1503 390 ιιι-ς

356 498 541 579 ἁτιθάσων
563 501 696 601 θηρίων
718 499 885 607 ξυνωρίδι
910 494 1121 604 μαχόμενος,
1140 494 1300 598 σταυρὸν
1321 493 1476 592 ὑπέμεινε

357 623 450 722 ἡμᾶς
480 623 538 702 ἵνα
568 623 711 732 θανάτῳ
743 623 906 728 νεκρῶση
935 620 1000 702 τὸν
1028 619 1195 718 θάνατον,
1223 621 1411 722 κατεκρίθη
1442 653 1478 696 τε

358 747 451 846 ἡμᾶς
475 747 533 826 ἵνα
558 751 621 847 τῆς
647 750 703 829 ε’πῖ
729 753 781 856 τῷ
805 752 1032 848 πλημμελεῖν
1050 746 1293 848 κατακρίσεως
1316 743 1452 825 πάντας
1473 741 1503 848 ἐξ

192 885 311 942 648A.
329 881 478 970 ςληται,
513 872 748 974 καταργήσας
785 870 842 952 διά
878 875 943 970 τῆς
979 871 1137 954 πίστεως
1173 867 1240 968 τὴν
1276 865 1503 971 τυρανιαῇσασ

191 1011 314 1076 onitu.
360 995 548 1098 ἁμαρτίαν,
568 999 626 1076 καὶ
647 1009 668 1044 “
681 994 932 1099 προσηλώσας
954 992 997 1072 τὸ
1022 996 1106 1074 καθ’
1127 993 1228 1093 ἡμῶν
1245 989 1486 1102 χειρόγραφον

360 1129 382 1166 “
401 1120 477 1229 ίδίιρ
496 1119 674 1228 σταυρῷ,”
686 1119 778 1200 καθά
797 1119 1008 1221 γέγραπται.
1037 1119 1164 1198 οὐκοῦν
1182 1119 1202 1198 ὁ
1219 1116 1285 1217 μὲν
1300 1121 1365 1216 τῆς
1382 1117 1503 1218 άμαρτι

192 1245 315 1372 {saxoni
359 1244 480 1347 πατὴρ
504 1249 552 1329 ὡς
572 1255 593 1291 “
606 1243 775 1348 πρόβατα
799 1245 836 1322 ἐν
854 1241 946 1349 ᾅδη”
968 1242 1067 1322 ἔθετο
1091 1240 1234 1350 θανάτῳ
1258 1247 1443 1340 ποιμανεῖν
1464 1239 1503 1338 ἡμ

359 1370 565 1475 ε’πιτρείίιας,
588 1366 680 1448 κατὰ
707 1365 749 1448 τὸ
777 1369 814 1447 ἐν
842 1371 1007 1473 ψαλμοῖς
1035 1365 1226 1469 είρημένον.
1265 1365 1416 1445 άπέθανε
1447 1363 1482 1442 δὲ

360 1495 451 1592 ἡμᾶς
471 1496 491 1574 ὁ
508 1490 644 1596 ἀγαθὸς
661 1491 772 1576 ὅντως
789 1488 935 1590 ποιμὴν,
953 1489 1012 1570 ἵνα
1029 1494 1092 1590 τῆς
1111 1493 1294 1595 ἀφεγγοῦς
1314 1497 1376 1568 τοῦ
1400 1485 1503 1567 θανάτ

359 1625 455 1722 χειᾶς
483 1617 618 1724 ἐξελὼν
645 1623 719 1700 τοῖς
749 1613 922 1720 οὐρανίοις
951 1612 1266 1718 συναγελάζεσθαι
1292 1609 1503 1715 παρασκευά

361 1749 491 1846 χοροῖς,
501 1744 559 1821 καὶ
574 1741 652 1821 ἀντὶ
666 1747 791 1841 σηκῶν
804 1745 877 1818 τῶν
890 1743 939 1822 εἷς
958 1735 1136 1838 πυθμένας
1155 1738 1326 1834 ἀβύσσου
1346 1740 1402 1816 καὶ
1420 1771 1503 1840 μυχι

328 1864 558 1965 οθαλάσσης
591 1865 768 1963 κειμένων,
796 1861 861 1946 τάς
893 1861 967 1942 άνω
1000 1865 1058 1942 καὶ
1087 1861 1187 1965 παρὰ
1216 1865 1335 1964 Πατρὶ
1364 1862 1503 1966 χαρίοη

360 1988 482 2089 μονάς·
516 1987 574 2070 διὰ
591 1997 697 2070 τοῦτο
716 1991 774 2068 καὶ
792 1984 884 2089 πρὸς
909 1987 1000 2087 ἡμᾶς
1025 2021 1096 2068 που
1120 1989 1220 2094 φησί
1235 1997 1257 2034 “
1273 1985 1339 2086 Μὴ
1357 1992 1493 2093 φοβοῦ,

361 2125 382 2162 “
399 2112 527 2218 μικρὸν
550 2114 725 2212 ποίμνιον,
744 2110 922 2212 ηὐδάκησε
947 2109 1019 2214 γάρ
1047 2112 1067 2190 ὁ
1087 2110 1216 2213 Πατὴρ
1241 2114 1362 2192 δοῦναι
1387 2113 1503 2210 ύμῖντ

360 2250 382 2287 “
400 2239 631 2336 βασιλείαν.”
660 2239 745 2317 ἀλλ’
766 2239 803 2316 ἐν
822 2234 960 2321 τούτοις
985 2234 1051 2334 μὲν
1073 2233 1118 2315 τά
1143 2235 1201 2316 διά
1219 2241 1397 2338 Χριστοῦ·
1428 2235 1503 2332 ίδωγ

360 2361 397 2444 δὲ
430 2362 476 2443 τά
508 2363 648 2443 ἐκείνων
681 2365 718 2442 ἐν
750 2361 857 2441 τίσιν.
910 2361 1037 2440 οὐκοῦν
1071 2361 1190 2463 ἕτερον
1222 2359 1287 2458 μὲν
1318 2357 1418 2438 οὐδὲν
1446 2357 1503 2437 ὅντ

359 2486 568 2566 ἁλώσονται
590 2492 700 2594 τῷγε
727 2483 889 2584 ὄμμασιν
907 2485 1028 2588 ὀρθοῖς
1053 2481 1099 2564 τὰ
1124 2485 1177 2564 ἐπ’
1198 2485 1316 2567 αὐτοῖς
1341 2486 1503 2585 διεοκρινι

275 2685 279 2692 ,
359 2609 454 2718 με’νιρ
472 2609 494 2710 ἢ
513 2612 691 2709 μισθωτοὶ
711 2613 769 2689 καὶ
787 2607 1064 2715 ψευδοποιμίνες
1083 2610 1141 2688 καὶ
1166 2609 1277 2688 δειλοὶ
1304 2611 1363 2686 καὶ
1386 2603 1503 2708 προδά

360 2738 419 2814 καὶ
447 2736 600 2836 ὀκνηροί,
619 2732 732 2834 λόγον
753 2731 818 2832 μὲν
841 2732 966 2812 οὐδένα
991 2735 1054 2831 τῆς
1078 2739 1152 2812 τῶν
1169 2729 1365 2834 προβάτων
1382 2735 1503 2836 ὢφελε

360 2857 588 2959 πεποιημένοι
619 2856 775 2955 πώποτε,
807 2853 849 2937 τὸ
882 2855 920 2935 δὲ
952 2855 1018 2956 ἡδύ
1049 2891 1126 2940 πως
1159 2858 1220 2936 καὶ
1253 2853 1394 2963 ἑκάστῳ
1432 2861 1503 2934 δοκι

331 2981 588 3088 οπανταχόθεν
617 2979 808 3084 ἐκπορίζειν
835 2977 1110 3084 σπουδάζοντες.
1160 2979 1317 3086 μισθωτοὶ
1345 2978 1417 3082 γάρ
1445 2977 1503 3080 ἦσι

362 3106 453 3187 κατὰ
490 3107 556 3208 τὴν
592 3115 656 3186 τοῦ
695 3109 861 3207 Σωτῆρος
900 3101 1035 3208 φωνὴν,
1073 3105 1137 3183 οὐκ
1172 3103 1217 3205 ἦν
1250 3106 1367 3184 αὐτῶν
1404 3101 1478 3183 ἴδια

361 3234 534 3340 πρίβατα,
562 3237 708 3330 μᾶλλον
735 3227 773 3308 δὲ
802 3235 866 3307 τοῦ
896 3233 1062 3331 Χριστοῦ
1094 3235 1158 3308 τοῦ
1186 3213 1442 3325 μισθώσαντος
1470 3261 1503 3305 κι

361 3353 427 3455 τὴν
455 3354 580 3459 ἀρχὴν,
609 3356 667 3434 καὶ
700 3356 757 3434 ε’πὶ
786 3359 903 3451 τιμαῖς
933 3359 1010 3435 ταῖς
1041 3349 1213 3432 ἀνωτάτω
1242 3351 1503 3456 χειροτονήσαν

360 3479 558 3562 ἐπιστάτας
584 3485 658 3560 τοῖς
675 3479 857 3556 Ἰουδαίων
880 3481 980 3559 λαοῖς
1010 3471 1093 3559 τούς
1121 3473 1338 3578 ίερουργούς·
1370 3473 1471 3554 ἀλλὰ
1497 3510 1503 3554 τ

361 3604 453 3682 οὕτω
477 3599 650 3705 λαμπρὰν
668 3603 727 3681 καὶ
747 3662 877 3682 .....
897 3603 961 3700 τῆς
986 3605 1059 3678 τῶν
1076 3599 1290 3704 θρεμμάτων
1314 3602 1427 3697 ου’λῆς
1451 3603 1503 3707 ἀφ

361 3725 535 3827 δήσαντες
562 3730 760 3823 παντελῶς,
783 3725 995 3828 προῦδωκαν
1020 3726 1072 3831 τῷ
1100 3723 1199 3832 λύκῳ
1228 3721 1274 3804 τά
1301 3723 1484 3828 πρόβατα,

191 1985 288 2066 8,.Ῑιαο.

191 2066 281 2115 xn.32.

396 4032 420 4070 ο.
439 4036 468 4069 τε
481 4033 495 4069 e
508 4013 567 4068 cat.
582 4013 658 4067 Harl.
672 4012 818 4083 assumpsit
830 4011 902 4067 nub.
916 4021 943 4066 et
956 4013 991 4067 ita
1004 4031 1027 4067 a.
1193 4031 1218 4084 9.
1238 4015 1253 4067 ό
1265 4012 1362 4084 ἀγαθὸς
1374 4013 1454 4070 ὅντως
1466 4037 1503 4068 πα

360 4085 440 4140 edidi.
452 4084 531 4141 ὅντως
543 4087 557 4138 δ
569 4084 665 4155 άγαθδς
676 4083 757 4139 ὅντως
767 4083 862 4154 ποιμὴν
875 4083 908 4138 Β.
924 4083 1014 4139 Hoist.
1028 4083 1107 4141 ὅντως
1120 4083 1142 4138 δ’
1155 4084 1253 4156 άγαθδς
1265 4082 1345 4140 ὄντος
1356 4087 1371 4138 ὁ
1384 4085 1480 4153 ποιμὴν
1493 4087 1503 4138 ί

359 4157 402 4210 on
438 4157 483 4212 θδς
493 4176 538 4210 ποι
559 4155 589 4224 ἢν
600 4154 757 4209 abbrevians
771 4153 836 4209 Nik.
924 4171 965 4209 το.
984 4157 1057 4226 χειᾶς
1069 4173 1093 4208 a.
1106 4162 1134 4210 et
1145 4156 1182 4209 ita
1193 4155 1262 4208 inter
1274 4154 1375 4209 scholia
1389 4155 1417 4210 S.
1426 4155 1503 4225 Cyril

333 4285 337 4294 x
361 4179 436 4282 Coi?
444 4227 522 4282 Bodl.
568 4227 615 4280 iao.
632 4243 642 4279 1
664 4243 690 4296 9.
709 4242 761 4278 see.
775 4225 838 4280 xvii.
851 4225 1011 4296 transcripto
1023 4244 1039 4280 a
1052 4225 1187 4280 Frontone
1202 4225 1311 4280 Duoaeo
1324 4234 1355 4279 ut
1370 4225 1476 4280 videtur

361 4297 520 4368 Catalogum
538 4295 626 4352 Codd.
641 4240 734 4350 (imae.
748 4294 796 4377 .f⁰¹·
811 4307 871 4377 724.
885 4295 926 4377 οδ.
942 4296 1048 4366 coxa).
1087 4296 1195 4351 Scholia
1211 4295 1364 4366 supradicta
1380 4314 1395 4349 e
1411 4295 1481 4350 coo.

347 4413 349 4418 .
361 4367 479 4422 Pariunt
491 4368 588 4438 opinor
601 4383 662 4428 212,
676 4365 736 4420 vida
748 4365 816 4419 mna
827 4365 875 4420 hb.
884 4366 928 4421 vii.
936 4367 1096 4437 fragmenta,
1104 4368 1182 4424 initio
1194 4365 1227 4421 ad
1241 4366 1353 4438 paginae
1365 4367 1474 4420 calcem.
1491 4389 1503 4422 o

360 4436 411 4490 Ed.
557 4455 598 4493 11.
611 4435 747 4500 ἀβύσσους
761 4436 793 4490 Β.
806 4435 854 4492 Ht.
867 4437 1018 4491 amandavit
1030 4439 1102 4492 nub.
1155 4435 1266 4510 μυχοὺς]
1279 4437 1397 4508 μοχλοὺς
1410 4437 1470 4491 Cat.
1485 4439 1503 4492 f

361 4523 404 4559 21.
422 4507 610 4565 ἐσπουδακότες
621 4526 645 4562 a.
765 4523 788 4576 2¹
802 4547 808 4562 .
827 4505 897 4560 άλλδ
910 4508 956 4578 τὴν
968 4508 1034 4564 οὕτω
1046 4509 1169 4580 λαμπράν
1181 4509 1223 4564 καὶ
1237 4509 1269 4562 Β.
1281 4509 1306 4560 oi
1319 4508 1347 4562 δι’
1359 4525 1374 4561 e
1388 4507 1448 4562 Cat.
1461 4520 1497 4562 ut

360 4575 432 4629 nub.
446 4578 469 4629 oi
482 4594 506 4631 a.
545 4577 683 4632 Excnlisse
696 4521 799 4648 aliquiti
809 4577 923 4633 videtur.
