3082 5112
275 307 340 374 322
575 307 616 374 B.
638 307 850 375 CYRILLI
880 307 1168 374 ALEXANDR.
1352 300 1410 366 xii.
1425 318 1484 386 31.

275 477 365 580 Υίῷ,
385 477 434 558 είς
464 476 675 581 φιλοτιμίαν
699 481 772 555 τῶν
797 472 1033 576 ἀκροωμένων
1053 471 1120 573 τὴν
1142 474 1269 554 ἑαυτοῦ
1295 466 1486 566 βούλησιν

276 602 452 702 φανερῶν,
471 597 530 677 ἵνα
547 597 800 678 πιστεύσωσιν
817 594 1091 704 ἀναμφιβόλως,
1110 594 1166 676 ότι
1182 593 1271 678 Υἱός
1288 595 1368 672 έστι
1386 585 1487 670 κατὰ

276 718 392 825 φύσιν
409 729 474 801 τοῦ
493 725 590 801 Θεοῦ
615 723 675 800 καὶ
694 719 852 824 Πατρός.
892 719 1051 823 διηπόρει
1076 718 1115 800 δέ
1140 720 1161 799 ό
1186 716 1300 824 ὄχλος
1323 721 1373 800 είς
1397 717 1481 792 δια·

277 841 413 950 φόρους
447 843 615 928 ῦπονοίας
647 839 858 948 σχιζόμενος
891 843 1084 928 ἀσυνέτως.
1140 842 1208 922 ἔδει
1245 840 1317 943 γὰρ
1351 832 1487 916 αῦτοῦς

277 967 445 1065 ε’ννοῆσαι
482 965 538 1047 ότι
575 967 596 1046 ό
636 965 766 1070 Πατῆρ
802 965 848 1067 ἦν
880 968 900 1045 ό
934 963 1277 1074 ἀναφθεγξάμενος,
1310 959 1402 1064 πρὸς
1438 956 1524 1038 ῦν5

277 1085 473 1188 ἐποιήσατο
504 1087 587 1174 τοῦς
620 1085 753 1192 λόγους
785 1089 806 1168 ό
837 1086 939 1174 Υἱός.
989 1091 1032 1170 οῦ
1068 1088 1141 1193 γάρ
1177 1087 1334 1192 βροντὴν
1363 1083 1488 1190 ᾔτησε

247 1210 458 1314 θγενέσθαι,
483 1213 562 1293 οὔτε
591 1211 752 1316 ἄγγελον
780 1216 959 1319 φωνῆσαι,
983 1211 1080 1310 όμως
1108 1213 1129 1291 ό
1156 1210 1245 1296 Υἱός
1274 1217 1401 1316 φησιν,
1424 1206 1488 1286 ότι

279 1338 313 1413 οῦ
345 1329 385 1414 δι’
415 1333 476 1442 ἐμὲ
507 1333 642 1438 γέγονεν
669 1333 807 1443 ῆ·φωνῆ
840 1333 946 1416 ἀλλά
978 1331 1018 1416 δι’
1047 1337 1152 1441 ῦμῖις.
1203 1332 1279 1438 ᾔδει
1311 1331 1383 1434 γάρ
1415 1337 1489 1409 τοῦ

277 1456 442 1543 τεκόντος
468 1456 535 1559 τῆν
561 1457 744 1560 βούλησιν
771 1456 840 1538 κᾶν
866 1456 977 1560 μηδέν
1005 1458 1179 1560 ἐλαλήθη,
1202 1454 1322 1556 έπειδῆ
1349 1451 1395 1554 ἦν
1423 1455 1490 1533 καὶ

277 1580 379 1662 έστιν
404 1581 427 1682 ῆ
454 1590 520 1663 τοῦ
546 1580 693 1686 Πατρός
720 1584 837 1688 σοφία
864 1585 923 1662 καὶ
945 1580 1078 1686 Λόγος.
1117 1578 1157 1663 δι’
1177 1582 1269 1687 ῦριιῖς
1298 1579 1362 1660 οῦν
1384 1583 1490 1686 φησι
1511 1607 1541 1646 κ

277 1702 412 1809 γέγονεν
430 1710 448 1801 ῆ
466 1707 570 1814 φωνή·
600 1705 659 1786 ἵνα
677 1706 938 1811 παραδέχησθέ
955 1740 1000 1806 με
1025 1710 1074 1791 ὡς
1091 1703 1182 1786 Υίῦν
1201 1710 1308 1802 Θεοῦ,
1327 1701 1370 1784 ὃν
1386 1697 1493 1782 οἶδεν

278 1826 366 1908 ὅντα
395 1827 505 1936 φύσει
533 1829 660 1910 ἑαυτοῦ
677 1829 808 1909 Υίὸνό
833 1827 977 1934 Πατήρ.
1017 1829 1117 1933 λέγει
1141 1827 1208 1928 μέν
1225 1828 1288 1908 οῦν
1306 1829 1326 1907 ό
1347 1825 1494 1928 Κύριος

278 1951 334 2032 ὅτι
356 1949 489 2055 γέγονεν
507 1957 525 2049 ῆ
543 1949 643 2060 φωνῆ,
663 1953 705 2032 οῦ
726 1949 799 2053 μὴν
815 1954 1061 2056 προστίθησιν
1079 1952 1134 2034 ότι
1162 1960 1226 2033 τοῦ
1251 1950 1398 2052 Πατρός
1427 1945 1493 2047 ἦν,

278 2071 303 2174 ῆ
327 2080 405 2159 πιῦς
428 2075 584 2179 γέγονεν·
614 2073 694 2155 ε”στι
718 2074 791 2179 γάρ
817 2074 984 2179 περιττόν
1008 2083 1126 2157 τοῦτο.
1168 2073 1268 2175 πλὴν
1288 2073 1495 2176 ἐπιμαρτύ-

111 2211 227 2272 ’107Δ-
248 2226 379 2301 υρεται
397 2197 452 2280 ότι
470 2200 528 2279 καὶ
546 2196 673 2304 φωνὴν
691 2195 911 2284 ἀκούσαντες
929 2201 978 2285 ὡς
1004 2199 1049 2307 ἐξ
1071 2200 1234 2304 οὐρανοῦ,
1252 2194 1356 2278 οὐδὲν
1371 2197 1495 2298 ῆττον
1512 2228 1528 2269 1

279 2320 463 2423 ἐπέμειναν
481 2328 527 2428 τῆ
546 2323 683 2404 ἑαυτῶν
702 2323 911 2429 δυσσεβείη.

228 2583 265 2642 31
292 2573 356 2640 Νῦν
383 2570 486 2663 κρίοιο
510 2571 581 2641 ἐστὶ
606 2577 664 2639 τοῦ
692 2570 815 2650 κόσμου
842 2573 967 2639 τούτου·
995 2577 1052 2638 νῦν
1079 2573 1098 2640 ό
1124 2573 1235 2664 όρχὼν
1261 2575 1318 2639 τοῦ
1347 2572 1483 2648 κόσμου

640 2697 756 2763 τούτου
783 2696 1021 2778 ἐκβληθήσεται
1047 2697 1123 2766 ἔξω.

335 2871 413 2967 Τῆς
430 2873 496 2947 τοῦ
514 2871 684 2971 Σωτῆρος
703 2868 891 2969 ἐπιδημίας
909 2869 930 2948 ό
952 2867 1167 2973 τριπόθητος
1191 2869 1316 2949 οὑτοσὶ
1340 2865 1493 2970 καιρὸς,

278 2998 469 3094 παροῦσαν
498 2989 567 3090 ἤδη
598 2989 665 3090 τῆν
697 2991 755 3071 ε’πὶ
791 2998 866 3076 τοῖς
902 2989 1023 3071 ἔθνεσι
1058 2991 1179 3095 κρίσιν
1209 3024 1248 3071 τε
1284 2993 1344 3071 καὶ
1379 2991 1498 3092 δίκην
1515 3029 1539 3068 οι

278 3114 460 3195 ἐδείκνυεν.
508 3113 664 3212 ἔμελλον
690 3112 763 3217 γὰρ
792 3113 1095 3196 ἀπαλλάττεσθαι
1122 3119 1186 3215 τῆς
1212 3121 1278 3196 τοῦ
1305 3115 1499 3210 διαβόλου

245 3237 500 3344 όπλεονεξίας,
519 3237 745 3318 δικαιότατον
764 3237 883 3322 αὐτοῖς
901 3237 1143 3338 ἀπονέμοντος
1160 3235 1262 3324 ἔλεος
1286 3247 1353 3320 τοῦ
1377 3241 1500 3322 ὁσίου

279 3393 319 3440 τε
348 3363 406 3440 καὶ
436 3359 572 3441 δικαίου
603 3365 751 3464 Κριτοῦ.
801 3361 844 3440 οῦ
875 3359 949 3464 γάρ
978 3360 1097 3462 οἴομαι
1129 3365 1203 3443 δεῖν
1232 3362 1373 3444 οἴεσθαι
1407 3370 1500 3446 νυνὶ

278 3482 556 3587 κατακρίνεσθαι
574 3481 724 3582 κόσμον,
743 3482 802 3566 ὅτε
826 3492 892 3564 τοῦ
916 3487 1142 3566 δικαιοῦσθαι
1165 3490 1286 3590 παρῆν
1303 3487 1324 3566 ό
1343 3486 1496 3590 καιρός·

278 3604 380 3686 ἀλλά
396 3611 448 3712 τῷ
464 3603 531 3705 μέν
548 3603 677 3716 κόσμῳ
699 3609 806 3717 κρίσις
824 3607 939 3706 ἔσται,
958 3607 1155 3708 τουτέστιν,
1174 3610 1368 3710 ἐκδίκησις.
1410 3619 1428 3692 ὅ
1452 3610 1535 3692 δέα

317 3840 342 3880 1.
359 3821 501 3896 βούλησιν]
515 3822 624 3893 θέλησιν
635 3825 663 3880 k.
802 3841 827 3882 α.
845 3825 916 3899 έστι]
930 3825 962 3896 ῆν
972 3828 1027 3883 κός.
1180 3868 1188 3883 .
1205 3827 1454 3900 ὢτιφθςγγόμυος
1469 3848 1500 3886 ι.

280 3893 307 3951 6.
324 3896 484 3952 meante
495 3892 636 3964 ἐποιήσατο
647 3895 749 3952 mk.
895 3909 920 3969 7.
939 3896 967 3969 ό]
981 3897 1140 3969 όκ(εποτυ)
1153 3841 1226 3956 gub.
1368 3899 1398 3954 8.
1417 3899 1502 3968 ἡμᾶς

281 3965 341 4021 Cat.
355 3964 432 4021 Harl.
443 3964 594 4020 emendavit
606 3965 679 4020 Aub.
822 3983 863 4022 10.
881 3966 1190 4040 bassumptumenk.
1336 3983 1380 4024 ια.
1399 3971 1501 4044 kaurn-23

280 4035 412 4109 (codicem
423 4035 606 4107 perdifficilem
618 4034 691 4091 haud
703 4035 806 4106 legent)
820 4037 894 4092 Aub.
950 4037 995 4094 οῦν
1007 4056 1061 4093 om.
1074 4039 1102 4093 k.
1294 4053 1337 4106 14.
1356 4039 1420 4095 ἔστι

278 4107 399 4178 περιττόν
410 4104 500 4178 τοῦτο]
513 4108 662 4178 περιττόνγ
707 4109 784 4161 τοῦτο
797 4123 822 4162 ιι.
924 4121 966 4179 15.
985 4109 1019 4166 ῦς
1030 4121 1200 4180 {asumptum
1211 4125 1245 4164 ex
1256 4108 1312 4164 mk.
1325 4107 1388 4164 Cat„
1403 4109 1478 4166 Har
1492 4153 1501 4167 .

280 4193 413 4250 suprascr.
522 4189 563 4247 17.
582 4179 653 4231 νῦνό
697 4177 838 4246 χον-ἔξω
849 4175 940 4232 addidi
953 4195 985 4232 εκ
997 4180 1036 4242 k„
1048 4179 1152 4234 favente
1163 4196 1189 4234 α.
1297 4195 1339 4250 ¹9·
1360 4179 1422 4236 luc.
1438 4187 1503 4252 Τῆς

280 4247 391 4302 τοῦόα.
405 4245 486 4302 Cord.
540 4245 649 4372 Tw·
663 4247 781 4317 γόραλ.
834 4251 951 4318 Χριστοῦ
962 4267 1012 4320 pro
1024 4251 1141 4321 Σωτῆρος
1153 4267 1177 4305 c.
1191 4247 1275 4305 Gord.
1379 4265 1428 4306 πα.
1453 4254 1503 4308 δι-

280 4319 413 4387 κωότητος
426 4316 622 4384 (αιτοτο)λυ.
673 4314 868 4373 ἔλεοναόολ.
882 4317 965 4375 cord.
1037 4336 1080 4392 23·
1099 4317 1184 4389 οἴομαι
1196 4337 1251 4374 om.
1263 4319 1293 4374 k.
1375 4337 1423 4389 ²⁴·
1448 4325 1503 4380 ὅτε

280 4403 330 4456 pro
349 4391 407 4441 οὔτε
426 4387 454 4442 b.
517 4387 679 4443 δικαιοῦσθαι
700 4386 783 4442 b.c.l‹.
802 4386 884 4442 Cord.
904 4389 1061 4447 δικαιοῦντος
1081 4407 1106 4445 ι.
1125 4391 1224 4445 δικαίου
1244 4389 1305 4445 cnt.
1325 4389 1408 4447 Harl.
1437 4393 1502 4450 Ed.

280 4455 379 4540 καιρός]
394 4457 513 4546 pergunt
524 4461 580 4512 Νῦν
590 4461 606 4512 ό
617 4457 705 4581 ῗχόιν
714 4457 964 4581 Ι(ςιίλλδ-εἰκδίκησις
976 4459 1140 4532 omittentes)
1153 4460 1205 4517 δα.
1218 4459 1301 4516 Cord.
1354 4475 1401 4534 25.
1413 4463 1503 4520 ἀλλὰ

279 4525 448 4594 walum
467 4525 535 4581 οὕτω
547 4526 607 4582 Cat.
652 4528 700 4582 arl-
738 4527 766 4584 d.
