3142 5118
349 337 413 402 252
622 327 626 336 ’
652 335 693 400 B.
717 335 926 402 CYRILLI
955 336 1242 402 ALEXANDR.
1385 357 1417 398 x.
1431 332 1529 398 26-2¹

183 508 306 638 gfff·
352 499 603 581 Γινώσκεσθαι
621 504 731 602 δηλοῖ
750 500 793 580 τὸ
819 506 1048 582 οἰκειοῦσθαι·
1079 501 1238 582 καθόλου
1256 497 1328 603 γάρ
1346 498 1459 580 οὐδεὶς
1480 495 1529 573 ῦπ

350 633 415 705 τοῦ
437 631 533 706 Θεοῦ
558 628 750 726 ἀγνοεῖται.
790 623 878 705 όταν
896 626 959 705 οῦν
981 625 1071 732 λε’γη
1090 625 1245 706 Γυόοκο
1271 622 1317 704 τῖι
1341 619 1421 729 ἐμὲ,
1439 627 1529 700 τοῦτ

351 755 477 856 φησιν,
489 749 552 829 ότι
576 748 826 854 προσδέξομαι
849 750 908 829 καὶ
933 751 1161 848 οῖκειιόσομαι
1186 747 1277 830 αὐτὰ
1301 749 1488 846 μυστικῶς
1517 777 1529 821 τ

351 875 408 953 καῖ
427 878 615 978 σχετικῶς.
649 872 740 952 εἴποι
758 871 792 951 δ’
813 872 858 951 ἀν
876 907 929 958 τις
948 873 1002 952 ότι
1022 876 1080 952 καὶ
1098 871 1188 953 καθὸ
1208 872 1394 974 ἅνθρωπος
1412 867 1529 970 γε’γον

351 993 490 1080 πάντας
508 995 718 1098 ἀνθρώπους
736 997 942 1104 ᾠκειώσατο
966 995 1025 1077 διά
1050 995 1092 1076 τὸ
1118 993 1292 1099 ὁμογενὲς,
1311 991 1405 1073 ὥστε
1429 997 1529 1070 οἰκεῖ

318 1118 484 1204 ἀπόντες
503 1117 614 1217 ε’σμέν
631 1123 785 1226 Χριστηῖ
809 1119 901 1200 κατὰ
926 1122 1059 1225 σχέσιν
1077 1119 1267 1221 μυστικὴν,
1285 1117 1376 1198 καθὸ
1400 1115 1529 1217 γε’γουι

352 1245 552 1346 ἅνθρωπος·
598 1243 787 1346 ἀλλότριοι
819 1243 857 1324 δὲ
889 1244 971 1324 όσοι
1003 1243 1054 1345 μή
1087 1244 1318 1351 φυλάττουσι
1349 1239 1416 1339 τήν
1448 1240 1529 1336 σάρ

350 1374 494 1474 μορφον
511 1371 575 1466 τῆς
594 1365 781 1469 ἁγιότητος
798 1365 928 1448 εἰκόνα.
968 1372 1061 1449 οὕτω
1080 1368 1153 1473 γάρ
1171 1371 1229 1448 καὶ
1246 1369 1412 1446 Ἰουδαῖοι
1430 1369 1529 1442 οἰκεῖ

349 1492 448 1574 ὅντες
474 1490 566 1571 κατὰ
591 1491 692 1593 γε’νος
719 1499 782 1571 τοῦ
804 1491 977 1594 Ἀβραὰμ
1004 1501 1068 1572 τοῦ
1096 1500 1241 1590 πιστοῦ,
1263 1491 1308 1597 ἐξ
1329 1486 1378 1568 ὧν
1399 1488 1529 1568 ἀποστ

350 1613 557 1719 γεγόνασιν,
575 1613 826 1718 ἐστερήθησαν
845 1619 909 1714 τῆς
927 1616 1060 1696 ἐκείνου
1077 1614 1290 1718 συγγενείας
1309 1612 1367 1694 διά
1391 1611 1461 1711 τὴν
1482 1620 1529 1692 τό

349 1740 494 1843 τρόπων
521 1737 768 1840 ἀνομοιότητα.
810 1743 904 1846 φησὶ
932 1738 970 1818 δὲ
998 1739 1053 1820 ὅτι
1076 1749 1142 1820 Καὶ
1172 1736 1391 1820 ἀκολουθοῦσῖ
1415 1773 1481 1842 μοι
1516 1775 1529 1816 τ

351 1867 523 1970 πρόβατα·
550 1867 583 1943 οῖ
601 1861 673 1966 γάρ
689 1863 892 1962 πειθόμενοι
910 1867 967 1944 καὶ
987 1865 1132 1944 ἕπονται
1150 1861 1222 1944 ἀπό
1240 1897 1335 1946 τινος
1353 1860 1529 1942 θεοσδότι

350 1984 496 2092 χάριτος
513 1988 590 2067 κατ’
611 1987 709 2092 ἴχνος
727 1993 903 2089 Χριστοῦ,
918 1987 1032 2067 οὐκέτι
1049 1995 1125 2071 ταῖς
1144 1993 1303 2086 νομικοῖς
1321 1983 1529 2065 δουλεύοντ

321 2117 481 2210 οσκιαῖς,
499 2113 585 2190 ἀλλ’
606 2109 657 2196 οῖς
676 2113 695 2191 ὁ
714 2111 878 2215 Χριστὸς
897 2110 1073 2192 ἐπιτάττει
1097 2114 1155 2191 καὶ
1179 2117 1230 2219 τῷ
1256 2112 1363 2190 αὑτοῦ
1389 2111 1529 2188 ἀκολοι

351 2241 496 2320 θοῦντες
538 2233 650 2342 λόγῳ,
689 2233 748 2315 διά
788 2233 935 2340 χάριτος
978 2241 1026 2318 εῖς
1067 2233 1109 2315 τό
1150 2237 1259 2314 αὐτοῦ
1300 2233 1529 2332 ἀναβήσοντ.

349 2359 503 2466 ἀξίωμα,
533 2362 599 2439 υἱοὶ
627 2364 723 2438 Θεοῦ
751 2359 976 2459 καλούμενοι.
1024 2363 1188 2461 Χριστοῦ
1216 2357 1288 2461 γάρ
1315 2356 1482 2441 ἀνιόντος
1513 2391 1529 2436 ε

349 2479 432 2567 τοῦς
460 2481 642 2586 οῦρανοῦς,
663 2485 814 2562 κάκεῖνοι
842 2481 1155 2581 ἀκολουθήσουσιν
1180 2483 1287 2589 αὐτῷ.
1329 2479 1494 2580 ἀμοιβὴν
1526 2531 1528 2552 ι

350 2610 409 2686 καὶ
434 2607 542 2710 γε’ρας
568 2613 642 2689 τοῖς
666 2605 850 2705 ἑπομένοις
876 2607 972 2713 αι’πῷ
997 2603 1062 2704 τήν
1080 2603 1173 2708 ζωὴν
1195 2604 1261 2704 τήν
1280 2603 1421 2684 αῖοῖνιον
1441 2637 1527 2707 χαρ

348 2729 495 2811 σασθαῖ
516 2736 621 2836 φησι,
645 2735 703 2809 καὶ
731 2727 773 2810 τὸ
800 2727 851 2828 μὴ
880 2731 1090 2810 ἀποκεῖσθαι
1116 2728 1261 2836 θανάτερ
1288 2726 1311 2828 ἢ
1340 2733 1467 2834 φθορᾷ
1499 2763 1528 2808 κ

348 2862 427 2939 ταῖς
463 2851 641 2950 βασάνοις
677 2861 754 2936 ταῖς
791 2853 1026 2956 ἐπαγομένοις
1063 2853 1162 2956 παρὰ
1199 2860 1263 2932 τοῦ
1302 2857 1439 2955 Χριτοῦ
1479 2887 1527 2932 το

349 2975 656 3078 πλημμελήσασα
710 2978 753 3056 δι’
787 2973 838 3056 ὧν
871 2977 909 3056 δὲ
946 2978 1074 3057 δίδωσι
1106 2975 1197 3087 ζυῖμ,
1229 2977 1409 3057 δείκνυσιν
1444 2979 1527 3056 αῦτι

182 3110 299 3170 θθΘΑ·
320 3099 420 3205 υζωή
438 3098 487 3181 ὧν
506 3102 629 3207 φύσει·
661 3103 720 3180 καὶ
741 3099 796 3180 ότι
818 3097 924 3185 αὐτός
945 3099 1079 3202 ταύτην
1097 3106 1249 3206 χορηγεῖ
1269 3099 1314 3206 ἐξ
1337 3103 1469 3180 ἑαυτοῦ
1500 3135 1527 3180 κ

350 3227 414 3306 οῦκ
449 3225 494 3332 ἐξ
527 3227 648 3329 ἑτέρου
681 3224 821 3320 λαβών.
881 3223 961 3334 ζωήν
993 3223 1031 3304 δὲ
1064 3232 1212 3320 νοοῦμεν
1242 3224 1376 3320 ιιῖιόνιον,
1405 3224 1452 3302 οῦ
1491 3259 1526 3301 τη

349 3349 666 3452 μακροημέρευσιν,
691 3347 733 3449 ἧς
760 3347 892 3432 πάντες
918 3345 1122 3446 με’λλουσιν
1144 3347 1341 3428 ἀπολαύειν
1363 3345 1459 3445 μετά
1490 3383 1526 3427 τι

350 3471 554 3552 ἀνάστασιν
585 3472 693 3552 καλοί
718 3506 757 3551 τε
788 3474 847 3552 καὶ
876 3471 989 3552 κακοί·
1035 3470 1136 3551 ἀλλά
1165 3473 1224 3552 καὶ
1256 3469 1299 3551 τὸ
1328 3471 1367 3549 ἐν
1399 3471 1526 3572 εὐθυμ

349 3591 494 3695 διάγειν.

407 3715 575 3797 Δυνατὸν
596 3715 633 3797 δὲ
658 3716 737 3826 ζωήν
756 3724 849 3798 νοεῖν
873 3723 932 3798 καὶ
955 3716 1021 3818 τήν
1043 3717 1224 3819 μυστικήν
1248 3717 1418 3820 εῦλογῖαν
1445 3719 1497 3796 δι’
1524 3765 1525 3770 1

351 3841 537 3950 ἔμφυτεόει
564 3841 726 3946 Χριστὸς
754 3839 821 3942 τήν
848 3845 973 3923 ἑαυτοῦ
1001 3841 1103 3946 ζωήν,
1132 3841 1190 3922 διά
1218 3846 1281 3941 τῆς
1308 3839 1525 3946 μεταλήψει

349 3971 414 4068 τῆς
452 3967 541 4059 ἰδίας
572 3965 708 4071 σαρκὸς
743 3972 818 4050 τοῖς
854 3973 1008 4064 πιστοῖς,
1041 3963 1132 4048 κατά
1168 3964 1211 4045 τὸ
1243 3963 1428 4068 εἰρημένον
1465 3971 1524 4013 “¹

386 4219 412 4260 2.
430 4202 503 4276 λε’γει
516 4203 590 4271 (err.)
603 4201 675 4258 Aub.
835 4215 862 4328 ξ.
881 4199 982 4274 οἰκεῖοι]
999 4207 1028 4267 4
1042 4201 1090 4272 μῦν
1101 4202 1131 4257 k.
1210 4274 1222 4290 .
1268 4271 1274 4285 ι
1290 4200 1316 4256 6.
1335 4201 1417 4270 ἀσμῖν
1429 4220 1494 4258 om.
1512 4225 1524 4262 ε

350 4275 377 4331 8.
396 4275 447 4346 γὰρ
459 4283 629 4343 assumptum
641 4291 673 4327 ex
685 4272 739 4328 ολ.
809 4271 864 4344 κο]
881 4279 910 4338 ÷
925 4275 949 4327 οῑ
962 4291 985 4328 α.
1131 4290 1158 4344 9.
1176 4293 1223 4327 τον
1235 4289 1309 4344 ρηυι
1322 4289 1377 4326 om.
1390 4291 1415 4326 a.
1430 4274 1523 4332 habet

352 4363 395 4412 14.
413 4349 468 4401 τοῖς
479 4345 558 4398 αὐτοῦ
570 4343 770 4400 ἀκολουθοῦντες
781 4345 872 4415 λόγοις
883 4361 908 4398 a.
920 4344 1005 4399 invito
1017 4343 1046 4398 k.
1269 4413 1275 4426 ι
1288 4357 1330 4414 15.
1349 4339 1407 4413 διὸ]
1425 4351 1457 4408 †
1473 4351 1523 4416 τῆς

352 4431 394 4484 19.
412 4416 481 4538 Τησλ
491 4415 655 4502 γορῖσασθοι
667 4415 772 4469 inverso
784 4414 877 4497 qrdine
889 4415 949 4496 mk..
1013 4485 1019 4496 η
1050 4425 1094 4485 27.
1113 4416 1180 4500 νοεῖγ
1192 4411 1258 4481 ζωήν
1268 4429 1377 4468 111va
1389 4413 1523 4497 ord-inea

349 4483 964 4626 α,εαιαικιοααςουι
1206 4483 1318 4553 νυ·
1333 4482 1523 4546 ’νῦν
