3184 5104
67 339 175 420 ηιμ.
239 342 298 406 ις
333 343 697 410 ουσιαιιιςιι.
745 347 897 411 μιαν.
944 347 1104 412 σοον.
1259 348 1301 410 οι

63 503 173 584 λοιτῦν
187 513 290 597 βοῶν
309 519 333 556 “
351 511 464 588 Οὐαὶ
487 518 576 594 τοῖς
599 512 895 616 προφητεύουσιν
912 510 985 592 ἀπὸ
1004 511 1150 614 καρδίας
1168 512 1296 602 αὐτῶν,
1346 512 1437 640 ffl-

64 639 80 672 ‘⁴
94 630 199 708 καὶτὸ
218 629 396 712 καθόλου
418 633 479 734 μὴ
504 633 738 728 βλέπουσι.”
768 633 925 720 τοιοῦτός
943 671 996 720 τις
1014 633 1059 735 ἦν
1078 639 1098 716 ὁ
1118 636 1260 734 Σαμεάς
1279 637 1299 714 ὁ

63 760 121 835 τοῖς
135 756 307 858 Ἱερεμίου
339 757 491 856 λόγοις
525 757 574 838 τὸ
607 766 734 838 οίκεῖον
756 764 889 865 ψεῦδος
917 763 1112 858 ἀντιτιθεὶς,
1132 763 1190 840 καὶ
1218 758 1300 843 τοῦς

63 875 115 972 μὲν
142 879 316 984 ξυλίνους
359 881 567 984 ἁρπάσας
604 882 758 980 κλοιοῦς,
788 887 992 990 συντρίψας
1030 883 1068 963 δὲ
1100 887 1158 963 καὶ
1192 885 1331 964 είπιίνο

43 1013 81 1090 5⁴
94 1005 181 1082 Τάδε
228 1004 339 1104 λέγει
387 1006 550 1108 Κύριος
597 1009 793 1112 Συυτρίφω
834 1006 898 1088 τὸν
934 1007 1041 1110 ζυγὸν
1080 1013 1299 1101 Βαβυλῶνος
1345 1011 1460 1128 {¹1¹2ae

66 1148 83 1169 '¹
97 1129 311 1216 βυσιλέως.”
360 1129 509 1230 ἐπειδὴ
545 1131 668 1210 τοίνυν
702 1127 869 1232 λέγοντος
900 1139 964 1210 τοῦ
998 1135 1164 1232 Σωτῆρος
1198 1130 1299 1230 ἡμῶν

68 1253 216 1352 Χριστοῦ
235 1264 259 1298 “
276 1259 372 1332 Νῦν
395 1252 449 1332 δέ
478 1289 530 1352 με
560 1252 693 1355 ζητεῖτε
721 1256 934 1352 ἀποκτεῖναι,
954 1255 1145 1358 ἀνθρωπον
1168 1252 1207 1338 ῦς
1234 1253 1300 1354 τὴν

70 1387 87 1420 ⁴·
101 1373 271 1474 ἀλήθειαν
308 1379 407 1474 ὑμῖν
448 1375 661 1477 λελάληκα,
692 1376 737 1478 ἢν
767 1379 906 1477 ἤκουσα
936 1378 1037 1482 παρὰ
1068 1389 1131 1459 τοῦ
1166 1380 1298 1475 Θεοῦ,”

72 1497 294 1602 διεγόγγυζον
323 1505 364 1580 οἱ
393 1502 592 1597 Ἰουδαῖοι,
612 1504 671 1580 καὶ
698 1502 750 1584 τίς
778 1503 878 1582 ἐστιν
905 1505 1051 1600 ἀληθῶς
1079 1505 1142 1583 οὐκ
1171 1503 1300 1587 εἶδότες

38 1621 178 1720 ιιοίπδν,
205 1623 558 1730 ψευδοπροφήτην
587 1624 759 1729 ὑπάρχειν
784 1625 953 1729 ἐνόμιζον,
982 1626 1225 1728 ε’σληράνοντό
1261 1662 1300 1707 τε

76 1747 192 1845 ταύτης
217 1749 333 1828 ἕνεκα
360 1752 438 1846 τῆς
467 1749 594 1843 αἰτίας,
614 1750 662 1831 ὡς
687 1747 755 1847 ἤδη
780 1749 844 1846 μὲν
861 1751 957 1858 αὐτῷ
984 1753 1042 1830 καὶ
1066 1755 1297 1852 διαλοιδορεῖ·

79 1877 155 1949 σθαι
179 1881 349 1972 τολμᾶν,
385 1879 517 1977 φονοῖν
546 1872 583 1951 δὲ
616 1873 728 1955 οὕτως
757 1873 900 1975 ἀγρίως,
929 1877 977 1958 ὡς
1009 1873 1078 1974 ἤδη
1108 1883 1214 1953 τοῦτο
1243 1877 1300 1954 καὶ

82 1997 280 2098 ἐπείγεσθαι
300 2002 417 2100 δρᾶν,
440 1993 633 2099 χρησίμως
651 1995 785 2094 αὐτοῦς,
797 2005 992 2078 καταπτοεΐ
1011 1998 1134 2094 πάλιν,
1153 1999 1217 2076 οὐκ
1236 1999 1336 2104 ἀφί1

85 2121 198 2201 εἀιποῦ
224 2121 296 2219 μὲν
316 2123 452 2200 ἐλθεῖν
476 2117 639 2222 καθάπερ
664 2117 710 2220 ἦν
727 2119 805 2204 ε”θος
832 2122 949 2204 αὐτοῖς
975 2121 1298 2228 φευδοπροφητειί-

49 2277 191 2340 ιςαισιν,
208 2244 466 2326 ἀπεστάλθαι
494 2241 532 2323 δέ
559 2241 659 2346 παρὰ
682 2249 775 2324 θεοῦ
802 2246 930 2347 λέγων,
949 2245 1007 2326 ἵνα
1034 2248 1072 2326 έν
1096 2247 1214 2353 ταάτφ
1243 2249 1301 2326 καὶ

88 2367 146 2462 τήν
162 2377 226 2447 τοῦ
246 2367 575 2474 ψευδοπροφήτου
594 2366 705 2473 δόξαν
723 2367 1017 2469 ἀποκρουόμενος,
1037 2372 1095 2448 καὶ
1120 2369 1301 2449 διδάσκων

91 2495 132 2573 ιἰς
147 2495 187 2570 οῦ
205 2494 365 2594 μετρίαν
387 2491 570 2596 ὑφέξουσι
596 2492 707 2590 δίκην,
728 2493 793 2596 οὐχ
818 2491 915 2577 ὅπως
939 2491 1165 2596 ἀτιμάζοντες
1190 2492 1301 2592 μόνον

1346 1247 1428 1311 Supra

1345 1329 1396 1362 νοτ.
1410 1327 1451 1376 40.

90 2615 147 2692 τὸν
162 2615 458 2712 ἀπεσταλμένον
475 2613 575 2718 παρὰ
597 2623 662 2694 τοῦ
683 2620 778 2694 Θεοῦ
797 2619 856 2694 καὶ
875 2614 1031 2720 Πατρὸς,
1050 2617 1134 2695 ἀλλ’
1154 2617 1222 2715 ήδη
1243 2619 1301 2696 καὶ

92 2743 202 2840 φονιῖν
222 2739 279 2818 ἐπ’
303 2740 411 2844 αι’πῷ
436 2737 695 2837 τολμήσαντες,
714 2737 755 2818 τὸ
781 2738 956 2843 ἀχάλινον
973 2740 1090 2820 αι’πῶν
1108 2737 1300 2846 ἀνακόψειε

52 2861 236 2962 neptim.

143 2988 192 3066 'O
213 2987 284 3083 μὲν
310 2985 381 3064 οὖν
405 2994 470 3064 τοῦ
497 2984 728 3088 προκειμένου
755 2986 867 3086 λόγος
894 2987 932 3064 ἐν
956 2983 1105 3068 τούτοις·
1138 2983 1228 3069 εἰκὸς
1256 2987 1300 3085 δὴ

91 3109 201 3188 πάλιν
236 3107 390 3212 τροφήν
427 3106 553 3212 ὥσπερ
588 3106 668 3188 τινά
707 3115 886 3190 ποιεῖσθαι
926 3108 989 3188 τὸν
1026 3107 1200 3211 αἱρετικὸν
1237 3114 1301 3209 τῆς

90 3233 239 3334 ε’ναίσης
268 3235 374 3339 αὐτῷ
402 3233 620 3326 δυσσεβείας
649 3230 691 3311 τὸ
721 3231 912 3334 ἀρημένον.
960 3231 1200 3334 κατηγορήσει
1230 3233 1330 3336 γάρθ

90 3359 176 3442 1ίσιις
203 3363 271 3458 τῆς
303 3357 437 3440 οὐσίας
464 3364 529 3436 τοῦ
556 3361 798 3456 Μονογενοῦς,
819 3353 910 3435 εἶναί
934 3389 972 3435 τε
1001 3355 1111 3454 αὐτὴν
1133 3359 1171 3435 ἐν
1190 3354 1297 3437 ε’λάτ-

46 3481 238 3582 ιςτοσινῇ
268 3485 311 3560 ἐν
333 3478 390 3564 οἷς
415 3483 517 3560 ε’στιν
543 3480 564 3558 ὁ
590 3477 718 3583 Πατὴρ
747 3479 896 3578 νομίσει,
916 3479 974 3558 διὰ
1001 3477 1043 3558 τὸ
1071 3477 1301 3561 ἀπεστάλθαι

89 3605 207 3706 λέγειν
223 3607 315 3707 παρ’
336 3606 461 3684 αὑτοῦ.
499 3605 585 3682 ἀλλ’
605 3602 763 3685 ἐννοείτω
789 3601 903 3683 πάλιν
926 3604 946 3681 ὁ
970 3609 1128 3684 τοιοῦτος
1155 3605 1212 3682 καὶ
1238 3608 1301 3702 τῆς

91 3731 215 3830 ἀρτίως
235 3731 326 3830 ἡμῖν
345 3727 535 3828 είρημείοης
557 3731 755 3825 οἰκονομίας
775 3725 839 3808 τὸν
858 3723 1005 3828 τρόπον,
1027 3729 1085 3804 καὶ
1103 3725 1300 3826 μεμνήσθω

91 3859 248 3946 βοῦντος
278 3847 533 3932 τοῦΠαιίλου
558 3854 638 3952 περὶ
665 3857 728 3928 τοῦ
751 3855 841 3930 Υίοῦ
860 3845 967 3932 “Ὀς
992 3851 1029 3928 έν
1053 3856 1179 3954 μορφῇ
1206 3855 1301 3929 Θεοῦ
1347 3849 1450 3964 ξλὲίῑῑ·

94 3989 114 4022 “
132 3979 304 4083 ῦτιίρχων
330 3977 403 4080 οάχ
430 3969 626 4076 ἁρπαγμὸν
648 3970 812 4074 ἡγήσατο
839 3971 881 4052 τὸ
905 3969 992 4052 εἶναι
1020 3971 1085 4052 ’ίσα
1104 3977 1198 4080 Θεῷ,
1215 3974 1300 4052 ἀλλ’

53 4115 114 4180 30⁴
130 4101 253 4182 ἑαυτὸν
291 4099 454 4182 ε’κένωσε
497 4093 645 4201 μορφήν
682 4095 815 4176 δούλου
856 4095 993 4188 λαβὼν,
1032 4097 1069 4174 έν
1107 4096 1302 4195 ὁμοιώματι

97 4239 115 4270 '‘
130 4227 329 4328 ἀνθρώπων
357 4221 569 4326 γενόμενος,
593 4222 649 4298 καὶ
677 4218 838 4324 σχήματι
867 4221 1015 4320 εὑρεθεὶς
1041 4221 1089 4302 ὡς
1115 4220 1331 4320 ἀνθρωττοςλ
1355 4231 1469 4290 555Ᾱ»

96 4363 114 4394 “
128 4351 370 4432 ἐταπείνωσεν
403 4345 547 4440 ἑαυτὸν,
577 4343 731 4443 ῦπήκοος
759 4341 949 4444 γενόμενος
976 4341 1080 4445 μέχρι
1108 4341 1300 4422 θανάτου.”

123 4539 145 4576 2.
160 4521 288 4590 ίὶαμίας
305 4517 341 4574 Β.
354 4519 372 4570 θ
387 4509 489 4584 ἀμαίας
504 4509 595 4564 Ηολιῑ.
608 4511 678 4566 unde
689 4510 807 4566 Ἁνανίας
821 4509 892 4564 Aub.
1038 4525 1079 4580 19.
1098 4509 1256 4583 ἀνοκόφιιαν
1270 4509 1302 4564 Β.

92 4593 153 4648 unde
164 4595 286 4663 ὸιιιόψη
301 4592 337 4644 b
350 4583 488 4642 emendat
503 4581 602 4652 Ηαγοε.
700 4581 743 4636 28.
760 4583 876 4644 βοῶντος
887 4583 934 4634 τοῦ
947 4578 1054 4634 Παύλου
1067 4579 1117 4634 hoc
1129 4581 1221 4634 ordine
1235 4581 1268 4636 Β.
