3118 5132
315 349 381 412 ιοο
619 349 659 417 ιι.
681 349 888 416 cmm
918 349 1204 416 ALEXANDR.
1290 321 1293 329 ’
1403 345 1470 411 xiv.
1489 341 1530 405 8.

316 515 458 624 ἁρῤἡτιρ
491 515 635 616 δυνάμει
668 517 923 622 τεθεράπευκεν
955 521 975 598 5
1010 518 1138 622 Σωτήρ
1168 529 1190 566 “
1210 510 1452 616 Συμμαθητὴς
1491 507 1535 590 εἷ

316 651 337 688 “
355 643 495 739 ἐκείνου,
515 642 613 740 ἡμεῖς
639 639 677 721 δέ
701 649 766 722 τοῦ
786 643 974 726 Μωυσέως
992 643 1102 742 ε’σμέν
1119 641 1287 742 μαθηταί.
1328 639 1425 738 ἡμεῖς
1442 633 1530 738 γὰρ

315 773 337 812 “
356 764 501 864 οἴδαμεν
533 764 587 845 δτι
619 771 767 871 Μωυσῇ
800 763 1005 866 λελάληκεν
1034 769 1055 847 ό
1089 763 1193 864 Θεὸς,
1223 773 1351 845 τοῦτον
1380 760 1419 841 δὲ
1449 763 1531 840 οὐκ

315 899 336 936 “
355 889 500 990 οἴδαμεν
523 889 633 971 πόθεν
658 891 788 972 ε’στίν.”
828 889 986 994 ἐνόμιζον
1011 893 1130 972 τοίνυν
1153 895 1186 970 οῖ
1213 895 1287 972 τοῖς
1308 889 1529 970 Ἰουδαϊκοῖς

314 1013 617 1118 συναγορεύοντες
655 1011 826 1116 δόγμασι,
859 1012 1204 1118 δυσανταγώνιστόν
1239 1047 1319 1093 τινα
1355 1007 1420 1091 τόν
1456 1011 1557 1100 ε’πῖε

146 1165 210 1220 ’176
219 1161 259 1219 A.
283 1136 452 1223 οτούτοις
469 1144 651 1219 ποιεῖσθαι
670 1138 795 1240 λόγον,
815 1141 873 1219 καὶ
892 1141 956 1219 οὐκ
973 1137 1233 1243 εύανάτρεπτον
1251 1144 1325 1220 τοῖς
1341 1139 1524 1231 πολλοῖς,

314 1261 509 1365 ἐθορύβουν
528 1261 565 1342 δὲ
584 1265 631 1346 ὡς
650 1261 742 1347 εἰκὸς
766 1265 824 1344 καὶ
848 1262 1084 1366 ύπεσκέλιζον
1103 1261 1162 1343 διὰ
1184 1260 1312 1342 τούτου
1333 1256 1522 1341 πολλούς.

313 1394 418 1466 τοῦτο
445 1387 527 1466 καθ’
558 1383 683 1466 ἑαυτὸν
708 1385 883 1486 ἐννοήσας
914 1389 935 1466 5
961 1389 1155 1485 Φίλιππος,
1183 1389 1232 1471 ὡς
1264 1380 1526 1484 λυθησομένης

312 1508 460 1610 ἁπάσης
483 1515 547 1610 τῆς
571 1517 645 1590 τῶν
662 1512 844 1590 Ἰουδαίων
862 1512 1079 1614 ἀντιλογίας,
1098 1515 1127 1590 εἰ
1153 1513 1211 1591 καὶ
1239 1506 1345 1592 αὐτὸς
1369 1506 1526 1613 δείξειεν

313 1637 333 1714 5
357 1631 521 1738 Χριστός
548 1641 621 1716 τοῖς
646 1639 695 1717 είς
719 1632 829 1713 αὑτὸν
846 1633 1061 1714 πιστεύουσι
1084 1632 1147 1714 τὸν
1166 1634 1323 1736 Πατέρα,
1341 1627 1557 1734 πρόσεισιν

312 1757 431 1858 λέγων
452 1758 545 1866 Κύριε
565 1751 664 1865 δεῖξιν
683 1761 757 1864 ημῖν
776 1755 828 1838 τῖν
848 1758 986 1866 Πατέρα
1007 1767 1066 1839 καὶ
1086 1762 1185 1868 ιἰριιῖ
1200 1762 1285 1864 ἡμῖν.
1317 1754 1424 1834 εὐυόει
1440 1752 1525 1855 γὰρ

312 1881 468 1982 λέγοντα
487 1879 626 1980 Πάντα,
647 1884 774 1988 φησὶν,
793 1879 822 1961 ὦ
842 1882 1029 1980 Δέσποτα,
1047 1889 1096 1967 είς
1113 1884 1238 1964 πίστιν
1257 1876 1429 1982 ἐπαγωγὰ
1454 1875 1524 1956 διὰ

238 2087 242 2106 ,
312 2009 376 2104 τῆς
401 2009 471 2104 σῆς
496 2005 663 2112 ἐξουσίας
688 2013 853 2105 τελεῖται,
877 2003 936 2086 διὰ
962 2006 1098 2110 μυρίων
1121 2003 1313 2105 θαυμάτων
1337 2000 1519 2102 δυσωπή-

277 2149 410 2214 οσειεν
433 2129 478 2208 ἄν
502 2164 556 2214 τις
583 2133 647 2229 τῆς
674 2137 746 2210 τῶν
772 2132 956 2211 Ἰουδαίων
981 2131 1251 2233 γλωσσαλγίας
1278 2129 1320 2209 τὸ
1348 2128 1518 2231 ἀκρατές.

312 2255 485 2360 ε’πιλείψη
505 2255 540 2334 δ’
561 2251 607 2333 ἂν
624 2254 708 2353 ἡμῖν
726 2261 774 2340 εἰς
793 2253 835 2335 τό
853 2252 1025 2358 παράπαν
1043 2254 1157 2354 οὐδὲν,
1179 2257 1285 2334 εἶκαὶ
1304 2247 1409 2334 αὐτὸς
1428 2252 1521 2350 ἡμῖν
1537 2289 1551 2328 1

313 2376 496 2482 ἐπιδείξεις
527 2375 600 2456 τὸν
620 2375 766 2482 Πατέρα
798 2381 856 2458 καὶ
886 2377 992 2458 Θεόν·
1034 2379 1177 2481 ἀρκέσει
1207 2377 1411 2481 γάρτοῦτο
1439 2383 1522 2458 τοῖς

314 2506 394 2582 σοῖς
412 2505 596 2599 μαθηταῖς,
616 2505 663 2584 είς
681 2499 723 2580 τὸ
742 2501 921 2582 δύνασθαι
940 2501 1069 2583 λοιπὸν
1088 2505 1145 2582 καὶ
1170 2499 1272 2602 μάλα
1298 2505 1417 2582 καλῶς
1438 2505 1519 2582 τοῖς

314 2629 386 2702 τῶν
415 2625 529 2702 ἐκεῖνα
559 2624 818 2726 προτεινόντων
851 2625 1132 2728 καθοπλίζεσθαι
1166 2625 1300 2728 λόγοις.
1345 2621 1519 2720 τοιαύτην

315 2744 394 2824 τινὰ
412 2746 562 2851 θεωρίαν
579 2754 654 2831 τοῖς
678 2749 919 2851 προκειμέιιοις
944 2751 1162 2848 έποίσαντες,
1181 2751 1245 2831 οὐκ
1267 2749 1313 2829 ἂν
1331 2744 1426 2848 οἶμαι
1449 2754 1517 2826 τοῦ

314 2867 512 2972 πρέποντος
530 2870 644 2974 λόγου
663 2870 983 2976 διαμαρτήσαιμεν.
1022 2881 1130 2956 καλεῖ
1143 2873 1214 2978 γὰρ
1236 2874 1329 2974 ἡμεῖς
1352 2869 1443 2975 πρὸς
1469 2868 1514 2949 τὸ
1532 2909 1556 2950 ιι

315 2994 407 3073 οὕτω
431 3003 522 3075 νοεῖν
541 2999 599 3075 καὶ
624 2995 729 3080 αὐτὸς
755 2999 775 3076 5
800 2997 985 3083 Φίλιππος
1009 2997 1128 3099 λέγων
1145 3003 1260 3107 Ἀρκεῖ
1275 3001 1348 3102 ἡμῖν
1367 2993 1408 3074 τὸ
1427 2997 1516 3073 ἰδεῖν

284 3116 378 3197 οτὸν
398 3119 545 3222 Πατέρα
570 3122 628 3199 καὶ
654 3121 760 3217 Θεὸν,
779 3123 911 3201 ὡσανεὶ
935 3120 1062 3202 τούτου
1087 3124 1145 3202 καὶ
1171 3119 1282 3220 μόνου
1306 3126 1380 3203 τοῖς
1402 3153 1512 3200 πεπι-

315 3241 509 3322 στευκόσιν
523 3234 792 3342 έλλελοιπότος,
808 3247 969 3326 ύποτιθεῖ
985 3246 1028 3325 δέ
1040 3281 1118 3329 πως
1136 3250 1194 3325 καὶ
1211 3244 1353 3329 αὐτόςὸ
1374 3241 1516 3344 Σωτὴρ,

315 3367 352 3444 έν
380 3373 453 3449 τοῖς
482 3367 613 3474 ἐφεξῆς
641 3368 750 3448 εἰπών
776 3378 798 3415 “
811 3368 869 3450 Τὰ
896 3369 1039 3474 ῥήματα
1066 3365 1089 3448 θι
1117 3369 1188 3471 ἐγὼ
1217 3369 1312 3472 λέγω
1342 3369 1423 3467 ύμῖν
1452 3365 1514 3445 ἀπ’

315 3497 337 3535 “
357 3490 509 3586 έμαυτοῦ
541 3492 582 3570 ού
615 3498 731 3590 λαλῶ,
760 3493 780 3570 5
807 3491 845 3572 δέ
875 3491 1003 3598 Πατὴρ
1031 3495 1068 3574 έν
1095 3495 1171 3591 ἐμοὶ
1200 3495 1317 3594 μένων
1344 3499 1441 3572 ποιεῖ
1469 3487 1516 3570 τό
1530 3525 1555 3580 τι

315 3623 337 3661 “
355 3611 443 3714 ἔργα
471 3611 612 3697 αότός.”
642 3613 684 3694 τό
713 3614 751 3694 δὲ
779 3614 876 3698 όπως
903 3615 1077 3720 προσήκει
1106 3619 1165 3697 καὶ
1193 3625 1298 3697 τοῦτο
1326 3623 1430 3713 νοεῖν,
1450 3616 1515 3696 ούκ

313 3737 351 3814 έν
369 3743 420 3843 τῷ
437 3736 588 3839 παρόντι
606 3744 762 3837 μᾶλλον,
778 3737 863 3818 ἀλλ’
879 3741 917 3820 έν
935 3745 986 3848 τῷ
1005 3740 1288 3850 πρεπωδεστέρτρ
1306 3744 1365 3821 καὶ
1383 3743 1514 3844 γείτονι

316 3858 499 3966 λελέξεται
518 3861 629 3969 τόπερ.

495 4089 536 4129 10.
554 4075 658 4144 πρόεισι
670 4091 693 4133 ο,
707 4075 789 4130 Cord.
1104 4093 1145 4145 15.
1164 4075 1290 4150 ε’πιληψει
1303 4077 1335 4134 Ε.
