3184 5104
372 332 435 394 110
672 331 710 395 Β.
734 331 947 396 CYRILLI
977 331 1266 397 ALEXANDR.
1439 323 1495 390 viii

204 514 321 573 570A.
341 499 513 602 οπολληῖ.
562 496 842 601 ε’μφατικεότατα
876 495 949 600 γὰρ
985 495 1028 576 τό
1065 491 1158 600 Ἐγδ
1195 491 1360 601 δαιμόνιοι
1397 497 1454 571 οὐκ
1491 495 1496 565 ἰ

372 621 497 724 φησὶν,
526 617 652 698 ἑαυτὸν
679 618 718 699 δέ
745 617 870 722 ὥσπερ
898 617 1210 700 ἀντιδιαστέλλων
1236 619 1389 713 ἐκείνοις,
1416 618 1480 712 τῆς

370 745 428 824 ε’πί
446 744 561 851 τούτῳ
580 745 761 847 λοιδορίας
778 743 967 850 ἐλεύθερον
985 747 1188 852 ἀποφαίνει,
1207 746 1354 826 δεικνύει
1371 742 1409 824 δέ
1426 749 1496 840 μῦλ

371 867 425 948 ἔπ’
449 868 568 947 αὐτῶν
594 866 636 948 τὸ
664 869 848 971 εἰρημένον
873 868 1014 970 ἀληθές.
1057 875 1087 949 εἰ
1114 869 1165 971 μὴ
1193 869 1265 975 γάρ
1292 869 1393 948 αὐτοὶ
1419 864 1461 944 τὸ
1490 871 1496 941 ι’

295 1093 296 1097 ¹
370 988 494 1091 μόνιον
522 987 619 1096 εἰχον
647 993 801 1093 ἀληθῶς,
829 991 897 1072 κάν
925 994 1145 1101 ἀπέφριττον
1174 995 1316 1077 εἰκότως
1349 994 1496 1089 δαιμονεῖ

371 1121 494 1195 καλεῖν
529 1113 593 1196 τὸν
631 1113 690 1195 διὰ
729 1123 803 1195 τῶν
839 1116 956 1220 ἔργων
992 1119 1112 1202 αὐτοῖς
1153 1115 1423 1222 μαρτυρηθέντα
1460 1118 1495 1192 Θ

371 1239 598 1346 εὐφυέστατα
635 1237 754 1320 τοίνυν
785 1241 828 1320 τό
860 1239 965 1344 Ἐγιῖι,
1000 1245 1127 1349 φησὶν,
1162 1248 1221 1324 οὐκ
1255 1241 1337 1340 ἔχω,
1374 1272 1497 1338 μετατι

371 1362 499 1468 ὥσπερ
516 1366 570 1446 ἐπ’
585 1365 735 1448 ἐκείνους
754 1362 796 1444 τὸ
814 1365 996 1468 εἰρημένον
1010 1370 1069 1446 καὶ
1088 1367 1207 1451 αὐτοῖς
1224 1373 1370 1466 μᾶλλον
1384 1361 1497 1459 ἀπονέ,

361 1486 459 1584 ,αῦτὸ
487 1487 546 1571 διὰ
579 1485 622 1568 τὸ
656 1489 768 1572 οὕτως
800 1489 894 1593 ἔχειν
921 1487 1015 1570 κατά
1042 1489 1227 1590 ἀλήθειαν.
1270 1487 1338 1593 ey&
1365 1487 1484 1568 τοίνυν

337 1609 452 1710 Ιιέχω,
480 1613 607 1719 φησὶν,
633 1609 719 1690 ἀλλ’
744 1613 842 1710 ὑμεῖς
870 1610 1038 1712 δηλονότι
1065 1610 1107 1693 τό
1135 1609 1312 1720 δαιμόνιοι,
1338 1609 1429 1718 τηωῖ
1455 1609 1493 1689 δὲ

371 1737 524 1833 ἐμαυτοῦ
539 1733 689 1843 Πατέρα,
702 1733 798 1815 Θεὸν
816 1735 970 1837 ἐμαυτὸν
988 1740 1047 1818 καῖ
1063 1739 1103 1818 ἐκ
1116 1743 1214 1818 Θεοῦ
1231 1736 1427 1844 πεφηνέναι
1444 1732 1497 1834 λε’]

371 1862 431 1938 καὶ
455 1858 510 1938 ὅτι
534 1861 598 1938 ούκ
623 1858 736 1960 ἔγνων
756 1860 935 1963 ἁμαρτίαν
957 1859 1269 1966 διισχυριζόμενος.
1309 1860 1377 1940 ἔδει
1404 1857 1474 1961 γὰρ

372 1980 468 2063 Θεὸν
483 1979 572 2088 εἶναι
588 1981 654 2062 τόν
672 1985 710 2062 ἐκ
729 1986 913 2082 Θεοῦ,καί
932 1982 996 2064 τόν
1014 1987 1052 2065 ἐκ
1078 1993 1142 2065 τοῦ
1165 1984 1217 2085 μὴ
1242 1984 1376 2068 εἰδότος
1394 1985 1497 2084 ἁμαρ

372 2105 464 2186 κατά
483 2103 546 2186 τόν
561 2106 606 2214 ἐξ
622 2103 732 2209 οῦπέρ
749 2109 850 2187 ε’στιν
869 2108 1025 2211 ὁρᾶσθαι
1042 2117 1213 2190 τοιοῦτον.
1246 2107 1291 2209 ἢν
1309 2108 1347 2187 δὲ
1366 2111 1415 2192 ὡς
1433 2104 1497 2185 ἀνά

371 2234 556 2330 συμβῆναι
587 2227 630 2310 τό
658 2230 826 2328 ἐναντίον,
855 2237 904 2316 εἰς
919 2229 974 2312 τό
1001 2232 1241 2336 προσκρούειν
1269 2235 1351 2329 ύμῖν
1377 2265 1497 2334 παραυ

370 2387 484 2454 μενος,
503 2361 577 2438 τοῖς
605 2355 672 2458 οὐχ
700 2355 792 2434 οὕτω
820 2361 1001 2458 λαμπροῖς
1028 2353 1239 2460 ἐχρησάμην
1261 2355 1397 2458 λόγοις·
1429 2357 1471 2434 οὐ

371 2474 415 2557 ἀν
438 2475 587 2576 ἐτιμήθη
613 2476 707 2560 Θεὸς
726 2476 817 2558 Υὶόν
839 2479 932 2584 ἔχειν
960 2479 1147 2578 νοούμενος
1176 2478 1240 2560 τὸν
1258 2481 1323 2560 οῦκ
1350 2479 1439 2559 ὄντα
1461 2483 1496 2558 Θ

372 2601 435 2680 ούκ
463 2599 508 2680 ἂν
534 2600 682 2700 ἐτιμήθη
711 2604 828 2708 φησὶν
852 2605 872 2682 ό
901 2603 1040 2707 Πατὴρ,
1063 2609 1092 2683 εἰ
1119 2613 1183 2684 τοῦ
1210 2606 1495 2686 καταπίπτοντος

342 2724 549 2826 θοὶμαρτίον
579 2723 776 2826 ὧνομοίσθη
809 2727 829 2804 ό
862 2725 983 2828 πατήρ
1015 2733 1144 2834 φησιν.
1196 2729 1323 2808 οὐκοῦν
1352 2731 1493 2834 ἐμαυτῷ

372 2847 557 2928 κάλλιστα
575 2853 778 2951 μαρτυρῶν,
793 2853 997 2954 δυσφημεῖν
1010 2850 1077 2951 μέν
1091 2859 1207 2959 φησιν
1221 2854 1394 2950 οὐδαμῶς,
1409 2853 1498 2931 καθό

371 2975 467 3071 ύμεῖς
493 2971 779 3070 ι’πτολαμβάνετε,
797 2974 906 3079 τιμῶν
925 2975 963 3054 δὲ
988 2982 1134 3074 μᾶλλον
1152 2976 1216 3057 τὸν
1233 2977 1443 3078 γεννητορα.
1483 3013 1498 3054 τ

370 3096 408 3178 δέ
435 3095 549 3178 πάλιν
573 3095 682 3176 αὐτὸν
705 3097 765 3176 καὶ
792 3099 874 3178 καθ’
895 3097 1012 3200 ἕτερον
1030 3097 1178 3202 τρόπον·
1210 3101 1303 3206 φημὶ
1330 3098 1403 3201 γὰρ
1430 3103 1498 3178 δικι

370 3224 451 3324 περὶ
488 3223 598 3321 ὑμῶν,
635 3219 691 3300 ὅτι
723 3223 762 3300 ἐκ
798 3229 862 3300 τοῦ
894 3227 990 3302 Θεοῦ
1021 3224 1085 3302 οὐκ
1117 3222 1209 3320 ε’στέ,
1242 3227 1315 3304 ἐπεὶ
1347 3222 1436 3324 μηδὲ
1472 3230 1498 3303 θ

371 3345 454 3431 τοὺς
491 3353 540 3432 εἰς
574 3353 683 3426 τοῦτο
718 3345 891 3446 πονηρίας
934 3346 1085 3447 ἥκοντας
1124 3349 1183 3430 καὶ
1223 3345 1328 3454 πόση
1369 3347 1498 3454 φαυλό·

372 3469 694 3567 βεβοπτισμένους,
724 3471 763 3548 ἐκ
795 3473 892 3549 Θεοῦ
922 3467 1010 3551 εἰναι
1039 3471 1167 3574 λέγειν.
1218 3478 1305 3579 τιμᾷ
1333 3471 1405 3575 γὰρ
1435 3476 1493 3551 καὶ

372 3591 551 3694 κειότητος
578 3592 677 3699 ἀξιοῖ
700 3595 764 3691 τῆς
791 3591 883 3696 πρὸς
910 3593 1019 3675 αύτὸν
1046 3597 1088 3674 ού
1115 3592 1179 3675 τόν
1205 3596 1374 3702 ψεύστην
1401 3599 1460 3674 καὶ
1491 3649 1498 3674 ι

372 3722 479 3822 δορον
509 3721 567 3798 καὶ
598 3717 794 3822 δύσφημον
822 3721 881 3797 καὶ
910 3717 1069 3822 ἀλαζόνα
1096 3722 1155 3799 καὶ
1183 3718 1369 3822 ὑβριστὴν,
1399 3718 1479 3798 οὐδὲ

373 3845 503 3927 ἀδίκως
539 3847 655 3950 φονοῖν
687 3837 846 3939 εἰωθότα,
880 3841 982 3921 ἀλλά
1013 3841 1077 3922 τὸν
1108 3845 1240 3943 ε’πιεικῆ
1272 3847 1331 3923 καὶ
1362 3851 1480 3946 πρᾶον

339 3969 505 4068 δεύσεβῆ
533 3969 591 4048 καὶ
619 3964 792 4073 φιλόθεον
819 3969 877 4047 καὶ
906 3965 1055 4068 ἀγαθόν.
1106 3968 1233 4048 οὐκοῦν
1261 3970 1319 4046 καὶ
1346 3966 1438 4047 κατά
1465 4003 1498 4047 τι

410 4167 435 4228 7.
448 4155 638 4226 Assumptusd
650 4152 719 4224 Ἐγώ
730 4155 815 4225 φησιν
824 4152 870 4207 οῦκ
882 4154 934 4225 ἔχω
947 4170 978 4208 ex
988 4151 1441 4226 Bmg.,pwar20ds*-‹1prppc'vovex
1451 4153 1498 4206 Bu

373 4227 399 4282 8.
419 4227 530 4284 ἐκείνους
541 4225 620 4281 edidi.
635 4225 738 4282 ε’κείνοις
752 4225 774 4278 Β
788 4242 843 4296 mg.
856 4224 893 4281 εἰς
905 4225 1016 4281 ἐκείνους
1028 4243 1052 4279 a.
1127 4225 1312 4280 αὐτοῖς-αὐτό
1327 4223 1359 4278 B.
1371 4223 1498 4280 αὐτὸς-α

373 4295 425 4352 Ed.
548 4313 590 4352 ιο.
608 4295 751 4368 δαιμόνιον]
768 4302 798 4360 -Ι-
812 4296 892 4352 τιθεὶς
904 4297 994 4366 ὥσπερ
1007 4293 1046 4349 ἐπ’
1059 4295 1163 4352 ε’κιίνοις
1174 4297 1204 4350 τὸ
1216 4293 1348 4365 εἰρημένον
1359 4293 1402 4349 hic
1415 4293 1487 4348 haud

372 4385 404 4420 οιι
420 4367 442 4420 Β
456 4385 511 4438 mg.
525 4367 633 4423 adscita.
648 4367 739 4422 Holst.
754 4365 804 4421 Ed.
879 4383 920 4420 11.
934 4366 1095 4435 ἐμαυτὸνιαί
1108 4365 1264 4421 ἰιοοοτδίαο
1278 4365 1335 4419 Βκ.
1404 4380 1445 4430 1⁴·
1459 4368 1498 4435 ὅρι’

372 4440 490 4491 τοιοῦτον
503 4437 554 4494 hoc
566 4437 659 4492 ordine
673 4437 705 4492 B.
789 4436 831 4491 16.
850 4437 1038 4507 ούκδνγδρυ.
1121 4453 1162 4507 19.
1180 4438 1233 4491 det
1244 4438 1329 4508 φησιν
1340 4445 1498 4505 assumpta(

373 4505 519 4562 Abbreviat
530 4525 555 4562 α.
653 4523 696 4562 20.
713 4512 850 4577 μαρτυρῶν
862 4508 1008 4578 δυσφημῶν
1022 4506 1054 4564 Β.
1068 4505 1116 4560 Ht.
1129 4511 1250 4576 μαρτυρῶ
1262 4507 1407 4578 δυσφημῦν
1418 4523 1498 4560 emen*

373 4575 445 4633 Aub.
548 4593 591 4632 αι.
609 4577 758 4648 λεοαιιιριε
770 4583 835 4647 τιμῶ
847 4579 1009 4648 δι’-τρόπον
1021 4595 1053 4633 ex
1067 4577 1090 4631 B
1103 4593 1158 4650 mg.
1171 4595 1206 4642 α,
1218 4577 1269 4648 γὰρ
1281 4595 1313 4632 ex
1325 4594 1350 4630 a.
