3184 5104
404 335 467 400 166
706 336 745 402 Β.
769 335 981 402 OYRILLI
1010 335 1298 401 ALEXANDR.
1480 333 1489 400 i

373 498 520 603 ἰνὲγνων
537 498 604 602 τὴν
620 500 873 605 Ἰερουσαλὴμ,
893 510 953 584 καί
973 500 1101 595 βλέπω
1118 499 1186 600 μὲν
1204 506 1299 580 θεῖον
1316 501 1354 579 ἐν
1371 499 1453 603 αῦτη
1468 532 1489 577 τι

405 622 639 726 στράπτοντα
657 623 755 724 ναῦν,
773 627 846 730 ὁρῶ
871 624 909 705 δὲ
934 627 972 704 ἐν
989 625 1092 732 με’σιρ
1114 623 1157 704 τὸ
1184 621 1321 704 σεπτὸν
1339 621 1444 706 ὅντως
1461 628 1489 702 θι

405 746 569 851 στήριον·
605 746 672 830 κᾶν
693 749 852 830 ἐπέκεινα
875 749 994 848 πύλης
1012 749 1152 851 εὑρεθῶ,
1172 745 1264 849 ὅλην
1280 750 1319 827 ε’ν
1336 745 1449 854 κύκλῳ
1465 781 1489 826 τ

406 869 533 974 θρήσω
561 871 628 974 τήν
654 871 840 970 Ἰουδαίαν,
869 875 927 951 καί
958 872 997 952 τί
1025 869 1090 972 μὲν
1117 870 1200 976 ὅρος
1232 873 1322 969 ε’στί,
1350 871 1387 950 τί
1414 869 1448 950 δὲ
1479 899 1489 974 η

406 995 663 1097 ἐπιγνώσομαι.
700 994 1004 1095 μεταμειβομένον
1029 992 1069 1074 δί
1091 1004 1156 1076 τοῦ
1178 1003 1302 1100 καιροῦ
1319 993 1408 1098 πρὸς
1424 997 1489 1074 ἑσπ

405 1120 471 1198 οῦκ
490 1119 541 1200 ἔτι
558 1117 623 1201 τὸν
637 1119 723 1219 ε’μὸν
736 1118 932 1224 ὀφθαλμὸν
947 1117 989 1198 τὸ
1008 1124 1080 1197 τῶν
1094 1118 1168 1199 ἅνω
1187 1116 1379 1217 θαυμάτων
1392 1115 1489 1215 διαλή

406 1241 556 1341 κάλλος,
574 1244 643 1348 οὐχ
668 1245 688 1322 ὁ
713 1237 890 1351 διαφανὴς
914 1249 989 1322 τῶν
1006 1244 1170 1346 ἀστέρων
1193 1240 1311 1347 χορὸς,
1330 1242 1412 1321 ἀλλ’
1432 1242 1489 1319 οῦδ

406 1365 565 1468 σελήνης
583 1365 626 1446 τῦ
643 1363 862 1470 πάγχρυσον
880 1363 1008 1450 σέλας.
1048 1365 1381 1467 καταπλαγήσομαι
1399 1363 1454 1443 διὰ
1471 1398 1489 1442 τ

239 1503 360 1570 Sapaiit
376 1499 470 1572 οτοῦ
487 1491 746 1591 τεκτηναμένου
764 1488 830 1589 τὴν
847 1487 987 1593 τέχνην,
1006 1487 1079 1568 ἀπὸ
1097 1493 1280 1588 καλλονῆς
1298 1487 1489 1588 κτισμάτων

240 1583 264 1633 ⁵⁸
405 1613 595 1718 γνώσομαι
631 1611 732 1715 κάγιίν
769 1611 832 1692 τὸν
860 1609 1102 1714 Δημιουργόν.
1159 1613 1287 1693 ούκοῦν
1318 1612 1406 1692 ὅσον
1438 1611 1489 1711 ἦκι

405 1734 546 1822 πλάτος
571 1736 811 1841 θεωρημάτων
837 1737 896 1816 καί
920 1733 986 1835 τὴν
1010 1737 1048 1816 ἐν
1070 1732 1195 1839 λόγοις
1220 1737 1409 1842 κομψείαν,
1434 1770 1489 1814 τοι

406 1859 487 1942 τινὰ
512 1862 627 1942 ὧδίνει
653 1860 804 1958 δύναμιν
826 1857 869 1940 τῦ
893 1856 1086 1962 εἰρημένον,
1108 1859 1195 1940 αὐτό
1219 1893 1259 1940 τε
1285 1858 1329 1938 τό
1357 1857 1480 1940 Βλέπω

407 1989 467 2067 καὶ
494 1985 536 2066 τό
564 1985 674 2080 Πηλίν
701 1983 848 2084 ε’ποίησε
877 1984 935 2063 καὶ
964 1982 1091 2088 ἕχρισέ
1113 2019 1178 2090 μου
1206 1981 1279 2071 τοῦς
1308 1981 1488 2090 ἰφθαλμού

407 2108 480 2214 γάρ
507 2110 689 2216 ἐξωθεῖται
716 2105 759 2187 τό
786 2105 910 2212 χαρίεν
932 2108 970 2186 ἐν
993 2103 1234 2210 θεωρήμασιν,
1252 2106 1332 2187 οὐδὲ
1357 2109 1405 2192 ὡς
1430 2108 1489 2200 κίβ

406 2241 628 2338 παραιτεῖται
646 2230 758 2334 λόγος
776 2233 795 2311 ὁ
814 2230 898 2334 παρ’
920 2231 1014 2330 ἡμῖν,
1032 2227 1229 2329 τουτέστιν,
1247 2231 1268 2310 ό
1291 2233 1489 2330 ἰκκλησιαο

407 2359 535 2438 ούκοῦν
557 2355 858 2462 ἀσυκοφάντητον
878 2355 1022 2454 ἀληθῶς
1047 2353 1112 2454 τὴν
1134 2363 1199 2435 τοῦ
1225 2353 1489 2458 θεραπεύσαντι

409 2515 527 2578 ναμιν,
556 2478 647 2560 ὅσον
676 2475 722 2578 ἦν
754 2481 793 2559 ἐν
822 2477 929 2584 αύτῷ,
957 2480 1134 2581 διατηρῶν
1164 2475 1210 2557 τὰ
1240 2475 1388 2558 τοιαῦτά
1420 2483 1489 2583 φηι

370 2595 397 2687 'd
409 2604 550 2708 ἐπείπερ
581 2602 717 2705 ἠλεήθη
747 2599 848 2708 παριί
879 2605 1056 2704 Χριστοῦ,
1085 2601 1186 2706 παρὰ
1217 2609 1292 2687 τοῖς
1321 2607 1458 2706 ἱερεῦσι

408 2763 525 2826 μενος.

361 2931 397 2990 16
428 2917 565 2995 Ἐλετον
592 2913 649 2984 οὖν
675 2918 713 2984 ὲκ
738 2916 805 2984 τῶν
832 2915 1023 3008 Φαρισαίων
1049 2918 1136 2984 τινὲι
1163 2916 1231 2983 Οὐκ
1257 2917 1345 2985 ἔστιν
1372 2913 1475 2985 οὗτοι

578 3041 662 3109 Θεοῦ
687 3043 706 3110 ὁ
732 3043 918 3133 ἅνθρωποι,
943 3045 994 3114 ὅτι
1020 3041 1058 3112 τὸ
1085 3046 1244 3123 σάββατον
1272 3043 1310 3111 οὐ
1337 3041 1446 3134 τηρεῖ.

466 3221 544 3297 Οῦιι
571 3209 660 3294 εἶναι’
685 3219 780 3321 φασι
809 3221 1000 3318 ληροῦυτες
1027 3211 1127 3322 παρίι
1149 3219 1237 3296 Θεοῦ
1263 3211 1380 3322 τῦνῷ
1409 3213 1486 3317 πρό

409 3341 561 3442 ἐνεργεῖν
580 3337 757 3418 δύνασθαι
778 3335 826 3416 τὰ
844 3343 948 3436 Θεοῦ,
968 3343 1027 3417 καὶ
1044 3334 1116 3447 ἰσιρ
1134 3337 1244 3446 δόξης
1262 3338 1381 3446 με’τριρ
1401 3369 1485 3442 στες

410 3495 518 3562 μενον
545 3461 743 3557 βλέποντες
769 3467 821 3569 τῷ
849 3460 969 3542 πάντα
995 3461 1160 3566 ἰσχύοντι
1190 3465 1307 3564 Πατρί
1335 3461 1402 3542 τὸν
1425 3463 1485 3543 Υἰί

382 3587 464 3668 εἰτ’
485 3583 635 3689 ἀσεβείᾳ
658 3589 783 3680 μιῦμον
805 3586 1020 3688 ε’πιῤῥιπτείν
1043 3585 1107 3664 οῦκ
1132 3585 1364 3691 αἰσχύνονται
1390 3621 1484 3687 παρι

411 3709 517 3816 αύτῷ,
549 3705 806 3811 παρωσάμενοι
838 3708 876 3788 δὲ
909 3706 975 3809 τὴν
1004 3709 1043 3788 ἐκ
1075 3717 1140 3789 τοῦ
1171 3706 1381 3817 παραδόξου
1414 3710 1484 3812 βοή

412 3837 537 3912 οἰκεῖον
559 3829 800 3940 άντεξάγουσι
827 3830 964 3939 φθόνον
988 3837 1040 3940 τῷ
1069 3837 1342 3940 θαυματουργῷ,
1363 3837 1427 3914 καί
1458 3869 1481 3914 κ

410 3967 539 4065 ροῦσιν
574 3957 794 4065 ἀφυλάκτως
830 3959 877 4042 ὡς
915 3957 1251 4060 πλημμελήσαντος
1285 3967 1351 4040 τοῦ
1389 3958 1445 4058 μὴ

451 4161 475 4199 1.
492 4143 562 4200 θεῖον
574 4143 601 4198 ἰν
612 4143 675 4212 αὐτῇ
687 4141 739 4197 hoc
752 4141 846 4199 ordine
859 4141 893 4198 B.
965 4161 990 4200 ν.
1009 4143 1090 4202 ὄντος
1100 4154 1272 4217 assumptum
1284 4163 1317 4200 ex
1331 4145 1364 4200 B.
1456 4165 1482 4213 4.

412 4215 439 4270 εἰ
450 4214 478 4269 δι’
491 4211 615 4269 emendat
628 4213 726 4338 Ηῗγιο.
739 4218 770 4284 τῇ
782 4215 890 4284 μὲν-τί
902 4214 930 4269 δὲ
945 4214 977 4271 B.
990 4219 1021 4285 τῇ
1033 4217 1148 4286 μὲν-τῇ
1161 4218 1189 4272 δὲ
1204 4217 1295 4273 Holst.
1310 4216 1361 4271 Ed.

413 4284 561 4340 emendavi.
573 4284 641 4355 αύτῷ
682 4324 688 4338 .
702 4283 753 4338 Ed.
813 4287 909 4340 τό-τό
922 4286 955 4340 B.
967 4290 1076 4360 τῷ-τῷ
1090 4286 1142 4342 Ed.
1298 4287 1340 4341 18.
1358 4287 1415 4342 ὑπὸ
1429 4293 1482 4342 τῶν

414 4371 457 4426 23.
477 4353 605 4426 ἰσομέτρῳ
617 4353 681 4424 δόξῃ
694 4372 742 4409 mc.
756 4355 815 4410 cat.
830 4355 907 4411 Harl.
918 4354 970 4428 ἴση
981 4357 1067 4432 μίτρην
1079 4359 1157 4484 &ge
1170 4356 1252 4413 cord.
1359 4375 1409 4425 24.
1429 4361 1481 4413 πάι

1059 4446 1083 4484 0·

412 4443 437 4480 ιι.
449 4427 533 4481 πάντα
544 4424 644 4480 habent
656 4443 679 4480 c.
693 4423 774 4480 Cord.
917 4425 961 4482 τό.
978 4427 1061 4554 ab&
1138 4428 1179 4483 τὰ.
1190 4436 1217 4482 et
1229 4429 1267 4484 ita
1278 4427 1409 4483 emendat
1424 4429 1481 4500 He]

414 4495 447 4550 B.
465 4497 543 4551 αὐτὸν
559 4495 607 4553 Ηι.
627 4494 679 4551 Ed.
728 4494 896 4552 Abbreviant
912 4505 1003 4554 tamen
1060 4503 1102 4565 tt„
1121 4499 1190 4572 αὐτῷ
1208 4502 1416 4572 κατηγοροῦντες
1437 4518 1481 4570 ρει

414 4563 505 4630 Ουτά..
517 4567 597 4622 αἰτοῦ
609 4569 809 4637 κσπγγοροῦντις
819 4585 845 4622 ιι.
