3248 5112
214 399 222 410 ,
306 333 373 396 450
611 331 651 396 Β.
674 331 883 397 CYRILLI
913 331 1225 415 ALEXANDR„
1376 327 1442 394 xiv.
1458 346 1510 393 11.

139 1987 204 2054 Eph.
215 1990 242 2042 ii.

142 2068 180 2106 ιν.

141 2222 261 2277 nasum.

138 2290 263 2356 flama.

306 556 329 594 „
348 493 460 594 ὅντες,
495 497 606 600 ἀμιγῆ
642 495 733 600 πρὸς
770 494 878 579 αὐτόν
914 497 1042 602 ἔχομεν
1078 495 1146 598 τὴν
1182 491 1400 578 ὑπόστασιν·
1445 490 1512 572 τὸν

306 619 615 724 ,αὐτὸντρόπον
639 623 698 702 καὶ
726 623 746 702 ὃ
772 621 859 707 Υἱὸς
887 625 1000 730 ἐντῷ
1027 625 1146 726 Πατρὶ
1172 617 1373 726 τυγχάνων,
1391 622 1509 698 διακε-

306 805 328 843 ,,
348 743 516 847 κριμένην
541 753 605 826 τοῦ
632 744 828 848 ἀγεννήτου
853 751 950 827 θεοῦ
977 745 1049 852 ἔχει
1076 742 1143 845 τὴν
1167 741 1331 826 οὐσίαν.”
1358 743 1397 823 τί
1421 739 1509 848 φῂς,

305 867 553 973 έμβράνιητες
596 869 737 973 γυμνὴν
774 873 868 952 οὕτω
905 869 971 969 τὴν
1008 876 1057 956 είς
1093 870 1158 950 τὸν
1188 867 1280 950 Υῖὸν
1313 868 1511 966 πεποίησαι

305 995 543 1100 δυσφημίαν,
587 990 643 1098 ἀρ’
678 996 741 1075 οὖν
777 993 829 1096 μὴ
870 994 1030 1076 διάκενον
1065 997 1138 1098 ἐρεῖ
1170 1029 1224 1080 τις
1261 991 1546 1096 συκοφαντίαν5

306 1124 474 1221 καταχεῖν
511 1117 604 1218 ἡμεῖς
640 1119 848 1220 ἐπείγεσθαι
884 1122 948 1219 τῆς
982 1125 1056 1200 τῶν
1093 1116 1282 1224 θεομοῖχων
1319 1118 1506 1222 κεφαλῆςς

306 1239 383 1322 ἰδοὺ
409 1239 482 1346 γάρ
509 1249 653 1350 σαφῶς,
678 1241 779 1324 οὐδὲν
804 1243 900 1329 ὅλως
926 1241 969 1324 τὸ
996 1250 1123 1324 πλεῖον
1147 1242 1390 1340 ἀπονέμουσιν
1414 1239 1512 1345 αὐτῷ

273 1371 379 1446 brem
414 1363 487 1447 ἀπδ
524 1370 592 1468 γῆς
629 1365 833 1469 γεγονότων
870 1369 929 1448 καὶ
972 1368 1016 1447 δι’
1055 1369 1164 1447 αι’ποῦ
1203 1364 1295 1470 πρὸς
1336 1363 1379 1445 τὸ
1421 1360 1511 1443 εἶναι

305 1489 635 1593 παρενηνεγμένων.
684 1489 756 1594 έγάν
783 1490 822 1572 δὲ
854 1492 969 1572 καίτοι
999 1490 1084 1572 λίαν
1111 1490 1303 1598 ἀφορήτων
1331 1489 1424 1594 έχων
1451 1485 1509 1594 ἐφ’

306 1611 359 1698 οἷς
377 1619 486 1694 εἰπεῖν
503 1618 535 1694 οί
555 1615 705 1694 δείλαιοι
722 1613 1003 1716 τετολμήκασιν,
1021 1617 1133 1695 ἐκεῖνο
1154 1614 1269 1720 δεῖξαι
1290 1611 1511 1718 πειράσομαι
1530 1651 1572 1692 ιο

306 1743 359 1846 τῷ
387 1743 517 1846 σκοπῷ
545 1735 660 1818 πόλιν
687 1736 862 1838 ἑπόμενον
889 1743 954 1837 τῆς
981 1739 1078 1824 θείας
1106 1742 1263 1846 γραφῆς,
1291 1741 1340 1823 ὡς
1366 1736 1511 1839 ἐπείπερ

307 1863 498 1965 ἀρνοῦνται
526 1858 591 1942 τὸν
607 1860 707 1960 Υίὸν,
727 1860 1007 1965 συνηρνήσαντο
1031 1861 1095 1942 τὸν
1113 1862 1272 1965 Πατέρα,
1293 1863 1353 1942 καὶ
1379 1859 1512 1941 λοιπόν

307 1989 400 2065 εἰσιν
417 1983 528 2085 ἀθεοι,
547 1988 606 2065 καὶ
625 1985 756 2066 ἐλπίδα
774 1984 825 2086 μὴ
848 1985 988 2090 ἔχοντες
1012 1987 1050 2066 έν
1068 1991 1158 2094 τῷδε
1183 1991 1234 2093 τῷ
1259 1983 1398 2093 κόσμιρ,
1417 1983 1513 2064 κατά

308 2107 350 2190 τό
369 2109 630 2212 γεγραμμένον.
667 2112 727 2190 καὶ
746 2108 800 2190 ότι
819 2105 938 2214 φαμέν
956 2115 1087 2208 καλῶς,
1108 2109 1248 2210 ἀληθὴς
1272 2107 1408 2213 μάρτυς
1425 2109 1512 2210 ἡμῖν

308 2233 519 2335 είσβήσεται
540 2235 560 2314 ὁ
583 2233 757 2340 θεοφιλὴς
774 2230 944 2334 Ἰωόνιης
966 2232 1163 2340 γεγραφὼς
1187 2233 1255 2314 ὡδί
1269 2242 1291 2280 “
1307 2235 1356 2314 ‘O
1375 2232 1508 2335 ἀρνοιί-
1529 2265 1569 2326 ¹5

308 2367 330 2405 “
348 2391 455 2458 μενος
481 2357 546 2438 τὸν
566 2357 714 2461 Πατέρα
741 2359 801 2438 καὶ
828 2355 892 2438 τόν
910 2355 1014 2438 Υίόν·
1048 2363 1119 2442 πιῖς
1151 2359 1172 2438 ό
1201 2356 1418 2460 ἀρνούμενος
1444 2355 1512 2436 τὸν

278 2491 329 2556 ο“
347 2481 438 2562 Υίὸν
455 2481 537 2562 οὐδὲ
554 2481 618 2562 τὸν
637 2481 785 2585 Πατέρα
803 2481 886 2586 ἔχει·
918 2481 939 2561 ὁ
962 2483 1154 2585 ὁμολογῶν
1170 2478 1235 2562 τὸν
1252 2479 1343 2561 Υῖόν
1361 2483 1420 2562 καὶ
1444 2478 1512 2562 τὸν

307 2615 330 2652 “
349 2605 499 2708 Πατέρα
526 2602 631 2710 ἕχει.”
662 2607 779 2708 ὀρθῶς
806 2605 850 2685 δέ
872 2639 928 2685 τοι
956 2605 1041 2685 λίαν
1069 2607 1089 2686 ὁ
1116 2603 1422 2712 πνευματοφόρος,
1449 2611 1511 2685 καὶ

256 2773 258 2777 ’
307 2731 371 2829 Τῆς
397 2733 449 2836 “13
476 2727 578 2836 λόγῳ
602 2727 813 2832 πρῡῐοῦσης
839 2731 1014 2832 ἁρμονίας
1039 2731 1105 2810 οὐκ
1129 2729 1200 2836 ἔξω
1221 2732 1330 2814 τιθεὶς
1351 2729 1393 2810 τὸ
1415 2728 1508 2809 θεοῖ-
1608 2833 1612 2842 ⁴

306 2886 416 2956 ρημα.
467 2851 586 2952 ἐπειδὴ
618 2850 692 2956 γὰρ
724 2848 819 2932 οἶδεν
852 2853 916 2934 οὐκ
948 2851 1098 2952 ὀνόματι
1129 2852 1253 2954 μόνον,
1284 2853 1441 2960 ε’νεργείρ
1471 2849 1511 2931 δέ
1526 2894 1570 2936 νο

307 2983 464 3076 μᾶλλον,
480 2975 568 3081 ὅπερ
587 2973 675 3056 εἶναι
694 2981 753 3057 καὶ
771 2976 926 3079 λέγεται,
937 2977 1114 3076 τουτέστι,
1130 2975 1270 3081 Πατὴρ,
1285 2975 1377 3056 κατὰ
1395 2974 1511 3084 φύσιν

309 3099 528 3206 ὑπάρχοντα,
565 3101 774 3202 ἀναγκαίωςΙ
803 3100 1104 3208 συνεξαρνεῖσθαί
1142 3107 1259 3208 φησιν
1296 3101 1403 3208 ἑτέρην
1444 3099 1511 3181 τὸν

308 3223 440 3327 ἕτερον.
480 3225 726 3331 συνειστρέχει
754 3223 826 3327 γαίρ
853 3259 931 3310 πως
958 3226 1011 3304 ἀεὶ
1033 3230 1085 3332 τῷ
1109 3259 1151 3327 γε
1176 3223 1252 3305 ὅντι
1278 3222 1370 3304 κατὰ
1393 3222 1512 3330 φύσιν

308 3349 367 3426 καὶ
389 3348 567 3457 νοουμένῳ
587 3352 707 3449 Πατρὶ
730 3358 796 3430 τοῖν
822 3347 1064 3451 προελθόντος
1088 3347 1134 3456 ἐξ
1155 3349 1264 3429 αὑτοῦ
1289 3346 1512 3450 γεννήματος

308 3471 332 3570 ἡ
351 3471 489 3570 γνῶσίς
507 3506 546 3552 τε
564 3475 624 3551 καὶ
645 3470 818 3574 δήλωσις,
837 3475 896 3554 καὶ
921 3479 974 3581 τῷ
996 3473 1202 3576 γεννηθέντι
1224 3470 1317 3552 κατὰ
1337 3469 1511 3572 ἀλήθειαν
1526 3507 1569 3570 ²⁵

276 3590 352 3682 ᾱτδ
370 3601 434 3673 τοῦ
451 3595 579 3674 τίκτειν
596 3595 800 3700 πεφυκότος
816 3604 1077 3678 σννεπινοεῖται
1095 3594 1306 3701 πρόσωπον.
1343 3592 1419 3694 ἅμα
1436 3595 1511 3700 γάρ

309 3749 363 3800 τις
390 3715 483 3819 έγνω
512 3717 670 3820 Πατέρα,
696 3724 852 3819 συνῆκεν
878 3719 933 3800 ότι
960 3719 1162 3822 γεγέννηκε,
1187 3722 1246 3800 καὶ
1274 3725 1303 3800 εἰ
1330 3719 1440 3820 μα’θοι
1465 3720 1511 3802 τὸ

309 3838 479 3942 γέννημα,
494 3843 707 3922 διακείσεται
725 3841 870 3928 ποίντως
888 3843 943 3924 ότι
961 3841 1098 3948 πατρὸς
1115 3844 1226 3952 ἐξέφυ
1243 3841 1349 3930 τινός.
1382 3846 1511 3922 οὐκοῦν

310 3965 353 4044 δι’
373 3965 511 4072 ἀμφοῖν
532 3973 606 4050 τοῖς
632 3966 869 4069 ἀκροωμένοις
896 3968 918 4067 ἡ
946 3968 1112 4070 ἑκατέρου
1139 3973 1275 4069 γνῶσις
1302 3967 1507 4047 έντίκτεται·

310 4090 369 4168 καὶ
393 4087 640 4194 ἀρνησάμενος
663 4090 730 4189 μέν
748 4124 812 4186 τις,
832 4089 888 4170 ὅτι
907 4089 1037 4193 Πατήρ
1064 4094 1164 4172 ε’στιν
1183 4094 1329 4192 ἀληθεῖς
1352 4091 1373 4170 ό
1397 4089 1507 4189 Θεὸς,
1526 4132 1568 4188 30

310 4212 566 4318 συναναιρήσει
593 4213 736 4299 πάντως
763 4212 829 4315 τὴν
856 4221 919 4294 τοῦ
947 4220 1038 4294 Υίοῦ
1063 4215 1244 4317 γέννησιν·
1285 4213 1443 4319 γέννημα
1471 4214 1511 4296 δὲ

308 4433 841 4577 μάλθιᾍᾜλλίἓὶθθλ,
878 4433 905 4490 ⁶·
925 4434 1246 4578 ’ἓξῗᾝζρῗυλὲῗ
1264 4434 1510 4579 ’”“’·;ἰ”.·εξ;ὲ’ἓῑ

309 4595 349 4628 τοι
362 4573 394 4628 Ε.
407 4596 433 4629 τι
445 4573 496 4630 Ed.
604 4589 647 4647 27.
665 4575 743 4646 μόθοι
757 4575 874 4647 Πμόθει
887 4575 939 4632 Ed.
1028 4619 1032 4629 .
