3248 5112
283 361 348 424 498
586 362 627 428 B.
649 359 860 429 CYRILLI
889 357 1180 426 ALEXANDR.
1352 351 1417 414 xiv.
1432 366 1490 434 23·

283 531 306 570 “
325 523 434 622 ῦμιῦν,
473 522 603 629 κριίζον
634 527 761 622 Ἀββῦ
797 526 817 604 ὁ
854 522 1011 628 πατήρ.”
1059 525 1145 629 ὁρᾷς
1182 517 1280 602 ὅπως
1316 511 1359 597 τδ
1396 510 1491 594 αὐτὸ

285 650 436 746 Πνεῦμα
462 657 526 728 τοῦ
554 682 593 730 τε
622 649 769 751 Πατρός
795 651 875 730 ε’στι
903 651 962 730 καὶ
991 654 1056 728 τοῦ
1082 649 1196 741 Υἱοῦ,
1237 646 1492 723 κατοικοῦντος

285 771 349 851 οῦν
367 770 439 874 ἄρα
457 779 522 852 τοῦ
541 777 772 875 Μονογεναῦς
790 775 923 856 ἐντοῖς
941 771 1101 874 καρδίαις
1118 769 1230 868 ἡμῶν,
1250 765 1314 844 οῦκ
1331 762 1491 842 ἄπεστιν

255 895 306 974 οῦ
336 894 476 997 Πατήρ·
511 895 584 1001 ἔχει
611 895 684 1000 γὰρ
712 898 733 976 ὁ
760 893 849 980 Υἱὸς
876 899 914 976 έν
941 898 1055 1001 ἑαυτῷ
1082 891 1146 1006 τὸν
1171 887 1378 995 γεννήτορα,
1402 890 1492 984 μιᾶς

284 1015 376 1122 πρὸς
404 1017 513 1100 αὑτὸν
540 1017 713 1126 ὑπάρχων
739 1021 875 1118 οὐσίας,
903 1019 983 1100 έστι
1011 1016 1048 1098 δέ
1076 1018 1135 1098 καὶ
1162 1012 1269 1097 αὐτὸς
1300 1013 1338 1091 ἐν
1367 1010 1531 1110 Πατρὶ5

285 1149 461 1248 φυσικῶς.

341 1267 390 1346 Ὁ
408 1264 476 1366 μέν
493 1267 557 1348 οῦν
574 1271 639 1366 τῆς
656 1266 813 1351 πίστεως
839 1265 922 1370 ὅρος
947 1299 986 1346 τε
1013 1267 1072 1345 καὶ
1095 1261 1301 1344 ἀνυπαίτιος
1319 1256 1422 1340 οὖτος
1441 1252 1492 1334 ἂν

285 1387 339 1489 εἵη
364 1387 490 1492 λόγος·
519 1391 664 1494 ἐροίμην
681 1391 715 1470 δ’
735 1387 780 1470 ἂν
797 1391 855 1470 ἐπὶ
881 1389 996 1498 τούτῳ
1022 1390 1081 1468 καὶ
1105 1385 1189 1467 λίαν
1207 1384 1318 1485 ἡδέως
1340 1377 1423 1462 τοῦς
1448 1379 1492 1458 ἐκ

285 1516 428 1612 πολλῆς
453 1513 608 1612 ἀμαθίας
635 1513 854 1620 ἑτεροδοξεῖν
881 1511 1083 1612 ἑλομένους,
1112 1512 1171 1590 καῖ
1198 1513 1244 1616 τῇ
1271 1513 1335 1588 τοῦ
1364 1503 1488 1584 Πνεῦ-

177 1625 181 1632 “
286 1669 400 1737 ματος
424 1634 515 1744 δόξῃ
539 1633 606 1737 τὴν
628 1638 759 1716 οἰκείαν
781 1637 1036 1744 έξοπλίζοντας
1058 1641 1242 1738 γλῶτταν.
1281 1631 1320 1712 τί
1343 1625 1415 1731 γὰρ
1442 1623 1490 1726 δὴ
1509 1661 1553 1704 10

286 1762 347 1840 καὶ
371 1764 487 1866 φαῖεν,
506 1758 593 1841 ὅταν
611 1761 776 1863 λέγωμεν
799 1761 919 1846 αὐτοῖς
938 1765 984 1840 Εἰ
1010 1757 1159 1840 κτιστὸν
1176 1755 1219 1836 τὸ
1240 1751 1389 1852 Πνεῦμοὶ
1407 1751 1491 1830 ε’στι

287 1885 347 1962 καὶ
371 1881 568 1987 ἀλλότριον
591 1887 656 1984 τῆς
683 1884 811 1968 οὐσίας
835 1892 900 1964 τοῦ
926 1890 1023 1965 Θεοῦ
1051 1883 1133 1962 καθ’
1155 1883 1257 1980 ὑμᾶς,
1279 1884 1357 1961 πιῦς
1382 1873 1428 1954 ἂν
1449 1874 1491 1954 έν

241 2026 276 2116 [d
288 2006 373 2108 ἡμῖν
391 2004 434 2086 δι’
455 2008 565 2088 αὐτοῦ
583 2005 795 2107 κατοικῆσαι
814 2004 934 2106 Θαίς,
965 2013 1044 2090 πῶς
1066 2004 1105 2086 δέ
1124 2010 1221 2086 Θεοῦ
1238 2003 1389 2106 μέτοχος
1407 1999 1427 2078 ῦ
1445 1995 1491 2078 τὸ

290 2135 440 2230 Πνεῦμα
459 2130 611 2227 λαβῶν;
640 2135 670 2210 εί
688 2129 754 2230 μέν
771 2131 843 2236 γάρ
862 2133 943 2212 έοτι
967 2137 1041 2211 τιῦν
1057 2126 1294 2236 ἐνδεχομένων
1312 2123 1370 2205 διιί
1393 2155 1492 2206 τινος

288 2253 385 2340 ὅλως
416 2258 568 2358 γενητῆς
601 2253 741 2353 οῦσίας,
770 2259 834 2355 τῆς
867 2255 962 2340 θείας
995 2288 1033 2334 τε
1067 2256 1125 2334 καὶ
1157 2249 1314 2357 ἀῤῥήτου
1344 2247 1490 2356 φύσεως
1509 2273 1551 2336 16

288 2378 381 2478 ἡμᾶς
404 2385 632 2483 μετολαχεΐν,
651 2377 690 2458 τί
711 2375 756 2458 ῦυ
780 2378 833 2458 έτι
857 2377 900 2458 τδ
925 2377 1068 2459 κωλῦον
1091 2378 1206 2485 ὁρῷτο
1234 2374 1299 2456 τὸν
1317 2369 1413 2454 Θεὸν
1431 2371 1491 2450 καὶ

291 2500 439 2605 Πατέρα
456 2501 499 2582 τὸ
519 2507 666 2601 Πνεῦμα
685 2501 962 2606 παρωσάμενον,
981 2504 1040 2581 καὶ
1058 2503 1101 2582 δι’
1122 2500 1243 2604 ἑτέρου
1259 2495 1356 2582 τινδς
1380 2495 1492 2598 οὗπερ

289 2622 335 2704 ἂν
353 2622 525 2719 βούλοιτο
548 2624 747 2723 κτίσματος
767 2627 805 2704 έν
823 2626 908 2725 ἡμῖν
925 2625 1091 2729 γίνεσθαι
1116 2627 1175 2704 καὶ
1199 2619 1354 2724 ἁγιάζειυ
1370 2614 1488 2718 ἡμᾶςς

289 2744 391 2826 ἀλλὰ
414 2753 520 2828 τοῦτο
548 2746 737 2828 ἀδύνατον·
772 2748 814 2826 οὐ
839 2747 911 2852 γὰρ
936 2748 981 2828 διν
1000 2745 1139 2850 γένοιτό
1164 2781 1218 2847 τις
1236 2751 1332 2826 θεοῦ
1358 2742 1402 2842 δὴ
1426 2749 1493 2822 τοῦ

290 2869 382 2951 κατὰ
409 2868 525 2976 φύσιν
552 2871 703 2976 μέτοχος
730 2869 774 2950 δι’
797 2872 927 2975 ἑτέρου,
953 2877 983 2953 εί
1010 2869 1061 2972 μὴ
1089 2870 1149 2952 διὰ
1175 2878 1239 2951 τοῦ
1265 2867 1489 2968 Πνεῦματος·
1507 2899 1550 2940 ²0

261 2992 385 3079 θΘεδς
412 2996 483 3096 ι’ίρα
510 2997 569 3075 καὶ
596 2997 636 3075 ἐκ
663 2999 759 3075 Θεοῦ
786 2994 828 3075 τὸ
853 3001 1015 3096 Πνεῦμα,
1041 2999 1100 3076 καὶ
1127 2996 1171 3075 οῦ
1198 3001 1272 3078 τοῖς
1299 2985 1493 3096 γεγονόσιν

288 3119 503 3224 ἐναρίθμιον,
521 3119 683 3223 καθάπερ
702 3117 807 3225 ἔδοξέ
821 3153 930 3200 τισιν.

339 3239 493 3327 Ἀλλως
512 3277 551 3323 τε
569 3247 710 3324 κάκεῖνο
734 3241 825 3347 πρὸς
850 3241 966 3352 τούτιρ
991 3242 1238 3325 διασκεπτέον.
1277 3240 1321 3322 τὸ
1338 3237 1493 3344 μέτοχόν

289 3399 395 3463 τινος,
426 3369 474 3452 ὡς
512 3366 712 3469 κρείττονος
742 3367 818 3446 κατ’
854 3367 982 3446 οῦσίαν
1012 3370 1071 3447 καὶ
1100 3368 1313 3474 ἑτεροφυοῦς
1346 3361 1369 3465 ἦ
1403 3363 1491 3466 ὅπερ

290 3491 392 3568 ἐστὶν
419 3488 517 3587 αῦτδ,
545 3489 665 3592 ἕτερον
693 3485 780 3569 εἶναι
808 3488 901 3569 κατὰ
931 3488 1047 3598 φῦσιν
1074 3489 1214 3593 ἀνάγκη
1246 3497 1310 3570 τοῦ
1340 3521 1487 3593 μετεχο-
1506 3517 1545 3576 ι5

290 3611 411 3708 μένου.
449 3616 480 3704 εί
507 3614 627 3690 τοίνυν
652 3611 847 3714 κτιστδνῆ
875 3613 1025 3714 ποιητὸν
1043 3613 1085 3694 τὸ
1107 3613 1257 3713 Πνεῦμοί
1280 3615 1375 3709 έστι,
1396 3614 1491 3697 τίνος

291 3732 395 3814 ἔσται
422 3732 552 3814 λοιπὸν
577 3734 599 3832 ἡ
628 3736 744 3820 κτίσις
771 3734 949 3843 μέτοχος;
985 3735 1042 3841 ἆρ’
1062 3738 1142 3842 οῦχὶ
1169 3737 1313 3821 πάντως
1341 3737 1499 3835 {amic}

293 3855 411 3938 κοινὸν
429 3855 502 3961 γὰρ
520 3859 659 3960 ὁρᾶται,
680 3856 700 3938 δ
729 3858 890 3940 έκτισται
914 3861 1044 3942 λοιπὸν
1062 3863 1115 3942 ἐπ’
1136 3864 1284 3968 ἀμφοῖν·
1316 3859 1491 3940 ἀλλὰκαὶ

293 3984 433 4062 κτιστοὶ
450 3985 509 4062 καὶ
527 3984 669 4086 γενητοὶ
686 3981 777 4062 κατὰ
800 3982 914 4088 φύσιν
932 3983 1031 4068 ὄντες
1056 3985 1165 4084 ἡμεῖς,
1184 3987 1233 4068 ὡς
1257 3983 1377 4086 ἑτέρου
1401 3982 1491 4062 κατὰ

294 4104 409 4213 φύσιν
431 4104 654 4211 ὑπάρχοντος
682 4103 705 4207 ἢ
734 4105 822 4209 ὅπερ
851 4107 959 4207 ἡμεῖς,
985 4116 1050 4190 τοῦ
1073 4109 1283 4208 Πνεῦματος
1310 4105 1487 4212 μετεσχή·
1504 4135 1542 4192 30

127 4260 242 4320 em.
264 4259 417 4329 ςκομεν·
458 4231 522 4312 οῦκ
552 4231 623 4334 ἄρα
655 4229 804 4311 κτιστδυ
831 4229 873 4310 τὸ
903 4230 1052 4331 Πνεῦμά
1084 4233 1198 4312 ἐστιν.
1248 4237 1280 4312 εί
1316 4231 1354 4313 δὲ
1387 4239 1491 4313 τοῦτο

333 4452 374 4510 15.
392 4441 586 4513 γενητῆςΕ.γε
649 4443 677 4498 ”ς
689 4441 740 4497 Ed.
805 4441 984 4514 γερτοτεΕ.
1147 4459 1190 4514 23.
1208 4442 1291 4516 τούτῳ
1305 4442 1338 4498 E.
1350 4445 1428 4498 τοῦτο
1440 4441 1490 4497 Ed.

296 4507 339 4564 τό.
358 4510 415 4565 ἐστι
427 4521 597 4584 assumptum
609 4530 687 4566 ex.
789 4527 832 4583 27.
850 4511 957 4568 ἑαυτοὺς
969 4511 1002 4576 E,
1099 4515 1142 4569 28.
1160 4513 1211 4585 γὰρ
1224 4531 1278 4569 om.
1291 4513 1324 4569 E.
1423 4529 1491 4583 31-

295 4597 321 4650 ρ.
331 4597 393 4650 499,
407 4597 432 4648 η.
450 4581 666 4654 οὐκ-εἰρήκαμεν
676 4599 731 4640 om.
744 4582 879 4654 (videlicet
889 4582 925 4639 ab
938 4581 1046 4654 -ἡκιιμιν
1058 4582 1092 4638 ad
1106 4583 1214 4656 -ηκαρεν
1225 4583 1391 4654 transiliens)
1404 4583 1437 4638 E.
