3248 5112
119 359 184 438 xiv.
198 363 314 446 25,26.
390 363 448 428 IN
478 363 512 428 S.
536 363 558 426 J
564 361 796 430 OANNEM.
841 362 938 428 LIB.
963 363 1004 428 X.
1254 362 1317 426 50⁷

120 527 388 631 διαπορθμεύων
426 527 590 632 λόγους,
607 531 692 610 ἀλλ’
727 533 775 612 ὡς
815 534 963 628 Πνεῦμα
999 528 1119 623 αὐτοῦ,
1156 523 1347 628 καθάπερο

118 649 248 752 ἀρτίως
270 651 469 756 εἰρήκαμεν,
491 657 550 735 καὶ
574 652 666 738 είδὸς
689 650 887 737 ἀδιδάκτως
910 651 1031 734 πάντα
1053 648 1101 731 τά
1125 649 1170 758 ἐξ
1193 649 1235 730 οῦ
1258 652 1319 730 καὶ

118 775 157 854 ἐν
184 771 282 883 ᾇπέρ
310 775 468 877 ἐστι,πά
495 784 574 860 θεῖα
600 785 674 863 τοῖς
703 777 816 881 ἁγίοις
844 774 1091 857 ἀποκαλύπτει
1117 771 1315 876 μυστήρια,

120 897 281 1004 καθάπερ
298 896 423 999 ἀμέλει
448 903 507 982 καὶ
525 904 553 982 ό
577 900 799 1006 ἀνθρώπινος
823 908 905 985 νοῦς
926 897 1046 982 πάντα
1063 899 1254 1002 γινώσκων
1271 897 1319 978 τά

86 1023 158 1103 5ἐν
180 1024 287 1131 αύτῷ,
305 1028 461 1106 διακονεῖ
480 1023 571 1130 πρὸς
595 1023 637 1106 τὸ
664 1025 746 1134 ἔξω,
765 1023 866 1134 λόγῳ
890 1024 1001 1130 τυχὸν
1022 1029 1074 1132 τῷ
1095 1025 1318 1131 προφορικῷ,

119 1145 167 1228 τά
184 1146 370 1249 θελήματα
386 1154 450 1250 τῆς
467 1153 602 1258 ψυχῆς,
619 1149 662 1250 ἧς
679 1151 834 1230 ἐστικαὶ
853 1155 946 1247 νοῦς,
959 1146 1079 1250 ἕτερον
1095 1145 1162 1246 μέν
1179 1181 1214 1227 τι
1231 1147 1317 1250 παρ’

120 1269 231 1380 αῦιὴν
248 1279 325 1357 ταῖς
342 1275 497 1358 ἐπινοίας
514 1272 693 1378 ἀράμενός
714 1305 754 1353 τε
778 1274 838 1352 καὶ
856 1268 1124 1375 ὀνομαζόμενος,
1143 1270 1261 1374 ἕτερος
1279 1268 1318 1350 δέ

120 1391 213 1473 κατὰ
230 1394 345 1502 φύσιν
362 1398 426 1477 οὐκ
443 1395 503 1496 ῶν,
519 1398 605 1477 ἀλλ’
626 1400 674 1481 ὡς
698 1393 824 1500 μόριον
841 1403 905 1476 τοῦ
929 1391 1065 1479 παντὸς
1088 1405 1314 1496 ουμπληρω·

119 1513 229 1616 τικόν,
247 1521 285 1600 ἐν
302 1521 392 1628 αὐτῇ
410 1554 449 1601 τε
468 1519 641 1627 ὑπάρχον,
658 1523 717 1601 καὶ
735 1519 780 1628 ἐξ
793 1521 903 1620 αὐτῆς
921 1517 1148 1625 ἀναφύεσθαι
1169 1551 1317 1599 πιστευ-

64 1679 106 1721 ιο
120 1637 257 1740 όμευον.
294 1642 383 1750 ῦπέρ
401 1641 563 1725 δὲταῦτα
584 1642 737 1744 πάλινὴ
760 1643 838 1724 θεία
862 1629 900 1724 τε
925 1645 984 1723 καὶ
1009 1643 1162 1748 ἀῤῥητος
1188 1640 1347 1749 φύσιςῚ
1368 1659 1483 1718 ΘΜ

118 1763 229 1870 μικρά
259 1765 332 1870 γάρ
362 1773 467 1848 πᾶσα
498 1765 798 1870 παραδειγμάτων
830 1765 947 1872 ίσχῦς,
980 1764 1047 1847 κάν
1078 1765 1136 1846 διά
1172 1771 1318 1846 λεπτῶν

118 1887 263 1994 ἔρχηται
281 1890 415 1992 λόγων.
445 1892 574 1971 οὐκοῦν
592 1891 614 1990 ἡ
632 1891 752 1972 τελεία
769 1889 928 1990 μάθησις
947 1889 1007 1970 διά
1023 1897 1087 1970 τοῦ
1107 1887 1317 1990 Πυεύματος

119 2021 194 2097 τοῖς
221 2015 335 2116 ἁγίοις
361 2014 561 2096 ἐντίκτεται.
603 2018 662 2094 καὶ
685 2021 775 2117 γοῦν
798 2015 818 2093 ό
845 2015 1039 2100 θεσπέσιος
1062 2019 1212 2096 Παῦλος
1236 2015 1314 2093 ἐπι-

119 2135 268 2217 στέλλει
291 2137 382 2240 πρός
405 2172 504 2224 τινας
522 2148 544 2186 “
561 2136 674 2240 Κάγὼ
699 2137 858 2222 ἀκούσας
881 2137 948 2240 τὴν
969 2139 1051 2219 καθ’
1072 2140 1163 2237 ύμάς
1189 2137 1315 2218 πίστιν
1359 2145 1453 2274 {phun

66 2285 105 2346 ¹5
119 2269 142 2306 “
160 2261 198 2340 ἐν
230 2265 282 2369 τῷ
316 2263 437 2370 Κυρίῳ
469 2263 594 2362 Ἰησοῦ
630 2263 688 2342 καὶ
719 2258 786 2360 τὴν
820 2268 870 2346 είς
901 2260 1037 2345 πάντας
1073 2260 1156 2347 τοῦς
1192 2262 1315 2364 ἁγίους
1443 2249 1449 2262 ’

120 2391 142 2430 “
160 2381 315 2486 ἀγάπην,
334 2387 376 2464 ού
399 2384 558 2486 παύομαι
583 2385 808 2490 εὐχαριστῶν
825 2384 912 2489 ῦπέρ
930 2387 1029 2485 ὑμῶν
1047 2387 1171 2480 μνείαν
1187 2386 1312 2467 ποιού-

119 2516 142 2554 “
157 2541 263 2606 μενος
279 2510 337 2590 ἐπὶ
355 2515 427 2590 τῶν
439 2515 653 2614 προσευχῶν
667 2543 746 2608 μου,
759 2510 820 2590 ἵνα
837 2510 858 2588 ὁ
872 2507 965 2593 Θεὸς
981 2518 1047 2590 τοῦ
1062 2511 1197 2612 Κυρίου
1215 2511 1317 2611 ἡμῶν

120 2641 143 2678 “
161 2629 285 2732 Ἰησοῦ
312 2637 488 2736 Χριστοῦ,
516 2634 536 2712 ό
564 2633 684 2737 πατὴρ
712 2637 776 2733 τῆς
806 2633 925 2739 δόξης,
953 2632 1027 2742 δύη
1055 2635 1137 2733 ὑμῖν
1166 2638 1317 2734 Πνεῦμα

119 2763 142 2802 “
159 2757 296 2863 σοφίας
311 2759 370 2837 καὶ
387 2755 652 2864 ἀποκαλύψεως
670 2758 708 2837 ἐν
724 2755 916 2860 ἐπιγνώσει
938 2758 1059 2854 αὐτοῦ,
1080 2757 1311 2864 πεφωτισμέ-
1327 2767 1349 2832 b

66 2911 106 2954 ιο
120 2885 143 2926 “
163 2912 244 2966 νους
263 2878 346 2964 τοῦς
365 2877 579 2986 ὀφθαλμοὺς
597 2884 662 2980 τῆς
682 2882 837 2984 καρδίας,
855 2887 903 2964 είς
928 2879 970 2960 τὸ
995 2879 1121 2960 εἰδέναι
1147 2883 1239 2978 ύμᾶς
1262 2881 1316 2966 τίς

120 3014 142 3052 “
159 3005 260 3084 ἐστιν
277 3005 300 3104 ἡ
319 3006 421 3087 ἐλπὶς
439 3007 504 3102 τῆς
520 3003 685 3103 κλήσεως
702 3004 821 3102 αὐτοῦ,
839 3004 893 3087 τίς
911 3005 931 3083 ὁ
949 3012 1108 3088 πλοῦτος
1126 3008 1189 3104 τῆς
1207 3002 1316 3111 δόξης

120 3137 143 3174 “
161 3129 226 3226 τῆς
253 3127 491 3230 κληρονομίας
519 3127 629 3206 αὐτοῦ
655 3127 695 3204 ἐν
721 3133 795 3210 τοῖς
827 3126 951 3227 ἁγίοις,
979 3129 1039 3206 καὶ
1068 3128 1107 3208 τί
1134 3127 1177 3206 τὸ
1210 3129 1315 3230 ἀπερ-

120 3259 143 3298 “
160 3247 306 3346 βάλλον
320 3250 471 3352 μέγεθος
487 3253 552 3350 τῆς
571 3248 751 3349 δυνάμεως
768 3249 877 3328 αῦτοῦ
894 3255 942 3334 είς
961 3250 1053 3350 ἡμᾶς
1071 3248 1154 3334 τοῦς
1167 3249 1316 3331 πιστεύ-

118 3381 142 3420 “
160 3407 267 3459 οντας
295 3371 387 3454 κατά
413 3370 480 3472 τὴν
507 3371 685 3476 ἐνέργειαν
710 3370 756 3473 ἣν
783 3370 975 3475 ἐνήργηκεν
996 3374 1036 3452 ἐν
1063 3377 1116 3480 τῷ
1142 3377 1312 3483 Χριστῷ,

66 3531 106 3593 2⁵
120 3506 142 3544 “
159 3497 293 3602 ἐγείρας
312 3495 421 3578 αὐτὸν
436 3499 476 3576 ἐκ
495 3501 637 3598 νεκρῶν,
649 3497 708 3575 καὶ
724 3496 878 3580 καθίσας
895 3498 933 3576 ἐν
946 3497 1046 3604 δεξιᾷ
1062 3496 1171 3576 αι’ποῦ
1189 3499 1315 3584 ἐντοῖς

119 3628 142 3667 “
157 3622 375 3724 ἐπουρανίοις
394 3617 557 3724 ὑπεράνω
575 3617 698 3718 πάσης
716 3619 830 3724 ἀργῶς
852 3621 910 3699 καὶ
934 3619 1100 3727 ἐξουσίας
1123 3623 1182 3701 καὶ
1206 3619 1314 3701 δυνά-

120 3753 143 3790 “
160 3777 254 3842 μεως
272 3747 331 3824 καὶ
349 3745 554 3846 κυριότητος
571 3745 630 3823 καὶ
648 3740 783 3828 παντὸς
800 3741 973 3843 ὀνόματος
990 3744 1250 3849 ὀνομαζομένου
1271 3746 1343 3826 ούο

118 3875 141 3914 “
157 3869 268 3968 μόνον
286 3870 325 3948 έν
341 3873 393 3976 τῷ
420 3873 520 3948 αἰῶνι
546 3866 662 3976 τούτιρ
690 3865 791 3946 ἀλλά
818 3871 876 3948 καὶ
903 3870 941 3948 ἐν
961 3874 1014 3976 τῷ
1037 3865 1245 3967 μέλλοισι.”
1275 3871 1314 3950 ἐν

117 3989 190 4094 γὰρ
221 3997 267 4095 τῇ
298 3989 568 4072 τῶντοιούτων
596 3989 828 4098 ἀποκαλύψει
857 3989 914 4069 διά
942 3999 1008 4072 τοῦ
1038 3990 1248 4091 Πνεύματος
1276 3993 1315 4072 ἐν

63 4149 107 4208 30
118 4115 203 4215 ἡμῖν
219 4113 429 4220 ἀποῤῥήτως
446 4111 687 4219 ἐνεργουμεή,
706 4117 771 4213 τῆς
788 4111 878 4210 μετὰ
896 4111 1033 4217 σαρκός
1054 4115 1254 4213 οἰκονομίας
1271 4114 1314 4194 τὸ

118 4235 232 4335 βάθος
265 4240 325 4318 καὶ
358 4246 423 4319 τοῦ
453 4236 693 4340 κεκρυμμένου
724 4237 923 4338 μυστηρίου
954 4234 1020 4335 τήν
1047 4236 1197 4336 δύναμιν
1224 4242 1312 4316 θεω-

87 4449 92 4458 ’
156 4465 180 4504 ι.
198 4446 290 4520 αὐτοῦ]
304 4448 439 4520 ἄνθρωπον
450 4445 609 4511 emendavit,
622 4444 669 4502 ιοά
687 4446 778 4500 minus
796 4455 867 4500 recte
883 4455 915 4501 ut
932 4444 1039 4502 videtur
1057 4444 1251 4516 Migne.a1'nofi
1266 4445 1313 4500 ha·

118 4519 203 4646 ρῐρριηο
197 4519 302 4646 νέοοαι
314 4520 343 4574 in
356 4519 547 4592 δρυμώδη.
672 4533 714 4584 14.
732 4513 861 4571 ἀκούωΕ.
993 4533 1036 4572 αι.
1053 4514 1145 4588 αὐτοῦ]
1162 4517 1247 4582 -λιιαλ
1262 4517 1312 4572 Ed.

672 4687 761 4754 ιιι
