3200 5092
423 310 466 372 32
727 311 766 378 B.
789 312 999 380 CYRILLI
1029 313 1319 379 ALEXANDR.
1394 325 1401 332 '

424 479 497 554 τῶν
520 475 749 558 ἐνοικούντων
773 475 887 578 αῦτὴυ
908 478 992 562 τοῦς
1018 513 1058 559 τε
1086 473 1461 585 ἐξανδραποδισμοῦς,
1485 537 1487 552 τ

394 597 614 699 οώμοτάπην
632 598 797 706 σφαγὴν,
816 603 876 680 καὶ
894 600 977 684 τοῦς
995 604 1032 681 ἐν
1050 601 1188 708 ἑκάστη
1214 600 1321 683 πόλει
1345 595 1487 698 λιμοῦςΙ

424 723 462 801 ἐν
480 723 602 807 αῦταῖς
620 727 869 832 τεκνοφαγίας,
888 729 1027 829 ἱστορεῖ
1041 729 1099 805 καὶ
1118 726 1295 826 Ἰώσηπος
1314 721 1358 804 ἐν’
1369 725 1487 803 οὶκείο

423 847 628 947 γράμμασι.
668 848 745 929 ’ότιιν
768 849 841 945 οῦν,
863 852 967 956 φησὶ,
986 855 1134 958 σταυρῴ
1160 848 1381 954 παραδόντες
1411 849 1468 927 τὶν

424 969 590 1079 ἀνθρώπου
616 970 683 1072 τὴν
710 974 925 1077 ἀντίῤῥοπον
952 974 1161 1073 ὑπομείνητε
1190 973 1360 1069 κόλασιν,
1390 974 1452 1050 καὶ
1482 1005 1487 1022 ·

424 1092 485 1192 ε’μέ
502 1095 746 1196 τολμημάτων
764 1095 1012 1194 ὶσοστάθμους
1037 1099 1266 1196 ἀντεκτίσητε
1291 1096 1408 1192 δίκας,
1431 1093 1487 1174 τότ

425 1252 524 1303 οντες
541 1217 707 1322 γνάσισθε
725 1218 773 1300 ’ότι
792 1220 862 1322 ἑγά
881 1229 949 1328 εἰμι
975 1222 996 1300 ὁ
1020 1220 1140 1301 πάντα
1159 1219 1306 1325 ἰσχύων,
1326 1217 1487 1318 δηλονότ

425 1347 454 1421 εὶ
477 1340 549 1444 γὰρ
571 1345 764 1446 στρουθίον
783 1343 820 1423 ἓν
839 1347 933 1425 ἀθεεὶ
957 1341 1049 1447 πρὸς
1073 1342 1209 1446 παγίδα
1231 1351 1295 1423 τοῦ
1322 1342 1487 1444 θηρεύονι

424 1466 645 1566 εὶσβήσεται,
664 1473 742 1551 πῶς
761 1468 796 1544 δ’
818 1464 863 1548 οὶν
882 1465 952 1567 όλη
971 1467 1083 1572 χώρα,
1103 1469 1208 1574 φησὶ,
1227 1469 1285 1546 καὶ
1304 1467 1407 1550 ἔθνος
1426 1463 1470 1544 τὸ

424 1589 543 1687 με’νον,
578 1589 671 1691 πρὸς
707 1589 860 1693 ὄλεθρον
895 1591 1007 1674 οὕτως
1045 1595 1218 1686 βαδιεῖται
1253 1593 1428 1688 παντελῆ,
1461 1623 1487 1686 μ

424 1712 567 1796 πάντως
600 1721 708 1792 τοῦτο
740 1713 909 1816 γενέσθαι
942 1712 1229 1796 κατανεύσαντος
1260 1719 1324 1793 τοῦ
1355 1713 1487 1792 πάντω,

390 1843 571 1921 ἆτοῦντος
589 1843 685 1918 Θεοῦ
697 1870 709 1935 3
740 1837 850 1918 κακὸν
868 1839 931 1917 οῦν
949 1838 1019 1942 ἄρα
1044 1841 1102 1918 καὶ
1126 1837 1315 1919 πάνδεινον
1337 1837 1359 1936 ἡ
1387 1841 1486 1916 Θεοῦ

425 1959 604 2067 φρόνησις
640 1967 689 2046 εὶς
725 1961 836 2062 πέρας
873 1961 1017 2064 ἀγουσα
1050 1968 1124 2042 τῶν
1161 1961 1357 2042 ἀπεόκτων.
1417 1958 1473 2039 διὸ

257 2071 332 2122 Rom.
345 2071 373 2122 ii.

257 2155 281 2201 4,
296 2149 319 2200 5·

426 2084 576 2168 Παῦλός
605 2120 704 2166 τισιν
733 2084 941 2184 ἐπιπλήττει
972 2085 1092 2187 λε’γων
1120 2088 1168 2170 ὡς
1199 2088 1280 2188 περὶ
1312 2090 1408 2164 Θεοῦ
1437 2080 1485 2131 “'*

426 2217 448 2254 “
465 2208 627 2290 πλούτου
653 2214 717 2309 τῆς
742 2206 989 2314 χρηστότητος
1014 2211 1122 2288 αὐτοῦ
1144 2211 1203 2288 καὶ
1227 2213 1291 2308 τῆς
1318 2211 1451 2312 ἀνοχῆς
1476 2242 1487 2286 ι

426 2343 447 2380 “
467 2335 709 2436 μακροθυμίας
738 2335 847 2413 αὐτοῦ
875 2338 1119 2439 καταφρονεῖς,
1143 2335 1284 2434 ἀγνοῶν
1310 2331 1363 2412 ὅτι
1391 2329 1433 2410 τὸ
1461 2367 1487 2434 χ

427 2465 448 2504 “
467 2465 530 2536 τοῦ
551 2463 645 2536 Θεοῦ
668 2462 716 2540 είς
741 2455 932 2556 μετάνοιάν
949 2491 994 2537 σε
1018 2457 1108 2558 ἄγει,
1128 2455 1219 2536 κατά
1245 2454 1283 2535 δὲ
1307 2454 1373 2555 τὴν
1390 2464 1487 2552 σκλη

427 2590 448 2628 “
467 2582 537 2660 σου
562 2583 621 2660 καὶ
646 2579 887 2681 ἀμετανόητον
913 2582 1074 2684 καρδίαν,
1092 2577 1316 2684 θησαυρίζεις
1343 2583 1483 2684 σεαυτῷ

426 2713 448 2752 “
467 2706 504 2783 ἐν
522 2703 635 2810 ἡμέρα
653 2705 797 2808 ὀργῆς.”

841 2932 980 2980 maz
1010 2933 1060 2980 πο
1090 2932 1209 2980 mo,

397 3019 415 3063 e

486 3089 659 3196 Μακροῦς
696 3090 875 3172 διετέλεσε
910 3089 1061 3197 χρόνους
1097 3099 1171 3178 τοῖς
1201 3089 1382 3175 Ἰουδαίοις
1412 3123 1484 3169 συνι

382 3253 387 3258 ’
427 3252 534 3317 μενος
554 3219 574 3297 ὁ
594 3216 765 3320 Χριστὸς,
786 3219 843 3295 καὶ
870 3215 960 3295 κατά
983 3223 1119 3313 πᾶσαν,
1138 3219 1187 3301 ὡς
1208 3215 1292 3299 ἕπος
1314 3220 1429 3311 εἰπεῖν,
1447 3249 1484 3293 σι

427 3340 498 3442 γὴν
515 3347 752 3443 προσλαλῶν,
772 3343 831 3420 καὶ
855 3343 893 3420 ἐν
915 3343 1023 3420 παντὶ
1048 3341 1230 3448 σαββάτῳ
1255 3344 1483 3442 προσδιολεγι

428 3467 487 3543 καὶ
513 3465 663 3563 μάθημα
691 3462 871 3546 πολλάκις
898 3465 1017 3549 αὐτοῖς
1045 3464 1213 3572 ἀφθόνως
1241 3468 1408 3566 παραθεὶς
1436 3462 1476 3542 τὸ

428 3596 569 3682 τελοῦν,
598 3585 717 3666 ἐκάλει
745 3593 890 3690 σνχνῶς
916 3585 1008 3690 πρός
1035 3586 1100 3668 τόν
1127 3587 1185 3667 διὰ
1215 3595 1279 3667 τοῦ
1308 3586 1483 3683 Πνεῦματο

428 3710 573 3810 τισμόυ·
619 3716 678 3791 καὶ
711 3707 755 3810 δὴ
791 3715 849 3790 καὶ
880 3711 1050 3818 ἔφασκεν,
1079 3707 1141 3792 ἅτε
1171 3709 1216 3812 δὴ
1245 3719 1304 3792 καὶ
1332 3711 1421 3795 Θεὸς
1448 3714 1482 3790 ῦπ

260 3861 374 3918 518Δ.
397 3835 520 3916 οκατά
538 3836 652 3942 φύσιν
671 3839 728 3916 καὶ
747 3835 917 3936 ἀληθινός
936 3845 958 3883 “
972 3836 1071 3938 Ἐγώ
1097 3841 1167 3935 εὶμι
1191 3833 1234 3915 τό
1259 3843 1338 3942 φῶς
1360 3844 1420 3915 τοῦ
1441 3834 1482 3914 κό

260 3937 343 4002 Supra
440 3961 449 3986 ι
506 3959 516 3987 ι
726 3957 736 3988 ι
818 3967 835 3984 0
952 3959 963 3990 ι
1207 3969 1224 3985 ,.

259 4016 361 4052 vem.
428 3993 671 4062 αντεπραττον
698 3964 736 4040 δε
768 3993 881 4039 ταυτα
913 3969 1056 4062 λεγοντι
1086 3965 1303 4065 φρονουντες
1334 3969 1481 4060 παρολογ

261 4103 350 4166 Ib·1³·
428 4094 451 4130 ‘⁴
471 4082 524 4162 Σῦ
548 4081 630 4188 γάρ,
651 4086 758 4191 φησὶ,
778 4085 860 4183 περὶ
887 4090 1042 4161 σεαυτοῦ
1067 4088 1268 4185 μαρτυρεῖς·
1302 4083 1324 4180 ἦ
1350 4116 1481 4184 μορτυρι

429 4217 452 4255 “
469 4208 533 4287 οῦκ
560 4207 661 4287 ἔστιν
682 4204 854 4305 ἀληθής.”
895 4209 953 4286 καὶ
981 4207 1022 4284 οῦ
1049 4206 1154 4310 με’χρι
1179 4213 1251 4285 τῶν
1278 4209 1316 4285 ἐν
1339 4205 1480 4310 ῥήμασιν

464 4425 490 4478 3.
508 4410 594 4466 αὐτοῖς
608 4411 647 4465 Mi
686 4427 710 4465 e.
778 4409 958 4480 τεκνοφαγίας
971 4409 1004 4464 Β.
1017 4409 1169 4464 emendavit
1183 4409 1272 4463 Holst.
1402 4409 1425 4462 δ.
1443 4411 1480 4462 κλι

430 4473 562 4547 [κλέοντες
574 4428 701 4603 Codfa.
713 4480 855 4546 βλέποντες
869 4481 917 4535 Ht.
932 4479 984 4534 Ed.
1069 4479 1095 4534 8.
1114 4479 1184 4534 ἀθεεὶ
1199 4479 1231 4534 Β.
1243 4479 1309 4536 ὧθέν
1323 4477 1368 4535 Ht.
1378 4477 1423 4536 Ed.

429 4545 490 4616 ρος]
507 4555 535 4611 †
552 4552 618 4603 Θεοῦ
657 4591 664 4604 .
774 4568 815 4618 14.
834 4552 867 4608 ὥς
878 4551 937 4621 περὶ
951 4553 1019 4604 θεοῦ
1031 4567 1085 4606 om.
1098 4551 1169 4605 Aub.
