3238 5114
101 333 707 452 xvii.9-11.1NS.'J0ANNEM.
752 367 927 435 mm.
973 367 1188 436 οΑΡνΠι.
1240 368 1305 432 ους

103 531 169 609 καὶ
185 530 412 634 εὐλογοῦντες
431 531 567 634 αὐτοῦς,
587 532 645 614 καὶ
663 533 728 619 τῦις
746 533 836 615 κατὰ
857 532 966 634 νόμον
984 535 1123 632 θυσίας,
1140 535 1198 614 καὶ
1215 530 1307 634 πρὸς

102 653 248 737 τούτοις
272 655 323 735 ἔτι
348 657 580 764 δορυφορίας,
600 657 692 738 κατὰ
709 657 775 758 τὴν
792 664 865 738 τῶν
883 657 1165 761 διατεταγμένων
1182 689 1304 760 προσ·

103 773 258 877 α’γοντες
282 777 397 887 τάξιν,
415 780 502 862 ποτὲ
526 781 592 880 μὲν
618 781 705 885 ὑπὲρ
731 783 923 885 ἁμαρτιιῦν,
938 781 1026 862 ποτὲ
1054 780 1092 861 δὲ
1119 784 1178 862 καὶ
1205 813 1307 884 χαρι-

104 901 242 1004 στήρια
269 901 316 984 τὰ
341 906 397 1012 ἐφ’
424 904 476 990 οἷς
504 905 542 985 εῦ
569 904 745 990 παθόντες
766 904 903 1012 ᾔδεσαν
927 905 1028 1010 παρὰ
1050 911 1157 987 Θεοῦ.
1198 907 1218 984 ὁ
1247 937 1308 1004 γε-

58 1063 88 1124 5
105 1022 181 1124 μὴν
200 1024 288 1128 ὑπὲρ
311 1027 444 1114 τιῦτονς
468 1033 526 1110 καὶ
550 1029 723 1135 σχήματα
748 1029 885 1130 νομικῦιΙ
899 1029 1069 1137 πεφηνῦις
1086 1032 1124 1110 ἐν
1142 1028 1307 1132 ἐσχάτοις

106 1155 243 1252 καιροῖς
274 1152 454 1256 άρχιέρεύς
480 1189 518 1233 τε
546 1150 621 1254 ἅμα
650 1157 708 1235 καὶ
735 1155 886 1254 μεσίτης
913 1153 1086 1257 Χριστὸς,
1115 1156 1216 1262 ἐρωτᾷ
1243 1148 1307 1248 μίν

106 1271 198 1375 ὑπὲρ
225 1274 327 1373 ἡμῶν
352 1279 401 1360 ὡς
428 1277 627 1380 ἅνθρωπος,
651 1285 967 1384 συμφιλοτιμεῖται
996 1277 1033 1357 δὲ
1061 1281 1109 1361 ὡς
1134 1273 1227 1358 Θεὸς
1254 1279 1336 1380 τῷο

106 1401 193 1505 Θεῷ
220 1401 278 1478 καὶ
302 1403 431 1502 Πατρὶ,
451 1402 649 1500 διανέμοντι
673 1409 747 1486 τοῖς
772 1403 885 1508 ἀξίοις
911 1401 957 1482 τῦι
982 1399 1113 1505 ἀγαθά.
1148 1397 1302 1504 ἐμφανέ-

100 1553 229 1600 στατα
257 1519 296 1601 δέ
322 1533 428 1604 τοῦτο
454 1525 661 1633 παρέδειξεν
687 1527 771 1625 ἡμῖν
799 1527 820 1605 ὁ
850 1531 999 1610 Παῦλος
1027 1524 1133 1604 εἰπών
1155 1533 1176 1570 “
1192 1521 1307 1626 Χάρις
1351 1529 1433 1644 5²2?ss

39 1676 92 1714 10
107 1651 132 1689 “
152 1644 234 1742 ὑμῖν
252 1649 310 1726 καὶ
329 1645 448 1750 εἰρήνη
467 1648 539 1728 ἀπὸ
558 1655 654 1730 Θεοῦ
674 1647 819 1752 Πατρῦς
838 1649 1015 1748 ἡμῶνκαὶ
1036 1649 1171 1750 Κυρίου
1183 1649 1307 1744 Ἰησοῦ

108 1775 132 1813 “
151 1772 350 1871 Χριστοῦ.”
396 1773 416 1850 ίι
450 1774 569 1853 τοίνυν
599 1776 748 1876 ἐρωτῶν,
774 1776 826 1864 ὡς
858 1772 1054 1876 ἅνθρωπος,
1085 1768 1307 1866 συνδιανέμει

106 1887 222 1970 πάλιν
248 1895 295 1977 ὡς
325 1893 428 1978 Θεός.
465 1895 565 1981 ὅσιος
594 1896 666 1999 γὰρ
694 1893 864 2001 ὑπάρχων
885 1893 1073 2002 ἀρχιερεὺς,
1095 1893 1242 1992 άμωμός
1269 1925 1307 1970 τε

108 2015 169 2093 καὶ
187 2015 327 2116 άκακος,
346 2021 413 2124 οὐχ
432 2019 520 2125 ὑπὲρ
538 2021 723 2105 ἀσθενείας
747 2025 811 2120 τῆς
833 2021 970 2116 ἑαυτοῦ,
989 2017 1148 2120 καθάπερ
1166 2014 1210 2116 ἦν
1228 2016 1307 2100 ἔθος

108 2145 184 2223 τοῖς
215 2145 379 2244 ἱερᾶσθαι
412 2153 570 2250 λαχοῦσι
601 2143 693 2226 κατὰ
723 2143 788 2224 τὸν
819 2143 938 2242 νόμον,
971 2149 1117 2242 μᾶλλον
1150 2139 1187 2220 δὲ
1221 2140 1307 2241 ῦπέρ

49 2289 94 2346 15
109 2265 293 2368 σωτηρίας
325 2273 398 2346 τῶν
430 2268 608 2372 ἡμετέρων
640 2274 772 2376 ψυχῶν
802 2265 928 2348 ἑαυτὸν
956 2263 1220 2370 προσενεγκὼν,
1249 2266 1337 2343 καὶο
1359 2287 1475 2346 om.

109 2395 217 2468 τοῦτο
235 2389 398 2499 εἰσάπαξ
420 2392 478 2473 διὰ
499 2392 566 2493 τὴν
583 2394 685 2493 ἡμῶν
704 2377 892 2495 ἁμαρτίαν,
911 2389 1142 2494 παράκλητος
1161 2389 1308 2490 γέγονεν

110 2510 200 2614 ῦπέρ
227 2514 338 2612 ἡμῶν,
358 2525 380 2564 “
394 2517 452 2596 καί
483 2515 588 2601 αὐτὸς
618 2514 776 2615 ἱλασμός
805 2518 885 2596 ἐστι
914 2517 995 2617 περὶ
1025 2520 1097 2594 τῶν
1126 2514 1308 2614 ἁμαρτιῶν
1353 2526 1475 2642 {is-²5⁰⁸&

111 2645 134 2684 ‘⁶
152 2636 370 2736 ἡμῶνζκατιλ
387 2639 454 2740 τὴν
471 2639 640 2720 Ἰωάννου
658 2635 866 2748 φωνήν·“οῦ
884 2643 965 2742 περὶ
982 2646 1055 2718 τῶν
1073 2636 1252 2740 ἡμετέρων
1271 2633 1308 2716 δὲ
1373 2630 1379 2643 ’
1410 2628 1415 2641 ’

112 2769 133 2807 “
151 2759 272 2860 μόνον,
291 2763 466 2843 ἀλλὰκαὶ
484 2766 564 2866 περὶ
584 2762 672 2844 ὅλου
690 2771 753 2843 τοῦ
771 2763 945 2864 κόσμου.”

54 2903 98 2944 ²0
167 2886 276 2965 Ἀλλ’
296 2885 386 2972 ’ίσως
405 2889 478 2990 ε’ρεῖ
493 2886 536 2988 δὴ
562 2888 706 2971 πάντως
731 2893 805 2972 τοῖς
830 2889 913 2990 παρ’
933 2887 1035 2987 ἡμῶν
1053 2921 1106 2970 τις
1125 2885 1309 2968 ἀντιτιθεὶς

70 3043 75 3048 ·
112 3007 237 3112 λόγοις
273 3012 331 3090 Οῦ
360 3011 432 3114 γὰρ
469 3013 634 3094 ἐναντίως
669 3013 751 3118 ἕξει,
784 3017 893 3108 βοῶν,
926 3018 1003 3094 ταῖς
1038 3017 1103 3089 τοῦ
1141 3012 1309 3109 Σωτῆρος

113 3138 250 3238 φωναῖς
274 3133 316 3213 τὸ
341 3137 399 3215 διὰ
422 3144 487 3216 τοῦ
508 3142 671 3237 μαθητοῦ
689 3134 933 3235 λελεγμένον;
963 3137 982 3215 ὁ
1001 3131 1155 3235 μὲνγὰρ
1176 3131 1308 3234 Κύριος

112 3257 213 3356 ἡμῶν
231 3255 374 3358 Ἰησοῦς
403 3261 423 3339 ὁ
450 3259 624 3364 Χριστὸς,
647 3257 838 3364 διαρῤήδην
865 3262 903 3340 ἐν
930 3259 1068 3341 τούτοις
1095 3253 1309 3355 άπαυδήσας

114 3383 278 3486 φαίνεται
296 3383 338 3463 τὸ
357 3383 445 3484 ῦπέρ
462 3384 597 3469 παντὸς
614 3393 679 3464 τοῦ
702 3381 842 3486 κόσμου
868 3387 997 3489 χρῆναι
1021 3385 1255 3483 παρακαλεῖν·
1288 3379 1344 3457 bb

62 3527 101 3588 ²5
115 3505 157 3584 δέ
179 3539 221 3608 γε
250 3506 370 3615 σοφὸς
390 3507 568 3610 Ἰωάννης,
591 3512 697 3615 φησὶ,
719 3506 817 3589 πολῦ
845 3507 888 3607 δὴ
916 3506 1054 3591 τούτοις
1082 3505 1124 3584 τὸ
1152 3503 1310 3584 ἐναντίον

115 3628 328 3736 ἐφθέγξατο.
369 3633 410 3712 οῦ
430 3632 501 3735 γὰρ
526 3637 606 3735 περί
634 3633 754 3732 μόνων
773 3632 923 3712 ἔσεσθαι
941 3627 1176 3732 παράκλητόν
1194 3663 1231 3706 τε
1251 3629 1309 3706 καὶ

116 3751 276 3848 ίλασμῦν
293 3761 367 3835 τῶν
385 3756 564 3861 ἡμετέρων
582 3759 764 3860 ἁμαρτιῶν
782 3755 845 3836 τὸν
865 3759 1017 3858 Σωτῆρα
1042 3752 1307 3857 διισχυρίζεται,

115 3876 199 3956 ἀλλ’
220 3879 288 3979 ἤδη
305 3883 363 3959 καὶ
382 3885 463 3983 περὶ
486 3881 622 3966 παντὸς
648 3890 712 3961 τοῦ
737 3879 889 3980 κόσμου.
930 3883 984 3963 τίς
1003 3880 1066 3958 οῦν
1084 3877 1155 3980 ἄρα
1172 3875 1311 3957 τούτοις

115 4000 240 4105 ἕψεται
258 4001 377 4102 λύσις,
395 4001 418 4103 ἢ
437 4011 513 4089 πῶς
530 4003 574 4112 ἂν
594 4006 758 4108 φαίνοιτο
777 4012 853 4088 ταῖς
878 4010 941 4082 τοῦ
961 4000 1155 4081 Δεσπότου
1173 4005 1309 4104 φωναῖς

64 4126 477 4230 3οσομπαρομαρτήσας
504 4131 524 4208 ὁ
554 4127 729 4229 μαθητὴς,
759 4127 1013 4228 ἀταλαίπωρον
1040 4129 1159 4204 εἰπεῖν·
1194 4124 1215 4200 ὁ
1244 4120 1310 4219 μίν

116 4248 185 4356 γὰρ
202 4249 373 4356 μακάριος
385 4251 566 4354 Ἰωάννης,
581 4253 721 4357 ε’πείπερ
739 4251 962 4352 ἦνἸουδαῖος
982 4253 1040 4330 καὶ
1059 4249 1103 4356 ἐξ
1117 4247 1309 4342 Ἰουδαίων,

151 4503 176 4542 2.
194 4485 232 4541 ἔτι
244 4496 415 4559 assumptum
428 4505 461 4543 ex
475 4487 507 4542 E.
649 4489 674 4542 8.
693 4488 725 4542 τὰ
736 4486 820 4559 ἀγαθὰ
832 4489 886 4544 τοῖς
898 4485 980 4558 ἀξίοις
993 4485 1063 4542 Οοιι.
1209 4501 1250 4540 10.
1270 4485 1312 4540 ml

118 4557 202 4628 κυρίου
215 4557 285 4628 ἡμῶν
296 4557 403 4615 inverso
415 4555 507 4614 ordine
519 4575 543 4614 a.
557 4559 640 4620 invito
653 4557 734 4614 cord.

157 4659 229 4706 von.
245 4660 284 4706 11.
700 4661 721 4722 4
736 4661 754 4704 τ
