3248 5112
538 1065 779 1142 ΚΕΦΑΛΗ
822 1067 867 1144 Α.

99 1325 172 1391 Ὀτι
195 1324 258 1390 κατ’
280 1326 366 1392 οῦδὲν
388 1327 521 1394 ἒλιίττων
543 1329 627 1395 ἐστὶν
649 1333 665 1396 δ
687 1331 760 1400 ’Υἱὸς
780 1338 832 1398 τοῦ
855 1336 937 1398 Θεοῦ
960 1331 1008 1396 καὶ
1031 1329 1159 1414 Πατρδς,
1182 1333 1246 1399 ἴσος
1269 1317 1301 1394 δὲ

389 1453 508 1528 μᾶλλον
530 1451 578 1516 καὶ
599 1453 699 1532 ὅμοιος
721 1455 794 1517 κατὰ
816 1455 909 1536 φύσιν
930 1453 1017 1542 αὐτῷ.

125 1693 160 1762 Εἰ
188 1697 334 1772 ιῖταπᾱτέ
360 1720 410 1778 με,
436 1697 575 1786 ἐχάριιτε
602 1697 642 1762 ἂν
669 1701 719 1764 ὅτι
745 1701 926 1789 πορεύομαι
953 1699 1035 1789 πρὸς
1061 1699 1117 1767 τὸν
1144 1699 1285 1793 Πατέρα,

73 1819 91 1879 5
365 1825 415 1889 ὅτι
442 1824 461 1890 ὁ
486 1824 599 1916 Πατιίρ
626 1847 687 1902 μου
714 1824 829 1914 μείζων
856 1848 917 1904 μου
944 1825 1043 1897 ἐστίν.

155 2022 616 2104 ἈΝΤΙΠΕΡΙΤΡΕΠΕΙ
630 2028 695 2125 τῆς
714 2024 831 2124 λύπης
849 2025 914 2125 τὴν
931 2024 1101 2131 ἀφορμὴν
1119 2031 1168 2110 είς
1189 2031 1335 2126 θυμη-Ιι

107 2148 184 2233 δίας
217 2147 399 2247 ῦιτόθεσιν,
432 2151 490 2228 καὶ
526 2146 582 2228 ὅτι
617 2145 668 2248 μὴ
704 2151 870 2253 χαίρουσι
906 2156 1051 2248 μᾶλλον
1083 2151 1138 2254 ἐφ’
1173 2145 1201 2256 ᾧ
1238 2157 1302 2228 νῦν

106 2271 355 2378 ἀοχάλλουσι,
392 2278 611 2353 καταιτιᾶται
647 2279 791 2378 σαφῶς·
837 2276 875 2354 έν
911 2275 1029 2382 ταῦτηῦ
1066 2273 1105 2352 δὲ
1140 2280 1303 2376 πειρᾶται

107 2395 298 2494 διδάσκειν,
336 2395 391 2476 ὅτι
427 2395 510 2480 τοῦς
547 2395 796 2497 ἀκαπήλευτόν
828 2432 866 2479 τε
904 2401 963 2478 καὶ
999 2400 1120 2499 ἀληθῆ
1156 2395 1223 2498 τὴν
1255 2403 1304 2482 είς

55 2552 94 2592 ιο
107 2521 243 2623 ἑτέρους
281 2519 425 2625 ἀγάπην
462 2522 729 2621 ἐπιτηδεύοντας
767 2521 880 2624 ζητεῖν
916 2525 1109 2626 ἀναγκαῖον
1142 2524 1222 2628 οὐχὶ
1260 2521 1304 2620 δὴ

106 2644 250 2728 πάντως
281 2643 392 2745 μόνον
420 2644 462 2725 τὸ
491 2645 627 2752 σφίσιν
654 2648 771 2732 αὐτοῖς
800 2646 867 2748 ἡδιί
896 2681 935 2727 τε
965 2650 1023 2726 καὶ
1054 2647 1176 2754 φίλον,
1205 2645 1305 2726 ἀλλά

107 2774 165 2848 καὶ
199 2775 273 2854 ταῖς
310 2769 555 2871 ἀγαπωμέυοις
588 2766 785 2868 λυσιτελὲς,
817 2779 940 2875 καιροῦ
977 2774 1034 2851 καὶ
1072 2779 1178 2852 τοῦτο
1215 2775 1305 2876 δρᾶν

107 2895 370 2978 ἀναπείθοντος.
410 2891 469 2973 διὰ
496 2903 601 2974 τοῦτο
629 2897 687 2974 καὶ
715 2897 735 2974 ὁ
762 2901 910 2979 Παῦλος
937 2895 1165 2976 ἐπιστέλλων
1187 2897 1304 3002 φησίν

108 3027 130 3064 “
147 3017 198 3096 ‘H
219 3015 342 3118 ἀγάπη
367 3017 410 3097 οῦ
433 3017 694 3120 περπερεύεται,
712 3020 754 3098 οῦ
779 3027 983 3123 φυσιοῦται,
1000 3019 1064 3098 οῦκ
1089 3021 1299 3124 ἀσχημονεῖ,
1346 3013 1435 3144 2:⁰2⁰ss
1445 3092 1468 3144 5·

57 3165 95 3227 15
109 3149 130 3187 “
149 3142 190 3220 οῦ
217 3139 314 3242 ζητεῖ
336 3139 383 3220 τά
410 3141 569 3240 εἀιπῆς·”
599 3140 695 3244 λέγει
719 3141 759 3221 δὲ
782 3141 872 3243 πρός
896 3176 994 3226 τινας
1017 3140 1068 3242 μὴ
1094 3139 1140 3222 τὰ
1167 3143 1332 3236 ἑαυτῶνο
1347 3186 1471 3254 Ib·¹·²4·

108 3264 302 3368 ζητοῦντες,
336 3261 437 3343 ἀλλά
467 3268 527 3344 καὶ
558 3263 604 3346 τά
636 3263 775 3370 ἑτέρων.
823 3265 966 3367 ἀγάπης
997 3263 1069 3369 γάρ
1101 3265 1208 3369 ἔργον
1238 3268 1302 3365 τῆς

109 3392 286 3490 ἀκριβοῦς,
306 3391 386 3495 οὐχὶ
411 3387 526 3488 δι’γπου
548 3387 692 3474 πάντως
719 3387 761 3470 τὸ
788 3385 899 3489 μόνον
923 3391 1015 3488 ἡμᾶς
1043 3396 1208 3494 προνοεῖν
1231 3395 1304 3469 τῶν

109 3515 206 3594 ἰδίων
236 3517 392 3616 ἀγαθῶν,
423 3512 524 3593 ἀλλά
559 3516 617 3593 καὶ
649 3521 700 3621 τῷ
730 3515 892 3615 πλησίον
920 3518 1224 3618 περισκεπτεσθαι
1261 3513 1304 3597 τὸ

110 3637 300 3740 χρήσιμον·
337 3645 443 3718 τοῦτο
465 3635 537 3742 γάρ
559 3643 704 3745 φρονεῖν
723 3639 903 3720 ἀναπείθει
927 3638 1009 3724 τοῦς
1032 3640 1158 3720 ἑαυτοῦ
1183 3647 1300 3741 μαθη-

58 3761 173 3845 ιοτάς
198 3760 256 3841 διά
279 3768 351 3842 τῶν
368 3762 648 3867 προκειμένωνό
673 3762 813 3866 Σωτήρ.
854 3768 912 3844 καί
938 3763 1023 3871 φέρε
1047 3763 1091 3863 δὴ
1114 3764 1228 3846 πάλιν
1246 3765 1302 3871 ἐφ’

110 3885 192 3984 ἡμῖν
213 3886 331 3971 αὐτοῖς
358 3885 518 3990 καθάπερ
545 3887 602 3968 ἐπὶ
629 3889 760 3986 πίνακι,
779 3891 1004 3992 λεπτοτέροις
1029 3891 1214 3994 γραφείοις
1237 3885 1304 3986 τὴν

109 4019 173 4091 τοῦ
210 4011 436 4114 θεωρήματος
472 4013 731 4098 ἀνατυποῦντες
769 4015 927 4114 δύναμιν,
961 4013 1210 4111 ἀναβαίνωμεν
1243 4015 1301 4092 ε’ν-

110 4141 230 4214 τεῦθεν
252 4137 309 4216 ἐπὶ
337 4133 379 4216 τὸ
404 4142 570 4240 Χριστοῦ
596 4136 804 4242 μυστήριον.
841 4137 1009 4244 προξενεῖ
1029 4134 1102 4240 γάρ
1123 4135 1303 4220 πολλάκις

110 4261 130 4338 ὁ
157 4261 194 4339 ἐν
218 4267 293 4346 τοῖς
320 4259 491 4342 ἐλάττοσι
518 4262 628 4347 τῦπος
655 4261 698 4344 τὸ
725 4263 912 4370 ἐφικέσθαι
940 4261 1117 4343 δύνασθαι
1145 4262 1203 4341 καὶ
1228 4266 1336 4362 τῶνη

59 4409 96 4468 ²5
110 4385 333 4488 ἀσυγκρίτως
369 4385 461 4492 ἔχειν
496 4387 797 4486 πεπιστευμένων.
848 4387 975 4467 οῦκοῦν
1010 4385 1075 4486 ἡδῦ
1110 4383 1186 4488 μέν,
1218 4385 1303 4494 φέρε

253 4607 303 4664 1-3
315 4609 369 4648 om.
383 4591 415 4648 E.
584 4593 609 4646 8.
629 4595 721 4665 σοφῶς
734 4591 803 4649 cm.
976 4607 1016 4664 ¹7·
1034 4593 1117 4660 μόνον
1130 4591 1162 4646 E.

151 4693 222 4740 νου.
240 4695 276 4742 11.
682 4697 701 4764 3
718 4697 738 4742 ιι
