3184 5104
414 331 478 396 140
715 329 755 396 B.
779 329 999 396 CYRILLIJ
1020 329 1311 396 ALEXANDR.
1478 328 1483 390 i

411 504 435 542 “
453 492 603 578 ε’κάλεσε
631 502 683 606 τῷ
709 496 857 597 ὀνόματι
888 498 1035 601 Κυρίου.
1088 501 1148 578 καὶ
1178 501 1344 600 παρῆλθε
1375 493 1483 597 Κύριε

413 628 435 666 “
452 621 654 724 προσώπου
681 626 801 722 αὐτοῦ,
826 625 883 704 καὶ
911 623 1062 704 ε’κάλεσε
1089 621 1223 726 Κύριος
1250 623 1272 700 ὁ
1300 618 1393 702 Θεὸς
1420 625 1483 698 οἰκι

413 751 438 792 “
454 747 513 826 καὶ
537 744 709 846 ἐλεήμων,
727 745 958 850 μακρόθυμος
979 749 1037 828 καὶ
1059 745 1255 830 πολυέλεος
1273 746 1333 826 καὶ
1351 746 1483 844 ἀληθινι

382 876 436 950 ε“
453 869 683 970 δικαιοσύιην
723 873 909 974 διατηρῶν,
948 873 1006 952 καὶ
1046 877 1160 952 ποιῶν
1195 869 1296 956 ἐ’λεος
1337 875 1387 953 εἰς
1426 877 1483 972 χιλ

413 1002 436 1040 “
453 995 619 1098 ἀφαιρῶν
636 993 785 1094 ἀνομίας
801 995 860 1074 καὶ
878 995 1014 1078 ἀδικίας
1031 997 1090 1076 καὶ
1108 995 1292 1099 ἁμαρτίας,
1312 997 1370 1072 καὶ
1388 994 1429 1071 οὐ
1451 1026 1483 1071 κι

411 1125 434 1166 “
452 1114 517 1198 τὸν
537 1118 673 1224 ἔνοχον,
691 1115 836 1220 ε’πάγων
861 1117 1035 1222 ἁμαρτίας
1062 1118 1226 1224 πατέρων
1250 1120 1306 1198 ε’πὶ
1334 1116 1439 1196 τέκνα
1466 1150 1483 1194 κ

412 1251 434 1290 “
450 1239 558 1322 τέκνα
581 1242 713 1324 τέκνων
731 1244 788 1324 ε’πὶ
812 1243 934 1346 τρίτην
952 1245 1011 1324 καὶ
1035 1240 1207 1347 τετάρτην
1225 1238 1384 1345 γενεάν.”
1427 1242 1483 1318 ἀλ

411 1361 456 1465 δὴ
475 1372 617 1474 σαφῶς·
646 1369 714 1470 ε’ρῶ
733 1364 805 1470 γάρ
824 1367 926 1452 αὖθις
944 1365 1141 1464 ἀναλαβὼν
1158 1363 1200 1448 τά
1218 1369 1256 1448 ε’ν
1273 1369 1368 1471 ἀρχῇ
1386 1363 1483 1468 ζητοι

411 1494 590 1593 θεοπρεπῆ
618 1489 684 1591 τὴν
711 1489 913 1594 ἡμερότητα
940 1494 1000 1572 καὶ
1027 1489 1246 1596 ἀσθγκριτόν
1273 1525 1353 1570 τινα
1379 1486 1483 1594 τὴνς

411 1614 573 1718 θρωπίαν
599 1615 691 1719 ἔχειν
717 1613 845 1696 ἑαυτὸν
871 1613 1123 1721 διισχυρίζεται
1152 1612 1257 1700 Θεάς.
1308 1614 1418 1694 αὐτοῦ
1448 1646 1483 1714 γι

410 1738 478 1842 οὐχ
505 1737 625 1842 ἑτέρου
651 1738 748 1824 τινὸς
775 1738 840 1820 τὸν
867 1739 982 1842 λόγον
1009 1737 1101 1820 εἶναί
1126 1744 1256 1847 φαμεν,
1283 1740 1342 1818 καὶ
1374 1739 1416 1817 οὐ
1448 1772 1483 1816 κο

241 1877 356 1935 891Δ.
380 1859 548 1942 νοίονταί
579 1897 671 1948 τινες
707 1869 773 1943 τοῦ
804 1862 1001 1970 πανσόφον
1035 1863 1223 1947 Μωυσέως
1258 1860 1323 1946 τάς
1356 1894 1483 1968 χαριστ

410 1985 682 2087 ἀναπέμποντος
712 1985 801 2092 ιἀτέρ
831 1997 896 2069 τοῦ
927 1994 1020 2068 λαοῦ
1051 1984 1270 2093 προσευχάς.
1311 1985 1366 2066 ὅτι
1397 1984 1472 2088 γάρ

410 2113 558 2192 ε’στινὸ
590 2109 736 2192 πάντων
761 2109 955 2212 Δεσπότης
982 2113 1064 2216 περὶ
1091 2112 1217 2192 ἑαυτοῦ
1244 2119 1358 2192 ταῦτα
1385 2107 1482 2212 λέγω

409 2234 528 2339 ἕτερος
559 2237 653 2337 ἡμῖν,
682 2236 767 2317 ἀλλ’
797 2235 904 2321 αὐτὸς
936 2237 957 2316 ὁ
988 2233 1162 2340 μακάριος
1189 2231 1411 2340 μαρτυρήσει
1443 2239 1483 2312 Μ

409 2357 591 2440 διδάσκων
609 2361 647 2440 ἐν
663 2361 800 2470 βιβλίῳ
824 2367 898 2441 τῶν
915 2363 1087 2465 ἀριθμῶν,
1103 2359 1163 2442 ὅτε
1186 2356 1300 2440 πᾶλιν
1319 2357 1483 2461 προσκέκ

409 2481 455 2589 ἐξ
468 2483 617 2586 ἀκαίρου
635 2485 767 2569 δειλίας
786 2485 806 2564 ὁ
824 2482 989 2589 Ἰσραὴλ,
1007 2481 1231 2566 κακυνάντων
1248 2489 1354 2564 τινῶν
1370 2483 1483 2582 τῆςέτ

409 2606 492 2692 λίας
523 2605 589 2707 τὴν
616 2611 696 2710 γῆν,
725 2606 758 2688 οἳ
791 2611 849 2690 καὶ
881 2607 1016 2711 ταύτην
1045 2607 1357 2717 κατασκεψόμενοι
1389 2604 1449 2687 διὰ

410 2728 593 2833 τάγματος
609 2733 744 2834 Κυρίου
761 2729 860 2836 παρά
875 2734 1062 2819 Μωυσέως
1080 2733 1292 2833 ἐπέμποντο.
1321 2736 1355 2812 οἱ
1373 2729 1446 2834 γάρ
1465 2731 1481 2810 ε’

375 2854 450 2934 be’x
475 2857 540 2955 τῆς
565 2861 639 2936 τῶν
663 2854 890 2966 ἀλλοφύλων
914 2855 1160 2960 ἀνεκομίζοντο
1188 2859 1266 2960 γῆς,
1284 2854 1413 2957 ἥκοντό
1441 2888 1480 2935 τε

409 2982 459 3064 ὡς
483 2978 548 3060 τὸν
569 2977 673 3078 λαὸν,
691 2977 840 3086 πικροὺς
863 2978 1028 3086 μένπερὶ
1054 2982 1162 3082 αἶα-ῆς
1187 2979 1357 3088 ἐξέπτυον
1375 2977 1479 3082 λόγοι

408 3103 447 3184 δὲ
483 3100 571 3184 εἶναι
608 3104 728 3208 λέγων
764 3104 894 3209 ἀγρίαν
929 3106 1023 3186 οὕτω
1059 3109 1118 3186 καὶ
1155 3106 1274 3206 ἀπηνῆ
1316 3107 1364 3190 ὡς
1407 3137 1479 3184 κατι

408 3227 585 3310 δύνασθαι
619 3227 703 3315 τοὺς
734 3233 918 3316 οἰκοῦντας
951 3227 1071 3330 αὐτὴν,
1100 3235 1149 3314 εἰς
1180 3225 1364 3329 τοσαύτην
1395 3231 1478 3332 δνσς

294 3453 305 3462 .
407 3351 491 3436 τοὺς
515 3354 760 3457 ἀκροωμένους
784 3351 947 3451 ἐκάλουν,
963 3357 1014 3440 ὡς
1036 3353 1230 3459 διάβροχον
1248 3351 1314 3452 μέν
1332 3350 1426 3458 ἔχειν
1443 3354 1477 3430 δι

408 3474 474 3576 τὴν
500 3476 661 3581 παρειάν,
687 3482 721 3558 οἱ
746 3475 851 3560 πόνοι
878 3476 917 3559 δὲ
944 3478 1013 3580 ἤδη
1041 3481 1100 3559 καὶ
1126 3479 1165 3558 ἐν
1186 3477 1361 3585 Αἰγύπτῳ
1388 3474 1476 3572 βοιίλ

237 3600 327 3734 ξπ·
409 3609 431 3648 “
450 3605 581 3700 Δῶμεν
622 3597 707 3704 γὰρ,
744 3600 919 3708 ἔφασκον,
956 3600 1148 3707 ἀρχηγοὺς,
1189 3603 1248 3682 καὶ
1286 3604 1475 3704 πορευθῶμ

377 3849 518 3928 οέδεῖτο
546 3850 722 3947 Μωυσῆς,
748 3849 806 3929 καὶ
831 3853 894 3949 τῆς
920 3851 1086 3951 δοθείσης
1111 3849 1327 3952 ἐπαγγελίας
1351 3849 1447 3956 αὐτῷ
1471 3917 1474 3950 ,

236 3979 335 4112 ἔξοι-
407 3974 487 4079 ουχὶ
510 3973 570 4053 καὶ
597 3976 645 4055 είς
673 3969 876 4073 ἀνάμνησιν
894 3971 994 4075 ἀγων
1012 3971 1077 4054 τὸν
1095 3971 1191 4054 Θεὸν
1207 3969 1352 4077 πρόεισι
1376 3979 1473 4068 βοῶν

442 4175 467 4216 2.
486 4159 650 4230 ὁοῐκτιρμλν
662 4177 686 4214 α.
699 4158 768 4232 (37.)
886 4177 912 4226 4.
930 4164 1012 4215 ποιῶν
1024 4177 1078 4216 om.
1091 4177 1115 4215 ε.
1130 4157 1216 4286 χνος.)
1338 4175 1380 4231 13·
1398 4158 1448 4230 γὰρ
1460 4175 1472 4214 ο

408 4231 635 4286 1.dom.Aub‚
764 4228 1288 4302 19.aess.fl012t.01emenavitAub.
1408 4245 1471 4286 τοι

404 4243 486 4356 egidi.
516 4323 560 4356 κον
571 4323 600 4356 τε
611 4323 639 4356 τε
654 4301 686 4356 Β.
699 4299 761 4370 ἧκον
772 4303 831 4356 τότε
847 4299 895 4355 Ht.
907 4299 1105 4370 ἥκοντοδίΕά.
1201 4317 1244 4357 22.
1262 4299 1375 4372 λέγειν’
1411 4299 1471 4355 ιάνΙ

403 4371 490 4441 λέγων
527 4381 547 4426 ι.
555 4372 647 4444 ἀγρίαν
658 4369 751 4497 affin
759 4371 818 4444 (aut
827 4369 921 4443 ἔλεγον
934 4381 980 4426 aut
991 4371 1113 4442 λέγοντες
1124 4387 1206 4427 sensu
1217 4371 1351 4444 exigente)
1404 4411 1411 4426 .
1456 4391 1471 4425 κ

405 4441 439 4494 Β.
452 4441 613 4496 κατευθύνειν
625 4443 675 4498 Ht.
732 4483 739 4498 .
847 4457 889 4508 25.
908 4443 934 4495 οἱ
944 4444 1019 4497 πόνοι
1032 4442 1113 4498 habet
1126 4442 1159 4496 B.
1196 4442 1304 4499 “Fort:
1323 4441 1470 4498 σίπολλοὶί

404 4510 464 4565 τοὺς
475 4513 569 4566 πόνους
581 4512 717 4568 audaciter
731 4512 857 4569 emendat
871 4513 974 4584 Migne.
1016 4513 1088 4570 Fon.
1100 4513 1209 4569 ὕιιιῑνοι.
1278 4511 1470 4586 ιιαὶιιιναιγίνιιο

402 4578 571 4654 ε’νσίγίιπτῳ)
587 4581 620 4636 Β.
