3248 5112
92 289 309 376 xiV.16,17.
333 295 388 360 IN
417 294 452 362 S.
476 293 733 361 JOANNEM.
778 293 874 359 LIB.
898 293 958 359 IX.
1003 291 1157 358 CARI.
1244 290 1310 355 467

95 457 372 540 συνεπιδάσειν
390 461 475 561 ἡμῖν
492 459 557 542 τὸν
571 460 808 565 παράκλητον
825 459 906 568 ἔφη·
934 457 977 539 τά
999 459 1170 565 Ἐρωτήσω
1195 453 1310 538 πάλιν

96 579 232 680 ἐπιὼν,
254 585 303 668 ὦς
320 582 520 690 ἅνθρωπος,
541 590 658 670 ἱδικῶς
677 619 716 666 τε
734 585 910 668 ἀνατιθεὶς
929 583 1000 689 ὅλη
1019 586 1064 686 τῇ
1085 579 1164 688 θείᾳ
1187 614 1226 661 τε
1251 580 1310 660 καὶ

98 704 254 815 ἀρ’ῥήτκρ
283 707 394 816 φύσει
420 708 464 790 τὸ
492 711 582 817 αὐτῇ
615 707 780 810 μάλιστα
810 708 960 814 πράτον,
986 710 1034 790 ὡς
1062 708 1100 786 ἐν
1123 704 1311 811 προσώπῳ

100 837 174 909 τοῦ
210 836 307 912 θεοῦ
339 835 398 913 καὶ
433 831 591 938 Πατρός.
642 841 748 915 τοῦτο
780 830 852 938 γὰρ
881 831 962 917 ἔθος
994 832 1101 938 αὐτῷ,
1128 827 1222 909 καθὰ
1253 829 1313 908 καὶ

68 952 295 1040 ὅπολλάκις
321 955 391 1057 ἤδη
417 957 665 1061 προλαβόντες
692 954 891 1062 εἰρήκαμεν.

161 1075 297 1162 Ἀλλον
315 1079 429 1184 γεμὴν
448 1079 673 1191 Παράκλητιν
691 1080 734 1161 τὸ
755 1087 904 1180 Πνεῦμα
922 1084 1029 1159 καλεῖ
1046 1081 1110 1177 τῆς
1133 1084 1198 1156 τοῦ
1216 1081 1313 1156 Θεοῦ

108 1204 173 1282 καὶ
194 1201 340 1308 Πατρδς
359 1206 496 1305 οὐσίας,
513 1207 593 1308 ἤτοι
610 1210 674 1306 τῆς
690 1206 830 1286 ἑαυτοῦ.
864 1201 913 1288 είς
931 1201 1004 1305 γὰρ
1022 1201 1075 1282 ἐπ’
1096 1204 1232 1307 ἀμφοῖν
1249 1202 1313 1298 τῆς

110 1326 242 1412 οὐσίας
268 1329 288 1407 ὃ
313 1328 436 1433 λόγος,
453 1331 517 1411 οῦκ
543 1329 614 1438 ἔξω
638 1333 744 1415 τιθεὶς
768 1325 866 1426 αι’πῦ,
885 1326 949 1408 τὸν
966 1325 1005 1407 δέ
1029 1329 1093 1425 τῆς
1109 1322 1349 1428 ἐτερότητοςδ

111 1448 231 1552 λάγον
249 1453 287 1532 ἐν
303 1451 404 1561 μόντρ
431 1459 592 1536 νοεῖσθαι
619 1451 737 1538 διδοῦς
763 1460 815 1560 τῷ
840 1447 929 1532 εἶναι
954 1452 1013 1531 καὶ
1036 1447 1207 1554 ὑπάρχειν
1230 1451 1314 1528 ἰδιο-

60 1610 101 1651 10
113 1572 311 1662 συστάτως
336 1576 436 1658 οὖτά.
475 1577 518 1657 οῦ
536 1575 609 1682 γὰρ
626 1575 715 1662 Υἱὸς
732 1574 774 1657 τῦ
793 1575 943 1676 Πνεῦμά
959 1577 1070 1672 ἐστιν,
1088 1571 1173 1654 ἀλλ’
1193 1571 1316 1668 ὅντως,

115 1699 214 1784 ῖδίως
239 1733 279 1780 τε
304 1697 346 1781 ὂν
367 1702 427 1781 καὶ
454 1697 618 1808 ῦπάρχον
642 1703 743 1782 τοῦθ’
762 1700 851 1804 ὅπερ
875 1703 975 1781 ἐστὶν
992 1701 1031 1780 ἐν
1047 1698 1170 1780 πίστει
1193 1731 1313 1802 παρα-

117 1821 309 1930 δεξόμεθα·
356 1830 506 1926 Πνεῦμα
537 1824 610 1929 γάρ
642 1827 723 1906 ἐστι
754 1833 818 1904 τοῦ
849 1823 995 1928 Ποτρός
1027 1826 1086 1904 καὶ
1117 1831 1182 1903 τοῦ
1211 1827 1313 1902 Υίοῦ.

119 1946 220 2031 εἰδὼς
239 1946 277 2028 δέ
296 1946 351 2028 ὅτι
373 1951 433 2028 καὶ
458 1947 565 2033 αὐτὸς
588 1943 822 2052 παράκλητάς
844 1948 928 2028 ἐστί
948 1981 988 2028 τε
1012 1944 1104 2028 κατὰ
1128 1944 1315 2046 ἀλήθειαν,

121 2069 181 2148 καὶ
199 2071 328 2157 ἐντοῖς
346 2075 451 2176 ἱεροῖς
469 2068 677 2172 ὠνόμασται
695 2069 895 2174 γράμμασι,
914 2065 1132 2180 παράκλητον
1150 2067 1259 2150 άλλη
1277 2064 1320 2148 τὸ

71 2213 108 2273 15
123 2197 273 2292 Πνεῦμα
290 2201 402 2294 καλεῖ,
416 2197 483 2300 οῦχ
501 2197 551 2280 ὡς
568 2193 689 2298 ἕτερόν
706 2228 741 2274 τι
758 2193 870 2300 τυχὸν
887 2196 1041 2297 ἐνεργεῖν
1058 2195 1096 2273 ἐν
1113 2200 1188 2278 τοῖς
1206 2193 1321 2294 ἁγίοις

122 2313 215 2402 είδὸς
241 2315 264 2420 ἢ
286 2317 375 2421 ὅπερ
392 2317 438 2400 ἂν
456 2321 515 2400 καὶ
532 2316 650 2416 αὐτὸς,
667 2317 710 2398 οῦ
735 2321 793 2398 καὶ
817 2317 897 2398 ἐστι
919 2320 977 2400 καί
995 2317 1138 2421 λέγεται
1156 2321 1316 2416 Πνεῦμα.

124 2437 179 2522 θοι
197 2440 235 2522 δέ
252 2445 311 2524 καὶ
328 2441 434 2528 αι’πδς
452 2441 684 2547 παράκλητος
703 2441 901 2545 ὠνομάσθη
919 2479 957 2524 τε
975 2445 1035 2524 καὶ
1058 2442 1158 2522 ε’ίττιν
1176 2443 1197 2522 ὁ
1215 2441 1317 2541 Υἱὸς,
1333 2467 1351 2513 0

124 2564 345 2671 μαρτυρήσει
363 2565 482 2670 λε’γων
498 2569 519 2648 ὁ
536 2567 706 2668 Ἰωάννης
724 2568 763 2648 ἐν
781 2568 884 2654 ἰδίαις
906 2573 1140 2674 σνγγραφαῖς
1158 2576 1180 2614 “
1194 2571 1322 2646 Tafim
1367 2574 1490 2656 gsaJoan.

1310 2687 1321 2718 x
1366 2657 1392 2692 ιι.
1407 2654 1428 2702 1,
1443 2655 1464 2690 ι.

126 2699 148 2738 “
165 2689 274 2793 λέγω,
299 2691 427 2798 φησὶν,
455 2693 548 2792 ὑμῖν,
575 2689 711 2792 ἵναμὴ
742 2690 980 2797 ἁμορτάνητε.
1021 2694 1080 2772 καὶ
1110 2689 1172 2772 ε’άν
1198 2725 1252 2776 τις
1282 2692 1321 2769 δε

78 2822 148 2883 20“
165 2812 319 2922 άμάρτη,
349 2809 584 2918 παράκλητον
614 2814 742 2920 ἐχομεν
772 2813 864 2920 πρὸς
900 2814 964 2896 τὸν
992 2815 1149 2918 Πατέρο,
1177 2817 1323 2914 Ἰησοῦν

127 2945 149 2983 “
166 2937 331 3041 Χριστὸν
348 2939 494 3038 δίκαιον,
513 2941 572 3020 καὶ
590 2937 697 3024 αὐτὸς
719 2937 878 3038 ἱλασμός
902 2942 982 3020 ἐστι
1005 2941 1088 3043 περὶ
1112 2944 1185 3018 τῶν
1203 2940 1321 3042 ἁμαρ·

128 3070 149 3108 “
167 3067 254 3142 τιοῦν
271 3062 407 3163 ἡμῶν.”
439 3061 548 3145 ι’ίλλιν
572 3065 692 3144 τοίνυν
714 3062 934 3172 παράκλητον
955 3063 999 3144 τὸ
1025 3067 1175 3162 Πνεῦμα
1203 3068 1322 3160 καλεῖ,

129 3186 165 3264 ἐν
192 3187 296 3272 ἰδίαις
323 3186 389 3288 μὲν
419 3185 650 3270 ῦποστάσεσι
679 3192 841 3268 νοεῖσθαι
870 3185 989 3277 θέλων
1017 3184 1115 3285 αὐτὸ,
1143 3186 1327 3289 τοσαύτην

128 3307 240 3411 γεμὴν
259 3309 343 3416 ἔχον
361 3308 427 3411 τὴν
445 3311 635 3420 ἐμφέρειαν
650 3313 698 3396 ὡς
716 3309 808 3413 πρὸς
825 3311 943 3409 αὐτὸν,
958 3314 1017 3392 καὶ
1035 3309 1327 3416 ἀπαραλλάκτως

83 3434 239 3520 25οίσως
266 3435 420 3537 ἐνεργεῖν
449 3435 578 3540 ἰσχῦον
606 3431 698 3539 άπερ
726 3432 771 3514 ἂν
799 3437 858 3516 καὶ
885 3433 993 3519 αὐτὸς
1018 3436 1178 3540 ἐνεργοίη
1205 3432 1326 3541 τυχὸν,

131 3559 176 3641 ὡς
203 3554 312 3637 αὑτὸν
336 3555 423 3638 εἶναι
452 3562 568 3640 δοκεῖν
592 3557 657 3640 τὸν
674 3556 776 3658 Υίῦν,
801 3561 862 3640 καὶ
888 3558 1008 3664 ἕτερον
1033 3559 1148 3640 οῦδέν·
1178 3565 1357 3659 Πνεῦμαι
1377 3577 1494 3637 81οΔ.

131 3678 200 3784 γάρ
223 3683 324 3762 ἐστιν
347 3683 469 3764 αι’ποῦ.
508 3685 567 3764 καὶ
594 3691 684 3786 γοῦν
707 3681 764 3778 ric
791 3681 951 3779 ἀληθείας
976 3683 1064 3764 αὐτὸ
1092 3682 1328 3781 κατωνόμασε

132 3807 280 3912 Πνεῦμα,
298 3809 357 3886 καὶ
380 3805 440 3887 διὰ
463 3813 538 3888 τιῦν
558 3807 799 3912 προκειμένων
817 3805 943 3890 ἐαυτὸν
960 3805 1048 3889 εἶναι
1072 3806 1140 3908 τὴν
1157 3805 1329 3907 ἀλήθειαν

132 3927 259 4032 λε’γων.

167 4112 193 4152 ι.
211 4117 240 4151 τε
252 4097 299 4153 alt.
311 4114 366 4153 om.
379 4097 412 4153 E.
554 4097 709 4170 6-p.468,
724 4114 758 4154 10
769 4099 833 4154 citat
845 4117 872 4171 p.
1020 4098 1062 4154 18.
1081 4097 1216 4180 ῖδίησνγγ
1276 4101 1329 4169 ”ρ.

137 4183 176 4240 ιη.
194 4168 236 4222 καὶ
247 4178 462 4239 asumptum:
477 4169 537 4240 Rp.
674 4169 1329 4242 za-p.469‚19citatveccue1nEp1gmpev.
1424 4227 1428 4235 ,

135 4237 871 4366 mzaffwss'aeazfstssssffirffi?
886 4259 913 4312 Ρ·
926 4239 1331 4382 ‘'²¹·‘'’¹⁰‘34f·²1',<f::⁰fi?⁶0“::iss

137 4391 177 4450 25.
196 4379 227 4432 ἂν
238 4395 293 4435 om.
307 4379 340 4435 Ε.
447 4380 490 4436 26.
508 4381 584 4435 αὐδὴ
595 4379 685 4451 ἕτερον
696 4381 803 4436 inverso
815 4379 909 4435 ordine
920 4379 948 4435 b.
1066 4379 1232 4452 28—p.468,
1245 4399 1272 4448 ⁴·
1290 4381 1332 4434 καὶ

137 4449 310 4576 ηερ-φερε
324 4467 396 4577 32¹}
410 4460 437 4506 ει
456 4461 518 4523 pout
533 4453 588 4506 ων
600 4451 639 4522 (p.
650 4449 712 4520 με,
725 4451 754 4521 ⁶)
767 4451 858 4508 omnia
875 4451 940 4507 κιο
958 4451 1000 4506 ιω
1017 4451 1151 4508 ιιι-ιο,
1166 4450 1280 4516 exhibet,
1298 4451 1331 4506 ο.

172 4542 246 4576 ,αντ
286 4539 310 4578 0.
365 4539 406 4576 Γ.

689 4623 780 4690 3⁰²
