3118 5132
316 343 383 407 τοι
621 341 661 406 Β.
685 299 901 409 cmm
923 345 1210 411 ALEXANDR.
1385 344 1541 430 111137.

318 507 448 616 φόβον,
466 507 721 610 ἀσθενεστεροί
734 541 813 592 πως
839 508 891 589 ἔτι
913 509 1005 613 πρὸς
1030 510 1211 596 κινδύνους
1228 508 1326 612 ἦσαν
1343 511 1378 588 οἱ
1394 511 1535 608 μαθη-

316 631 386 712 ταί.
418 628 477 711 διά
494 637 601 712 τοῦτο
619 631 812 736 χαριέντως
831 634 852 712 ό
874 634 1019 738 Κύριος,
1038 633 1093 716 ὅτι
1110 630 1408 738 στανρωθὴσεται
1425 629 1537 712 κατὰ

316 751 459 859 καιροὺς
483 755 503 834 ό
530 754 679 858 Πέτρος,
701 754 833 862 ἕψεταί
856 790 895 838 τε
923 755 1017 838 κατὰ
1043 766 1151 840 τοῦτο
1176 758 1274 866 αὑτῷ
1297 753 1534 836 συνεπινεύει

316 880 379 959 καί
398 885 525 987 φησιν·
556 876 610 959 ὅτι
635 876 673 958 δὲ
698 881 774 960 νυνὶ
798 880 889 983 πρὸς
913 883 1038 984 ἀγῶνα
1063 882 1151 967 τέως
1174 879 1239 963 τόν
1255 887 1435 961 τοσοῦτον
1454 879 1532 958 οὑκ

149 1019 264 1078 vm.
286 1002 523 1108 ιᾶθραυστον
540 1001 613 1109 ἔχει
637 1001 701 1083 τὸν
719 1011 814 1102 νοῦν,
833 1005 1013 1106 ὑποδηλοῖ
1033 1004 1153 1108 λέγων
1162 1003 1280 1087 Ὅπου
1299 1001 1368 1107 ἐγὺ
1386 1001 1531 1106 ὑπάγω

315 1133 350 1209 αὑ
378 1122 523 1208 δύνασαί
548 1163 607 1234 μοι
636 1128 683 1208 ιὺι
710 1125 947 1226 ιἰιιιλιυθῆσαι,
976 1126 1211 1224 ἀκολουθήσεις
1241 1123 1277 1210 δὲ
1305 1126 1445 1235 ύστεριι.
1491 1133 1531 1208 εἰ

312 1251 386 1356 γὰρ
410 1249 461 1353 μὴ
485 1249 549 1333 τὸν
567 1259 631 1332 τοῦ
652 1249 796 1354 Πέτρου
814 1249 970 1334 θάνατον
989 1255 1029 1334 ἐν
1045 1249 1185 1338 τούτοις
1209 1251 1293 1352 ἡμῖν
1311 1251 1332 1331 ὑ
1350 1247 1531 1355 Χριστὸς

312 1376 561 1474 ὑπαινίττεται,
583 1383 648 1456 τοῦ
676 1373 720 1476 δὴ
747 1375 863 1481 χάριν,
887 1377 1001 1458 καίτοι
1029 1383 1102 1458 τῶν
1130 1377 1257 1458 ἀλλων
1284 1374 1396 1479 ἁγίων
1423 1374 1529 1456 ἀπο-

312 1501 460 1582 στόλων
485 1500 641 1606 ἐχόντων
667 1501 705 1580 ἐν
730 1497 929 1606 ὑποσχέσει
952 1498 995 1582 τὸ
1023 1499 1250 1610 συνέσεσθαίΙ
1273 1534 1312 1580 τε
1339 1501 1399 1579 καὶ
1426 1500 1525 1578 ἀκο-

311 1632 455 1707 λουθεῖν
482 1625 578 1732 αὐτῷ
606 1622 697 1704 κατὰ
723 1622 788 1704 τὸν
815 1628 880 1724 τῆς
907 1623 1146 1711 ἀναστάσεως
1173 1623 1342 1726 δηλονότι
1373 1621 1523 1728 καιρὸν,

311 1747 647 1849 ἀποκαθισταμένης
682 1747 802 1832 αὑτοῖς
833 1752 898 1849 τῆς
929 1749 1111 1852 ἀκηράτου
1144 1748 1245 1853 ζωῆς,
1277 1749 1337 1830 καὶ
1368 1753 1441 1828 τῶν
1475 1751 1527 1829 ἐν

309 1875 456 1956 ἐλπίσιν
483 1875 642 1975 ἀγαθῶν,
671 1877 718 1956 εἰς
744 1871 857 1972 μόνον
884 1872 926 1954 τὸ
954 1881 1018 1954 τοὺ
1048 1874 1190 1978 Πέτρου
1218 1871 1419 1978 πρόσωπον
1444 1871 1526 1973 τὴν

309 2007 373 2080 τοῦ
391 1997 506 2101 λόγου
524 1996 733 2100 περιίστησι
752 1995 927 2095 δύναμιν;
959 1999 1044 2078 ἀλλ’
1065 1997 1146 2078 ἔστι
1171 1995 1366 2102 πρόδηλον,
1386 1995 1440 2077 ότι
1459 2003 1524 2107 τῷ

275 2123 441 2230 ὑΠέτριρ
471 2116 740 2226 πρασγγέλλων
766 2118 810 2200 τὺ
842 2123 881 2201 ἐν
909 2120 1069 2224 ὑστέροις
1100 2123 1197 2230 αύτῷ
1226 2119 1523 2222 συμβησόμενον

308 2244 451 2352 χρόνοις
488 2246 756 2348 αἰνιγματωδῶς
793 2244 1018 2353 ὑπεμφαίνει.
1077 2249 1136 2326 καὶ
1172 2254 1262 2349 γοῦν
1298 2247 1341 2327 δι’
1380 2244 1522 2350 ἑτέρων

141 2375 264 2509 {gfff-
308 2370 540 2477 σαφέστερον
576 2366 663 2448 αὑτὸ
701 2367 902 2468 δεδήλωκεν
917 2369 1048 2452 ,εἶπάν
1082 2379 1105 2416 “
1116 2367 1209 2450 Ὅτε
1246 2367 1290 2476 ᾖς
1325 2371 1516 2474 νεώτερος,

171 2479 178 2504 ’
222 2479 230 2496 ’
309 2505 331 2542 “
349 2492 511 2597 ἐζώννυες
539 2491 694 2572 σεαυτὸν
721 2493 779 2571 καὶ
807 2491 1027 2596 περιεπάτεις
1054 2493 1146 2575 ὅπου
1173 2497 1313 2595 ἤθελες·
1356 2493 1442 2575 ὅταν
1471 2495 1518 2577 δὲ

306 2629 327 2666 “
345 2615 526 2722 γηράσῃς,
541 2619 690 2700 ἐκτενεῖς
717 2613 781 2699 τὰς
807 2614 928 2720 χεῖράς
953 2649 1035 2716 σου,
1058 2620 1117 2698 καὶ
1141 2617 1252 2698 ἄλλοι
1277 2616 1441 2721 ζύσουσί
1460 2651 1515 2702 σε

304 2751 326 2789 “
343 2743 402 2821 καὶ
430 2738 632 2821 ἀποίσοοσί
655 2772 701 2818 σε
729 2737 821 2819 ὅπου
848 2740 890 2818 οὑ
918 2739 1045 2825 θέλεις.
1083 2750 1191 2822 τοῦτο
1219 2741 1258 2822 δὲ
1286 2739 1372 2840 εἶπε,
1392 2743 1508 2848 φησὶ,

304 2875 327 2912 “
345 2863 534 2965 σημαίνων
554 2861 645 2970 ποίῳ
674 2861 817 2970 θανάτῳ
846 2861 996 2970 δοξάσει
1023 2863 1088 2944 τὸν
1112 2862 1244 2948 Θεόν.”
1285 2871 1315 2946 εί
1344 2863 1415 2968 γάρ
1443 2871 1517 2948 καί
1529 2907 1539 2948 ι

304 2991 405 3068 ἐστιν
433 2984 500 3088 ἡδὺ
532 2993 606 3071 τοῖς
634 2987 751 3090 ἁγίοις
784 2984 826 3066 τὸ
858 2985 1015 3093 πάσχειν
1048 2985 1136 3092 ὑπὲρ
1164 2993 1340 3092 Χριστοῦ,
1369 2987 1454 3068 ἀλλ’
1483 2993 1509 3070 ὁ

274 3112 465 3197 οκίνδυνος
496 3111 539 3191 οὑ
573 3107 724 3212 θελητὺς
755 3109 832 3210 μὲν,
861 3110 1020 3218 φορητὸς
1054 3113 1089 3191 δ’
1122 3111 1185 3191 οὑν
1216 3111 1313 3212 ὅμως
1344 3111 1430 3192 ὅταν
1460 3115 1513 3222 ἐξ

303 3235 462 3338 ἀνάγκης
480 3241 587 3316 τινῶν
603 3234 823 3342 ἑπιφερηται.
866 3233 924 3314 διά
942 3243 1049 3315 τοῦτο
1066 3237 1126 3314 καὶ
1143 3233 1362 3338 προστάττει
1379 3269 1502 3341 προσ-

302 3358 483 3464 εύχεσθαι,
500 3358 560 3439 ἵνα
578 3355 628 3460 μὴ
647 3357 860 3458 ἐμπέσωμεν
878 3362 927 3442 είς
948 3354 1164 3462 πειρασμόν.

249 3626 389 3701 ητλέτει
416 3626 507 3711 αὐτῷ
533 3627 551 3693 ὁ
577 3625 702 3714 Πέτρος
731 3623 834 3714 Κύριε,
861 3623 947 3692 διατί
974 3625 1011 3692 οὐ
1039 3623 1177 3703 δύναμαί
1203 3647 1255 3692 σοι
1283 3629 1335 3693 νῦν
1361 3625 1537 3706 ἀκολου-η

526 3755 642 3832 ostoun
676 3747 736 3815 τιίν
762 3751 866 3837 ψυχήν
893 3773 954 3826 μου
982 3749 1064 3840 ὑπὲρ
1088 3755 1145 3818 σοῦ
1170 3751 1273 3818 θήσω.

354 3923 407 4006 Τί
426 3922 467 4003 τὸ
492 3921 645 4021 κωλύον,
665 3925 792 4029 φησίν,
812 3921 833 4025 ἦ
852 3923 891 4003 τί
906 3923 947 4004 τὸ
966 3923 1127 4032 ἐξεῖργον
1146 3921 1500 4034 ἀκολουθεῖν,τὺνῷ

297 4045 535 4153 προτεθνάναι
570 4055 634 4128 τοῦ
667 4045 890 4126 διδασκάλου
921 4047 1072 4148 σκοπὸς,
1103 4051 1162 4128 καὶ
1199 4049 1237 4128 ἐν
1269 4046 1499 4152 καυχήματος·

264 4171 398 4280 δτάξει
423 4167 659 4272 λελόγισται;
693 4167 799 4253 τέλος
823 4169 981 4274 μὲνγὰρ
1008 4173 1173 4253 κινδύνου
1200 4169 1344 4268 παντὸς,
1369 4173 1424 4250 καὶ
1451 4173 1497 4254 τὸ

297 4293 494 4398 ἀκρότατον
513 4291 637 4397 ὥσπερ
661 4297 725 4392 τῆς
751 4299 823 4372 τῶν
841 4293 1043 4375 διωκόντων
1061 4294 1239 4376 ἀτιθάσου
1265 4294 1491 4401 πλεονεξίας,
1511 4329 1534 4388 3¹

330 4515 356 4569 6.
374 4513 484 4582 δύναμαί
495 4535 539 4569 σοι
551 4513 614 4582 (εἰς)
628 4513 659 4569 E.
755 4525 781 4584 7.
799 4513 909 4570 θάνατον
923 4513 954 4568 Ε.
968 4513 1019 4570 Ed.
1033 4532 1089 4586 mg.
1101 4514 1212 4570 θανάτου
1225 4513 1276 4570 Ed.
1374 4515 1400 4570 8.
1418 4515 1492 4572 ι’πςαι-

294 4587 403 4642 νίττεται
416 4585 448 4640 Ε.
462 4585 611 4654 ὑπῃνίττετο
626 4583 675 4638 Εδ.
