3248 5112
319 321 386 384 454
623 322 663 388 B.
686 321 898 388 CYRILLI
927 320 1216 388 ALEXANDR.
1389 321 1454 386 xiv.
1470 337 1521 382 11.

321 494 344 532 “
361 484 540 586 ἠκούσατε
567 489 605 566 ἐν
633 490 716 588 ὑμῖν
744 487 889 589 μενέτω·
925 487 987 568 ἐάν
1010 487 1083 592 γάρ
1109 492 1148 570 ἐν
1172 491 1254 589 ὑμῖν
1280 488 1382 593 μείνῃ
1409 485 1430 566 δ
1457 487 1519 566 ἀπ’

321 617 343 655 “
361 609 475 714 ἀρχῆς
502 610 691 711 ἠκούσατε,
714 615 772 692 καὶ
799 614 897 712 ὑμεῖς
924 614 962 692 ἐν
988 618 1041 722 τῷ
1068 619 1146 721 Υῖῷ
1173 616 1231 693 καὶ
1258 615 1296 692 ἐν
1320 617 1372 720 τῷ
1401 611 1522 712 Πατρὶ

320 741 342 780 “
358 733 525 832 μενεῖτε.”
567 737 626 815 καὶ
656 735 696 815 τί
723 733 767 817 τὸ
799 737 860 818 ἀπ’
889 739 1013 841 ἀρχῆς,
1044 735 1133 840 ὅπερ
1164 737 1248 838 ἡμῖν
1282 733 1521 817 διακελεύεται

320 857 446 957 μεῖναν,
478 859 537 938 ἵνα
569 859 667 959 ἡμεῖς
698 855 793 959 αἰμεν
825 862 864 940 ἐν
894 865 986 967 Θεῷ,
1018 861 1124 945 αὑτὸς
1162 861 1247 960 ἡμῖν
1279 858 1381 940 οάδέν
1411 858 1521 959 ἧττον

152 985 275 1100 ffffn·
320 987 494 1088 σαφηνιεῖ
507 982 627 1084 λέγων
645 993 668 1032 “
682 981 771 1065 Ὅτι
789 983 879 1084 αὕτη
897 987 998 1064 ἐστὶν
1015 985 1038 1085 ή
1057 985 1258 1086 ἐπαγγελία
1279 981 1325 1084 ἣν
1342 982 1553 1084 ήκοάσατε5

152 1125 223 1179 800
232 1121 273 1178 A.
292 1115 342 1177 a“
361 1105 421 1186 ἀπ’
441 1107 565 1212 ἀρχῆς,
582 1106 640 1188 ἵνα
658 1109 822 1212 ἀγαπᾶτε
839 1106 1057 1209 ἀλλήλους.”
1085 1105 1223 1193 ἀκούεις
1240 1107 1337 1192 ὅπως
1355 1105 1465 1205 ἐσμὲν
1481 1107 1521 1185 ἐν

322 1234 416 1338 θεῷ,
434 1228 500 1330 τὴν
518 1227 664 1333 ἀγάπην
682 1230 850 1333 δηλονότι
875 1231 942 1333 τὴν
960 1237 1008 1316 εῖς
1032 1231 1219 1333 ἀλλήλους
1242 1230 1518 1332 ἐπιπγδεύοντες,

320 1356 378 1434 καὶ
414 1352 481 1454 τήν
516 1363 582 1436 τοῦ
617 1359 786 1460 Σωτῆρος
825 1361 1030 1461 ἰχνηλατεῖν
1065 1353 1195 1460 ἀρετὴν
1228 1357 1309 1436 καθ’
1344 1355 1435 1435 ὅσον
1469 1353 1521 1434 ένι

319 1475 594 1580 σπουδάζοντες·
638 1479 769 1582 ἀρετὴν
801 1478 840 1560 δέ
876 1483 981 1587 φημὶ,
1014 1481 1056 1560 οὑ
1089 1478 1156 1580 τὴν
1188 1481 1227 1560 ἐν
1258 1485 1310 1587 τῷ
1342 1477 1521 1559 δύνασθαι

319 1600 446 1704 κτίζειν
473 1601 653 1706 ούρανοὺς,
681 1601 705 1704 ἢ
733 1611 848 1685 ποιεῖν
874 1602 1066 1706 ἀγγέλους,
1094 1602 1116 1706 ἢ
1145 1609 1358 1707 καθιδρῦσαι
1387 1606 1467 1704 γῆν,
1495 1598 1580 1702 ήιο

318 1851 378 1928 καὶ
410 1847 683 1958 ἀπεριεργάστιρ
716 1849 871 1952 δυνάμει,
899 1850 1001 1960 λόγῳ
1031 1851 1096 1951 μέν
1122 1849 1336 1952 πνευμάτων
1361 1853 1520 1948 ἐκοίμισε

319 1971 412 2069 βίας,
448 1974 615 2075 διανίστη
651 1973 689 2055 δέ
724 1972 809 2060 τοὺς
846 1973 1074 2077 τεθνηκότας,
1107 1975 1222 2078 ἤγουν
1258 1983 1331 2060 τοῖς
1365 1981 1522 2080 τυφλοῖς

284 2096 496 2201 ίιέχαρίζετο
514 2097 556 2178 τὸ
574 2096 769 2200 βλέπειν,ή
788 2106 841 2207 τῷ
859 2105 982 2208 λεπρῷ
999 2099 1251 2204 καθαριζεσθαι
1268 2098 1357 2197 μετὰ
1373 2102 1520 2198 πολλῆς

318 2255 414 2306 τινος
441 2225 506 2322 τῆς
534 2222 701 2330 ἐξουσίας
723 2224 925 2304 ἐπέταττεν·
954 2223 1089 2324 ἐκείνην
1111 2222 1151 2304 δέ
1174 2230 1331 2322 μᾶλλον,
1356 2223 1448 2326 ἥπερ
1473 2219 1520 2302 ἀν
1535 2251 1578 2313 15

320 2345 491 2448 ἀρμόττοι
509 2354 583 2431 τοῖς
606 2351 670 2447 τῆς
693 2346 971 2452 ἀνθρωπότητσς
987 2345 1138 2450 μέτροις.
1178 2346 1376 2451 εὑρήσομεν
1393 2346 1518 2446 αὑτὸν,

150 2456 234 2589 12⁵2?
234 2459 270 2508 “⁰
320 2466 445 2573 ὥσπερ
479 2470 543 2550 οὖν
572 2473 592 2550 ὃ
625 2471 776 2554 Παῦλός
808 2477 913 2578 φησι,
942 2470 1197 2574 λοιδορηθέντα
1229 2469 1294 2570 μέν
1320 2469 1420 2575 παρά
1446 2477 1521 2551 τῶν

319 2594 477 2673 ἀνοσίων
489 2594 682 2691 Ἰουδαίων,
697 2597 762 2674 οὑκ
780 2594 1128 2699 ἀντιλοιδορήσαντα
1146 2593 1196 2694 δέ,
1209 2593 1311 2676 ἀλλά
1327 2592 1522 2700 πάσχοντα

318 2715 394 2815 μέν,
413 2718 477 2796 οὑκ
496 2715 747 2818 ἀπειλήσαντα
765 2715 814 2814 δέ,
831 2716 1042 2821 παραδόντα
1067 2718 1105 2799 δέ
1132 2726 1279 2818 μᾶλλον
1295 2724 1348 2825 τῷ
1365 2720 1523 2822 κρίνοντι

150 2847 273 2982 {ffb-
318 2840 471 2925 δικαίως·
516 2839 716 2946 εὑρήσομεν
753 2839 863 2921 αὑτὸν
895 2841 1051 2944 λέγοντα
1086 2843 1201 2924 πάλιν
1230 2853 1253 2890 “
1273 2841 1421 2922 Μάθετε
1457 2843 1519 2922 ἀπ’
1534 2883 1580 2924 20

318 2975 340 3012 ‘⁶
358 2967 454 3064 ἐμοῦ,
474 2963 529 3045 ὅτι
546 2961 663 3069 πραΰς
680 2971 752 3063 εἰμι
775 2969 833 3046 καὶ
858 2964 1023 3052 ταπεινὸς
1046 2973 1093 3072 τῇ
1118 2967 1256 3074 καρδίᾳ,
1275 2971 1334 3046 καὶ
1351 2965 1521 3070 εὑρήσετε

318 3099 341 3136 “
358 3087 564 3170 ἀνάπαυσιν
582 3096 659 3175 ταῖς
677 3095 814 3196 ψυχαῖς
833 3089 963 3188 ὑμῶν.”

288 3231 307 3278 ⁰
375 3214 520 3294 Οὐκοῦν
543 3213 602 3293 διὰ
629 3212 695 3314 μὲν
718 3220 792 3294 τιῖιν
816 3213 1003 3295 τοσούτων
1025 3211 1313 3318 κατορθωμάτων
1333 3219 1522 3313 μιμεῖσθαι

318 3335 582 3439 σπουδάζοντες
605 3337 671 3418 τὸν
688 3337 836 3439 ἀπάσης
860 3339 945 3439 ἡμῖν
961 3339 1088 3440 ἀρετῆς
1112 3335 1272 3442 ἡγεμόνα
1289 3335 1465 3441 Χριστὸν,
1482 3337 1522 3419 ἐν

318 3467 427 3569 τιτῷ
447 3465 567 3566 Πατρὶ
586 3465 644 3542 καὶ
662 3464 702 3541 ἐν
719 3463 816 3570 αύτερ
833 3461 950 3561 μένειν
967 3460 1159 3565 λεγάμεθοι,
1178 3461 1287 3566 γέρας
1312 3459 1439 3566 ὥσπερ
1459 3464 1521 3542 καὶ
1535 3500 1579 3560 ²5

318 3585 551 3682 ἀντιμισθίαν
568 3589 633 3685 τῆς
651 3588 689 3665 ἐν
705 3585 776 3694 βίῳ
794 3584 1015 3687 σεμνότητος
1032 3583 1075 3667 τὸ
1093 3593 1248 3691 πρᾶγμα
1265 3585 1519 3690 κερδαίνοντες.

319 3709 340 3788 ὁ
367 3706 407 3788 δέ
425 3706 514 3792 Υἱὸς
538 3711 603 3789 οὐκ
627 3711 666 3789 ἐκ
692 3709 830 3789 τούτων
852 3711 945 3809 ἡμᾶς
968 3709 1035 3811 τὴν
1052 3712 1206 3791 ἐνοῦσαν
1224 3710 1322 3818 αὑτῷ
1347 3706 1518 3811 λαμπρύ-

319 3865 411 3933 τητα
435 3831 635 3937 δοκιμάζειν
656 3833 839 3931 βούλεται,
858 3867 904 3939 τῃ
929 3832 967 3914 δέ
992 3841 1066 3914 τῶν
1086 3833 1305 3941 παραδόξων
1326 3833 1518 3937 μεγαλειό-

320 3989 400 4056 τητι
428 3955 519 4057 μετὰ
549 3961 613 4058 τῆς
646 3956 797 4059 ἐνούσης
826 3958 1010 4063 ἀγχινοίας
1038 3955 1339 4064 προσεσχηκάτας
1372 3956 1519 4038 διασκέ-

320 4087 476 4162 πτεσθαι
514 4086 587 4162 δεῖν
616 4079 793 4162 ἐπιτάττει
828 4079 896 4181 τήν
927 4079 1212 4185 ἀπαράλλακτον
1243 4080 1442 4188 ἐμφέρειαν,
1474 4079 1522 4181 ἦν
1535 4126 1582 4183 30

321 4203 393 4311 ἔχει
410 4203 500 4310 πρὸς
519 4203 583 4286 τὸν
601 4204 747 4309 Πατέρα
764 4201 828 4286 τὸν
846 4207 983 4305 ἑαυτοῦ,
1000 4203 1184 4287 πιστεύειν
1201 4239 1240 4286 τε
1259 4206 1353 4286 οὕτω
1371 4203 1517 4306 λοιπὸν,

358 4440 382 4478 1.
400 4424 677 4496 γδραειυωριιιιοοι
690 4425 722 4480 E.
885 4443 926 4480 11.
945 4425 1086 4484 θαλάσσας
1098 4425 1131 4483 E.

323 4495 365 4550 18.
383 4495 640 4570 ἀντιλοιδορήσωαες
652 4495 685 4552 Ε.
760 4513 800 4568 19.
819 4495 1006 4566 ἀπειλήσαντες
1018 4495 1052 4552 E.

322 4582 364 4620 ατ.
383 4565 454 4636 ήμῶν
466 4567 499 4624 E.
