3238 5114
134 349 254 416 xvii.1.
297 351 354 416 IN
388 353 706 420 S.JOANNEM.
750 353 933 422 LIB.XI.
978 355 1081 422 cAP.
1104 355 1172 420 111.
1267 349 1328 419 661

134 514 200 616 γὸς
223 520 286 616 τῆς
304 517 423 621 ἑτέρου
447 519 557 624 τυχὸν
574 521 756 624 ἐνεργείας,
777 520 862 602 ἀλλ’
882 524 930 606 ὡς
958 522 1075 627 σοφίαι
1097 521 1156 599 καὶ
1183 515 1331 616 δύναμις

134 638 305 746 ῦπάρχων
332 650 395 722 τοῦ
423 648 519 723 Θεοῦ
547 647 604 724 καὶ
633 643 788 748 Πατρός.
831 643 1027 744 οἰησόμεθα
1053 641 1124 746 γὰρ
1152 643 1244 722 οῦτοι
1273 643 1331 720 καὶ

134 767 201 869 ούχ
217 766 343 867 ἑτέρως
370 765 478 848 αὐτὸν
499 766 544 848 τά
568 772 632 868 τῆς
654 768 819 868 θεότητος
843 769 931 874 ἔργα
955 769 1029 868 μετ’
1051 765 1217 874 ἔξουσίας
1236 767 1362 847 ἀπο-ε

133 897 308 992 πληροῦν.
347 891 466 972 πάντα
494 891 559 991 μὲν
582 891 653 996 γάρ
678 893 778 996 παρὰ
804 901 869 974 τοῦ
889 889 1045 995 Πατρός,
1063 888 1163 990 πλὴν
1182 890 1224 970 οῦ
1249 890 1332 993 δίχα

100 1021 197 1094 5τοῦ
215 1019 316 1094 Υίοῦ.
344 1022 422 1102 πῶς
445 1015 517 1121 γάρ
535 1014 580 1096 ἀν
598 1015 793 1120 ε’ργόσαιτό
817 1051 852 1096 τι
870 1023 943 1098 τιῦν
961 1017 1059 1124 αύτῷ
1082 1012 1293 1118 πρεπόντων
1312 1013 1332 1092 ό

134 1136 226 1224 Θεὸς
254 1143 312 1220 καὶ
332 1139 472 1244 Πατὴρ,
489 1143 566 1247 οὐχὶ
593 1141 637 1241 δὴ
656 1143 838 1242 συνούσης
859 1177 898 1223 τε
924 1143 1020 1248 αύτῷ
1048 1142 1106 1220 καὶ
1133 1171 1332 1219 συναποτε-

134 1262 271 1364 λούσης
297 1263 343 1345 τά
367 1267 422 1372 ἐφ’
442 1265 494 1350 οἷς
518 1264 563 1346 ἀν
585 1274 701 1347 νοοῖτο
719 1264 829 1371 τυχόν
847 1266 870 1366 ἡ
889 1267 963 1347 κατ’
983 1265 1160 1368 ἐνέργειαν
1177 1266 1330 1362 κύησις,

133 1391 197 1486 τῆς
214 1422 253 1468 τε
272 1390 408 1495 σοφίας
432 1393 491 1470 καὶ
514 1395 577 1489 τῆς
596 1391 776 1490 δυνάμεως
800 1391 920 1490 αὐτοῦ,
940 1391 1035 1496 φημὶ
1060 1387 1104 1488 δὴ
1129 1395 1193 1467 τοῦ
1212 1390 1329 1480 Υίοῦ;

134 1511 193 1592 διά
220 1521 324 1594 τοῦτο
348 1516 407 1594 καὶ
425 1517 445 1594 ό
464 1515 583 1617 σοφὸς
602 1512 888 1617 Εόαγγελιστῆς,
908 1515 929 1594 ό
947 1512 1013 1613 τὴν
1031 1515 1133 1592 τοῦδε
1160 1517 1224 1591 τοῦ
1242 1511 1329 1604 βιβ-

82 1671 120 1712 ιο
134 1636 215 1716 λίου
237 1637 459 1744 συγγραφὴν
481 1637 695 1745 πηξάμενος,
714 1641 751 1718 έν
770 1641 895 1744 ἀρχαῖς
917 1645 981 1718 τοῦ
1006 1636 1120 1739 λόγου
1144 1635 1259 1742 φησὶν
1278 1631 1335 1712 ότι

134 1757 233 1840 “ss'
352 1763 571 1790 anast
721 1765 732 1794 ς
829 1760 1068 1791 εναἸ
1191 1747 1462 1804 ’Μ”ΒΜ

209 1794 300 1840 αντα
318 1767 353 1841 δι
381 1797 491 1842 αυτου
508 1797 656 1865 εγενετο,
675 1797 734 1842 και
752 1797 861 1868 χωρις
879 1795 987 1841 αυτου
1005 1793 1143 1861 εγενετο
1162 1760 1241 1838 ουδε
1263 1791 1311 1839 εν.
1379 1770 1432 1881 ΗΡ

64 1957 71 1962 .
134 1883 252 1984 ἐπειδὴ
266 1885 384 1966 τοίνυν
403 1889 423 1966 ὁ
440 1891 504 1987 τῆς
519 1884 795 1987 όμοουσιότητος
809 1887 990 1966 ἀναπείθει
1003 1881 1114 1984 λόγος
1126 1878 1331 1964 ἀκολούθως
1344 1918 1363 1960 ιι
1381 1905 1449 1962 948
1461 1905 1503 1963 Δ.

134 2009 226 2108 ἡμᾶς
254 2012 383 2090 ἐννοεῖν
400 2010 455 2092 ὅτι
482 2011 601 2092 πάντα
627 2011 693 2110 μέν
710 2013 749 2090 εἰς
769 2007 924 2114 Πατρός,
944 2009 987 2088 δι’
1007 2013 1097 2088 Υῖοῦ
1125 2006 1163 2088 δὲ
1189 2007 1333 2092 πάντως

134 2135 172 2212 έν
193 2133 387 2230 Πνεύματι·
429 2135 611 2239 νεκροόσας
629 2134 667 2214 δέ
686 2133 840 2216 θάνατον
858 2138 916 2213 καὶ
935 2130 1086 2238 φθορὰν,
1106 2137 1163 2212 καὶ
1181 2128 1248 2230 τὴν
1269 2139 1334 2210 τοῦ

84 2281 121 2341 ¹5
136 2255 309 2352 διαβόλου
337 2263 527 2361 τυραννίδα
558 2259 745 2363 περιελὼν,
773 2259 865 2358 ὅλην
894 2258 1025 2356 ἔμελλε
1055 2253 1122 2356 τὴν
1153 2258 1212 2362 ὑφ’
1241 2257 1334 2364 ἡλίῳ

136 2385 211 2463 ταῖς
239 2379 297 2462 διὰ
324 2391 388 2462 τοῦ
408 2383 617 2482 Πνεύματος
646 2381 942 2490 καταφαιδρύνειν
961 2381 1222 2486 φωταγωγίαις,
1241 2382 1329 2460 ἀνα-

135 2505 343 2586 δείκνυσθαί
357 2541 396 2586 τε
422 2508 480 2588 διὰ
498 2508 625 2590 τούτου
643 2506 772 2589 λοιπόν
791 2505 885 2590 Θεὸς
905 2505 996 2586 κατὰ
1013 2503 1128 2611 φύσιν
1146 2503 1257 2589 ὅντως
1276 2507 1335 2585 καὶ

136 2629 316 2730 ἀληθινὸς,
335 2633 535 2735 ἀναγκαίως
552 2633 650 2740 φησί
673 2631 784 2741 Πάτερ
802 2626 940 2740 δόξασόν
960 2667 1020 2712 σου
1039 2631 1092 2710 τόν
1109 2629 1181 2710 Ύῖιν
1196 2627 1253 2710 ’ίιιι
1273 2635 1333 2709 καὶ

136 2753 246 2840 ίΥίίε
271 2791 329 2835 σου
354 2749 554 2870 δεξιότητι.
593 2759 653 2836 καὶ
680 2757 722 2836 οῦ
749 2755 793 2856 δή
821 2789 874 2839 τις
903 2762 987 2835 νοῦν
1007 2751 1099 2859 έχων
1124 2755 1203 2856 έρεῖ,
1233 2747 1335 2860 δόξαν
1410 2749 1414 2760 ’

84 2915 122 2956 ιο
135 2877 201 2975 μέν
227 2885 336 2960 αίτεῖν
362 2879 462 2982 παρὰ
487 2879 632 2982 Πατρδς
658 2879 722 2961 τόν
748 2879 850 2978 Υίὸν,
876 2877 1037 2981 καθάπερ
1070 2877 1261 2980 ἀνθρινπον
1292 2875 1368 2984 έξΙ)

136 3001 326 3103 ἀνθριόπου
343 3002 464 3109 τυχόν,
483 3002 673 3084 διδόναιδέ
701 3006 760 3084 καὶ
786 3001 895 3082 αὐτὸν
913 3006 962 3087 ὡς
979 2999 1024 3108 ἐξ
1045 3003 1199 3100 ἀμοιβῆς
1215 3003 1331 3102 ε’παγ·

136 3123 348 3227 γέλλεσθαι·
391 3125 655 3230 σμικροπρεπές
683 3125 754 3229 γάρ
786 3127 881 3224 λίαν,
912 3131 1057 3224 μᾶλλον
1089 3122 1127 3204 δὲ
1160 3122 1335 3204 ἀσύνετον

135 3256 333 3348 παντελῶς,
351 3247 393 3330 τό
411 3249 577 3350 τοιαύτην
596 3250 689 3355 ἔχειν
711 3253 768 3331 ἐπὶ
788 3254 884 3329 θεοῦ
908 3248 974 3348 τὴν
994 3247 1183 3354 διάληψιν·
1217 3250 1330 3350 ἀναγ-

136 3372 326 3474 καιοτάτην
358 3372 395 3454 δέ
428 3377 479 3482 τῷ
509 3377 627 3480 Πατρὶ
655 3372 721 3474 τὴν
753 3377 878 3454 ἑαυτοῦ
892 3369 1018 3479 δόξαν
1044 3369 1247 3468 ἐπιδεικνύς,
1276 3371 1335 3451 ἵνα

86 3540 100 3577 2
105 3535 121 3594 5
137 3497 356 3598 γινώσκηται
375 3501 432 3578 καὶ
451 3497 651 3598 ὁμοούσιος,
665 3501 765 3577 ταυτὶ
784 3493 988 3595 λελάληκεν
1001 3496 1021 3575 ό
1035 3495 1176 3599 Σωτήρ.
1209 3491 1335 3598 ὥσπερ

136 3619 207 3723 γάρ
240 3622 386 3729 ἀδοξίας
419 3621 522 3702 ἔσται
554 3623 742 3725 παραίτιον
772 3625 824 3728 τῷ
855 3625 938 3727 Θεῷ
971 3623 1029 3700 καὶ
1059 3622 1179 3722 Πατρὶ
1209 3617 1251 3699 τδ
1283 3617 1334 3718 μὴ

136 3753 295 3826 τοιοῦτον
313 3746 405 3850 ἔχειν
422 3745 486 3826 τὸν
504 3745 548 3852 ἐξ
564 3747 672 3826 αι’ποῦ
691 3744 809 3851 φύντα
826 3779 865 3824 τε
883 3747 941 3824 καὶ
957 3743 1214 3848 γεγεννημένον
1227 3742 1332 3840 Υίδν,

136 3871 259 3950 όποῖον
278 3867 323 3950 ἀν
340 3867 428 3950 εἶναι
450 3870 579 3974 πρέποι
603 3867 667 3949 τὸν
684 3871 722 3948 ἐκ
741 3873 836 3950 Θεοῦ
855 3867 951 3949 Θεδν
969 3867 1060 3949 κατά
1079 3869 1205 3975 φύσιν,
1223 3871 1365 3952 οῦτωςο

136 3989 232 4092 οἶμαι
260 3997 318 4074 καῖ
344 3993 455 4100 δόξαν
473 3995 569 4100 αὐτῷ
597 3992 822 4096 περιποιήσει
850 3995 908 4072 καὶ
935 3991 1112 4098 καύχημα,
1131 3989 1173 4072 τὸ
1192 3993 1230 4070 έν
1248 3995 1331 4072 τού·

85 4163 122 4220 30
135 4151 209 4202 τοις
232 4117 319 4198 ὅντα
345 4118 408 4198 τὸν
432 4118 520 4198 ίδιον
537 4117 628 4224 ἔχειν
646 4116 747 4214 Υίὸν,
766 4118 804 4198 έν
822 4113 952 4218 οἷσπερ
973 4112 1020 4196 ἀν
1040 4112 1211 4221 όπόρχειν
1229 4114 1335 4200 αὐτὸς

136 4245 194 4324 καὶ
217 4249 332 4324 νοοῖτο
353 4245 411 4322 καὶ
429 4241 584 4344 λέγοιτο.
623 4236 799 4349 δοξάζεται
821 4241 940 4322 τοίνυν
959 4241 979 4320 ό
998 4236 1127 4343 Πατὴρ
1145 4241 1183 4320 έν
1195 4244 1246 4345 τῇ
1269 4247 1335 4320 τοῦ

172 4546 198 4594 4.
217 4531 263 4582 τοῦ
275 4537 445 4610 asumptum
457 4545 490 4584 ex
503 4527 536 4584 Ε.
724 4543 764 4596 ¹3·
783 4525 895 4594 μίνοιυ.
909 4525 943 4581 E.
1117 4539 1158 4598 ιη.
1176 4525 1336 4598 κατὰφύσιν

136 4597 278 4656 &namhoc
291 4597 429 4654 ordmeE.
608 4597 651 4654 τό.
669 4599 925 4669 &assumpturum
938 4595 970 4652 Ε.
