3274 5118
317 257 382 324 616
618 263 656 327 B.
681 261 892 328 CYRILLI
922 259 1214 326 ALEXANDR.
1377 255 1443 321 xvi.
1455 251 1516 334 4-6.

315 424 444 506 ἐλπίδα
462 433 734 530 περιπεσεῖσθαι
752 426 923 510 κινδύνοις
940 425 1250 529 προμεμῆνυκενό
1269 419 1454 525 Χριστὸς,
1469 419 1517 496 ἵνα
1596 446 1597 530 η

317 547 368 648 μὴ
395 549 544 656 σφόδρα
570 549 661 654 πρὸς
688 558 794 632 τοῦτο
821 549 1063 653 ταράττοιντο,
1083 546 1378 648 διευθυμοόμενοί
1402 577 1444 624 τε
1471 543 1518 620 κοῦ
1597 568 1598 660 η

287 671 485 774 θλίγοντες
498 669 585 778 Ἀρα
602 681 675 754 τῶν
690 677 728 754 ἐν
741 675 867 779 ἀρχαῖς
886 674 1042 754 ἐλπίδων
1060 670 1273 778 ἐσφάλημεν
1290 673 1353 750 καὶ
1372 672 1516 767 διημαρ·
1598 690 1599 752 ἰ

318 795 475 896 τὴκαμεν
496 805 561 878 τοῦ
583 807 737 896 σκοποῦ,
756 801 955 896 κεκλῆσθαι
977 795 1042 898 μὲν
1063 799 1119 905 ἐφ’
1137 793 1254 877 ἀπασι
1276 801 1353 878 τοῖς
1377 797 1520 894 ἀγαθοῖς
1599 812 1600 844 ³

317 919 500 1020 οἰηθεῖιτες,
520 924 793 1007 ε’κτελευτιῦντες
812 921 849 1002 δὲ
868 923 981 1006 οὐτως
1006 925 1054 1006 εἰς
1080 919 1273 1020 ἀδοκήτους
1294 915 1495 1024 συμφοράς
1509 947 1544 1011 ;5
1600 934 1601 974 ¹

317 1045 518 1146 ἀναγκαίως
536 1047 556 1125 ό
577 1045 710 1149 Κύριος
729 1055 793 1128 τοῦ
810 1042 860 1146 μὴ
879 1048 917 1126 ἐν
935 1047 1063 1150 ἀρχαῖς
1081 1053 1311 1150 προμηνῦσαι
1333 1045 1442 1122 ταυτὶ
1463 1039 1522 1138 τὴν
1601 1058 1602 1096 ¹

316 1168 433 1249 αἰτίαν
449 1169 626 1276 ἐξηγεῖται
652 1171 713 1250 καί
736 1176 831 1276 φησι
850 1173 972 1250 Ταῦτα
998 1169 1034 1277 ἐξ
1060 1167 1166 1278 ἀρχῆτ
1193 1174 1251 1249 οὐκ
1269 1165 1362 1248 εἷπον
1381 1170 1461 1272 ὑμῖν
1478 1162 1521 1242 ’ότι
1602 1180 1603 1232 ἰ

315 1291 391 1396 μεθ’
411 1293 500 1400 ὁμοῖν
519 1291 610 1400 ἤμην.
653 1293 790 1401 ἐξήρκει
809 1291 965 1396 μὲνγὰρ
987 1291 1190 1396 συμπαρὼν
1209 1293 1328 1375 αὐτοῖς
1354 1291 1408 1370 ἔτι
1435 1285 1523 1392 πρός
1603 1302 1604 1328 ¹

316 1413 358 1496 τό
377 1417 572 1521 ἀνασώζειν
590 1419 756 1515 εὐκόλως,
774 1420 832 1499 καί
851 1421 890 1498 ἐκ
907 1415 1043 1501 παντὸς
1059 1416 1210 1521 ῥύεσθαι
1227 1421 1449 1518 πειρασμοῦ,
1468 1414 1522 1491 καί
1604 1424 1605 1432 ’

207 1557 211 1562 “
316 1537 382 1640 τὴν
401 1540 457 1648 ἐφ’
477 1539 593 1623 ἀπασι
611 1550 686 1626 τοῖς
704 1542 951 1640 συμβαίνουσι
969 1538 1195 1642 καθηκόντως
1217 1543 1398 1620 ποιεῖσθαι
1419 1539 1565 1617 &aa-10
1605 1546 1606 1560 ³

316 1665 475 1746 σκαλίαν
492 1700 531 1746 τε
555 1669 615 1746 καὶ
638 1664 900 1770 ἐπανόρθωσιν.
941 1663 1061 1763 ἐπειδὴ
1089 1663 1126 1745 δὲ
1151 1666 1329 1763 ἀποδημεῖ
1346 1659 1444 1764 πρὸς
1462 1659 1524 1741 τὸν

281 1785 473 1892 ᾶΠατέρα,
512 1786 578 1888 τὴν
618 1796 691 1870 τῶν
732 1791 883 1870 ἔσεσθαι
926 1785 1236 1892 προσδοκωμένων
1276 1787 1524 1889 ἀπαραίπγτον

316 1910 443 2018 ἄφιξιν
460 1911 637 2020 ἐξηγεῖται
654 1913 840 2017 χρησίμως
858 1915 916 1994 καὶ
935 1915 973 1992 ἐν
991 1919 1103 2020 καιρῷ
1120 1918 1172 2020 τῷ
1190 1911 1373 2014 πρέποντι.
1401 1915 1435 1990 εἰ
1454 1908 1524 2012 γὰρ

315 2038 374 2116 καὶ
392 2035 477 2137 ἡμῖν
495 2039 613 2123 αὐτοῖς
631 2036 673 2118 τὸ
692 2047 754 2118 τοῦ
773 2045 897 2141 καιροῦ
920 2044 983 2117 τοῦ
1007 2037 1206 2140 πρέποντος
1230 2032 1281 2134 μὴ
1306 2032 1525 2136 ἁμαρτάνειν

315 2160 575 2260 ἐσπούδασται,
592 2167 670 2245 πῶς
698 2162 762 2241 οὐκ
790 2157 835 2240 ἀν
857 2167 1004 2260 μᾶλλον
1022 2159 1151 2263 ἀρέσαι
1170 2165 1276 2266 Θεῷ;
1307 2156 1433 2260 καιρὸς
1461 2157 1524 2236 οὖν
1539 2185 1567 2246 15

315 2282 386 2380 ἅμα
413 2289 553 2385 σιωπῆς
581 2283 626 2386 ἦν
653 2287 690 2365 ἐν
712 2287 849 2390 ἀρχαῖς,
875 2287 974 2366 οὕτω
1001 2291 1066 2364 τοῦ
1095 2288 1223 2389 χρῆναι
1249 2288 1376 2383 μαθεῖν
1403 2285 1455 2366 ὡς
1482 2282 1527 2390 ἐξ

317 2405 474 2509 ἀνάγκης
492 2408 748 2504 εἰσβαίνοντος·
778 2408 898 2510 ἐπειδὴ
917 2409 954 2490 δὲ
972 2407 1144 2509 ἀπεδήμει
1162 2404 1254 2511 πρὸς
1272 2406 1336 2486 τὸν
1355 2407 1522 2510 Πατέρα,

318 2531 420 2629 ὁτῆς
439 2529 609 2637 φράσεως
626 2531 821 2636 παρεισέδυ
845 2532 975 2636 καιρός.
1013 2528 1069 2634 ἀρ’
1089 2533 1152 2612 οὖν
1172 2529 1435 2636 ἀπενοσφίζετο
1451 2537 1526 2610 τῶν

317 2659 488 2752 μαθητῶν
508 2655 527 2733 ό
546 2654 674 2758 Σωτὴρ
693 2654 941 2762 ἀναφοιτήσας
960 2655 1051 2760 πρὸς
1068 2654 1131 2736 τὸν
1151 2655 1308 2759 Πατέρα,
1328 2655 1388 2733 καί
1406 2658 1527 2752 συνῆν

289 2777 438 2861 οαῦτοῖς
455 2783 500 2883 τῇ
518 2786 582 2859 τοῦ
602 2780 812 2879 Πνεύματος
830 2781 986 2888 ἐνεργείᾳ
1003 2815 1042 2860 τε
1060 2782 1118 2860 καί
1137 2777 1283 2878 δυνάμει
1299 2781 1357 2858 καί
1375 2775 1500 2883 χοῖριτι
1514 2811 1524 2872 ;
1540 2807 1574 2848 20

150 2909 273 3026 {iffi-²¹¹·
318 2899 451 3003 ποῖαί]
479 2900 571 2982 κατὰ
595 2903 676 2983 τίνα
699 2903 857 3007 τρόπους
887 2905 929 2984 οὐ
957 2903 1028 3008 γὰρ
1056 2903 1228 3011 ψεύδεται
1255 2901 1375 3004 λε’γων
1393 2912 1415 2949 “
1428 2901 1527 2982 ’ἰδοῦ

152 3056 192 3092 ²0·
320 3034 341 3073 “
358 3023 429 3127 ἐγὼ
447 3027 527 3124 μεθ’
548 3029 645 3126 ὐμῶν
664 3032 733 3128 εἰμι
751 3027 875 3112 πόσας
900 3026 965 3112 τάς
989 3027 1122 3132 ἡμέρας
1145 3031 1203 3108 καί
1222 3027 1286 3111 ἕως
1304 3030 1368 3126 τῆς
1387 3059 1523 3106 συντε-

319 3158 342 3196 “
359 3151 458 3234 λείας
485 3157 550 3230 τοῦ
582 3152 738 3251 αῖῶνος,”
769 3151 868 3251 πλὴν
900 3150 990 3231 ὅσον
1020 3157 1069 3236 εἰς
1097 3149 1220 3254 σάρκα
1252 3153 1310 3230 καί
1338 3147 1406 3246 τὴν
1433 3146 1527 3248 μετὰ

319 3273 489 3373 σώματος
506 3275 719 3378 παρουσίαν,
738 3276 935 3376 οὐδαμόθεν
953 3277 1178 3382 ἀμφίβολον.
1218 3275 1302 3352 ἀλλ’
1322 3269 1395 3354 οἰδε
1413 3271 1481 3372 μὲν
1505 3275 1525 3354 ό

321 3394 449 3499 Σωτὴρ
472 3398 755 3500 ἀναγκαιοτάτην
774 3397 923 3481 ἔσεσθαι
950 3405 995 3504 τῇ
1024 3396 1227 3506 ἀνθρωπείη
1253 3395 1364 3505 φύσει
1388 3395 1456 3496 τὴν
1474 3402 1525 3482 εἰς
1539 3437 1573 3496 ²5

321 3517 490 3620 οὐρανούς
508 3517 690 3616 ἀνάβασιν
710 3525 774 3621 τῆς
791 3522 880 3607 ἰδίας
897 3520 1046 3625 σαρκὸς,
1063 3519 1162 3620 πλὴν
1180 3523 1245 3601 οὐκ
1263 3517 1454 3624 ἠγνόησεν,
1474 3523 1524 3605 ὡς

152 3655 263 3716 ⁰1⁷A·
290 3637 426 3739 αθεδς,
445 3642 499 3722 ὅτι
528 3649 573 3748 τῇ
599 3646 722 3752 πικρίᾳ
749 3649 813 3745 τῆς
841 3645 960 3748 λύπης
982 3644 1185 3744 μεμέθυστο
1210 3650 1284 3725 τῶν
1305 3651 1478 3744 μαθητῶν
1500 3645 1523 3744 ἡ

321 3765 458 3869 καρδία.
499 3765 623 3848 ἐλύπει
640 3765 712 3870 γὰρ
731 3769 815 3847 λίαν
834 3767 959 3854 αὐτούς
978 3771 1173 3868 ἀποδημῶν
1191 3769 1211 3847 ό
1230 3767 1407 3870 Χριστός,
1428 3769 1523 3848 ε’πεί-

319 3923 387 3994 περ
405 3888 537 3991 ἤθελον
555 3893 651 3999 αὐτῷ
669 3899 827 3972 συνεῖναι
847 3893 905 3972 διὰ
922 3893 1069 3976 παντός.
1110 3895 1158 3977 ὡς
1183 3888 1223 3970 δὲ
1245 3891 1313 3994 ἤδη
1335 3890 1522 3994 κεκρικότα

318 4023 423 4096 τοῦτο
450 4020 549 4118 δρῦν,
568 4015 647 4098 οὐδὲ
674 4016 941 4122 διερωτῶσιν,ό
974 4051 1008 4098 τι
1036 4015 1124 4097 ποτὲ
1151 4014 1232 4120 ἀρα,
1252 4018 1310 4095 καί
1335 4014 1393 4094 διὰ
1414 4015 1523 4097 ποίαν
1537 4052 1574 4108 30

319 4140 435 4218 αἰτίαν
456 4139 707 4246 ἀποιχήσεται,
730 4137 753 4241 ἢ
777 4139 816 4220 τί
833 4139 875 4220 τὸ
897 4142 1038 4242 ε’πεῖγον
1060 4138 1171 4242 ἤγουν
1194 4140 1387 4218 ἀναπεῖθον
1405 4144 1455 4222 εἰς
1479 4137 1522 4219 τὸ

320 4263 394 4342 ἀνω
430 4264 585 4366 βαδίζειν
613 4263 732 4344 αὐτόν.
788 4263 1033 4366 συγγινώσκει
1070 4261 1190 4343 τοίνυν
1222 4265 1271 4346 ὡς
1304 4253 1348 4368 ἕξ
1378 4251 1523 4365 ἀγοίπης

320 4386 438 4470 αὐτοῖς
466 4391 625 4467 παθοῦσι
655 4390 712 4466 καί
740 4395 855 4484 τοῦτο,
884 4387 942 4466 καὶ
974 4383 1118 4488 σιωπὴν
1146 4387 1210 4468 οὐκ
1243 4387 1411 4492 εὐκαίρως
1440 4388 1523 4467 ἑλο-
