3118 5132
301 275 367 338 416
597 278 637 344 B.
661 277 871 344 OYRILLI
900 277 1192 344 ALEXANDR.
1390 277 1454 342 xiv.
1472 289 1511 358 7.

302 435 381 537 ἤτοι
399 443 463 540 τῆς
481 441 624 546 ἡμέρας,
643 445 726 524 καθ’
747 444 859 548 ἤιατερ
884 446 1004 528 αὐτοῖς
1028 440 1112 529 τοῦς
1133 446 1215 545 περὶ
1240 449 1313 524 τῶν
1330 441 1513 523 τοιούτων

135 586 251 645 vm.
273 562 453 644 οέποιεΐτο
480 565 627 668 λόγους·
661 566 704 647 τὸ
732 568 774 648 δέ
796 567 942 675 Ἀτιίρτι
971 571 1098 674 φησὶν,
1126 565 1420 674 ἀντιπαρεξάγων
1447 573 1511 673 τῷ
1550 629 1554 634 -

302 687 439 796 ἀρχαίῳ
476 693 535 769 καὶ
571 690 715 799 πρώτερ,
751 693 816 772 τὸν
851 695 1032 798 ἀρτιφανῆ
1073 695 1132 772 καὶ
1172 690 1250 772 υέον
1285 696 1349 792 τῆς
1389 691 1511 770 αὐτοῦ

302 813 503 914 παρουσίας
535 812 670 918 καιρὸν,
698 817 780 895 καθ’
811 813 852 896 όν
880 815 1112 918 λαμπροτέρα
1144 815 1269 918 γέγονε
1303 821 1375 898 τοῖς
1406 813 1510 893 κατὰ

301 941 428 1015 πᾶσαν
445 935 512 1037 τὴν
530 936 736 1038 οἰκουμένην
754 940 776 1038 ἡ
798 941 878 1042 περὶ
898 937 1042 1042 Πατρός
1067 945 1203 1042 γνῶσις
1228 935 1286 1019 διὰ
1310 945 1374 1017 τοῦ
1391 941 1502 1017 Υίοῦ.
1535 957 1554 1014 5

304 1056 363 1136 διὰ
379 1057 451 1164 γάρ
473 1095 528 1140 τοι
555 1070 661 1142 τοῦτο
686 1065 744 1142 καὶ
769 1065 807 1142 ἐν
824 1065 948 1170 βίβλῳ
970 1067 1135 1170 ψαλμῶν
1154 1066 1202 1147 ὡς
1219 1060 1309 1165 πρὸς
1328 1058 1422 1141 Θεὸν
1440 1065 1510 1140 καὶ

134 1159 254 1276 xxxviii.
306 1183 453 1287 Πατέρα
482 1186 598 1292 φησίν
625 1197 647 1234 “
663 1187 954 1286 Ἐθαυμαστώθη
984 1187 1006 1287 ἡ
1038 1187 1172 1290 γνῶσίς
1203 1220 1275 1266 σου
1306 1185 1350 1292 ἐξ
1378 1188 1508 1284 ἐμοῦ.”

304 1306 497 1411 ἑωρακότες
524 1309 595 1412 γάρ
623 1317 697 1394 τοῖς
725 1308 813 1413 ῦπέρ
841 1309 955 1414 λόγον
976 1311 1322 1413 θαυματουργήμασι
1349 1311 1506 1414 διαπρέ·

302 1466 419 1512 ποντα
444 1431 507 1513 τὸν
526 1431 627 1532 Υίὸν,
645 1438 703 1514 καὶ
725 1434 815 1532 μετὰ
837 1440 1054 1537 θεοπρεποῦς
1072 1434 1239 1542 ἐξουσίας
1256 1440 1511 1538 κατορθοῦντα

303 1556 433 1662 ῥηιδίως
461 1555 549 1660 ὅπερ
577 1555 622 1638 ῶν
648 1559 836 1656 βούλοιτο,
863 1559 1135 1659 τεθαυμάκαμεν
1162 1561 1320 1640 ἐντεῦθεν
1344 1557 1410 1658 τὴν
1433 1567 1509 1638 τοῦ
1535 1593 1554 1633 1

305 1677 462 1782 Πατρός
479 1688 628 1784 γνῶσιν,
656 1683 723 1786 οὐχ
752 1681 875 1785 ἐτέρως
907 1682 1064 1787 ἔχουσαν
1093 1685 1293 1768 ἐννοοῦντες
1324 1682 1445 1781 αὐτὴν,
1477 1681 1508 1783 ἢ

268 1797 428 1907 Βῶοπερ
456 1806 557 1885 ἐστὶν
584 1805 607 1906 ἡ
635 1813 699 1885 τοῦ
729 1805 772 1912 ἐξ
802 1807 911 1885 αὐτοῦ
939 1807 1183 1908 προελθόντος
1211 1811 1313 1887 Υίοῦ.
1351 1807 1508 1912 Ἀπάρτι

301 1929 421 2008 τοίνυν
443 1929 623 2032 γινώσκετε
643 1933 739 2010 αότλι
764 1940 823 2010 καὶ
848 1927 1019 2034 ἑωράκατε
1043 1930 1150 2010 αὐτόν.
1201 1930 1405 2032 ἐγνώκαμεν
1426 1930 1507 2034 γὰρ

302 2053 340 2131 ἐν
358 2057 448 2160 Υίῷ,
475 2052 637 2157 καθάπερ
665 2052 758 2159 ἔφην
780 2055 918 2158 ἀρτίως,
940 2055 994 2137 τίς
1022 2055 1041 2134 ὁ
1069 2052 1208 2159 Πατὴρ,
1233 2057 1291 2134 καὶ
1318 2055 1360 2133 οῦ
1387 2051 1509 2152 μόνον

301 2177 562 2277 ἐπεγνώκαμεν,
581 2175 681 2257 ἀλλὰ
705 2181 763 2258 καὶ
788 2177 1022 2277 ἐθεασάμεθα,
1040 2177 1118 2279 ἤτοι
1137 2173 1353 2281 ἑωράκαμεν.
1392 2177 1507 2276 ἡμέν
1530 2219 1547 2259 τ

300 2299 373 2403 γὰρ
401 2308 537 2403 γνῶσις
564 2301 631 2402 τὴν
655 2301 712 2381 διὰ
740 2309 813 2382 τῶν
836 2304 979 2382 ἐννοιῶν
1004 2302 1154 2404 θεωρίαν
1179 2304 1362 2402 ῦποδηλοῖ,
1385 2299 1429 2402 ἣν
1453 2303 1507 2382 ἅν

301 2457 356 2508 τις
375 2421 485 2518 λάβοι
504 2425 614 2530 τυχὸν
632 2429 713 2529 περὶ
731 2429 795 2523 τῆς
814 2425 909 2511 θείας
930 2461 970 2507 τε
994 2429 1052 2506 καὶ
1076 2424 1231 2532 οἱῤῥήτου
1256 2423 1413 2532 φάσεως,
1433 2429 1506 2523 τῆς

302 2549 359 2626 ἐπὶ
387 2549 525 2632 πάντας
552 2553 646 2655 φημὶ
673 2553 731 2629 καὶ
760 2548 818 2629 διὰ
845 2549 991 2631 πάντων
1013 2555 1070 2630 καὶ
1098 2552 1136 2629 ἐν
1159 2557 1265 2630 πᾶσι.
1315 2548 1358 2630 τὸ
1385 2548 1506 2652 γεμην

303 2674 398 2768 ἰδεῖν,
418 2670 483 2771 τὴν
502 2671 560 2752 διὰ
585 2680 657 2753 τῶν
675 2673 1020 2776 τερατουργημάτων
1039 2675 1292 2778 πληροφορίαν
1316 2675 1500 2774 σημαίνει.

273 2795 345 2873 (τοῦ
365 2793 436 2898 γὰρ
455 2795 566 2892 μόνον
579 2795 783 2900 ἐγνώκαμεν
798 2797 852 2877 ότι
871 2796 941 2900 ζωὴ
960 2797 1052 2879 κατὰ
1070 2796 1186 2904 φύσιν
1200 2801 1300 2879 ἐστὶν
1318 2800 1338 2878 ὁ
1354 2797 1501 2900 Πατήρ·
1524 2838 1554 2878 αι

303 2916 384 2998 οὐδὲ
412 2922 450 2999 ἐν
473 2925 602 3026 ψιλαῖς
628 2924 687 3001 καὶ
713 2921 838 3020 μόναις
860 2923 1007 3008 ἐννοίαις
1035 2921 1100 3021 τὴν
1120 2930 1183 3001 τοῦ
1208 2921 1420 3025 πράγματος
1444 2921 1498 3000 εἵ-

302 3045 410 3142 δησιν
445 3046 484 3122 ἐν
520 3044 657 3130 ἑαυτοῖς
693 3043 911 3151 ἐσχήκαμεν·
961 3049 999 3126 ἐν
1031 3051 1109 3153 Υίηῦ
1149 3043 1376 3148 ζωοποιοῦντι
1415 3043 1505 3130 τοῦς

303 3165 457 3267 νεκροῦς,
475 3171 533 3247 καὶ
551 3173 600 3253 εἱς
618 3168 659 3248 τὸ
679 3165 767 3249 εἶναι
784 3167 899 3251 πάλιν
917 3168 1162 3272 ἀνακομίζοντι
1186 3168 1269 3254 τοῦς
1290 3175 1499 3276 κατεφθαρ-

192 3345 198 3354 -
301 3289 440 3386 μένους·
471 3293 513 3371 οῦ
537 3291 649 3390 μόνον
671 3293 886 3393 ἐγνώκαμεν,
909 3295 963 3375 ότι
987 3293 1058 3398 ζωὴ
1083 3292 1175 3374 κατὰ
1199 3293 1314 3401 φύσιν
1336 3295 1415 3373 ἐστὶ
1438 3300 1503 3376 καὶ

301 3413 356 3492 ότι
373 3420 499 3494 πᾶσαν
519 3415 587 3496 ὑπὸ
605 3415 719 3500 πόδας
738 3417 809 3522 ἐχει
827 3416 894 3518 τὴν
911 3418 1031 3498 κτίσιν
1050 3420 1069 3498 ὁ
1089 3418 1183 3502 Θεὸς
1202 3421 1261 3498 καὶ
1281 3415 1420 3520 Πατὴρ,
1439 3422 1503 3499 καὶ
1522 3455 1554 3510 25

301 3541 374 3614 τῶν
405 3539 489 3640 παρ’
524 3541 634 3618 αὐτοῦ
671 3539 873 3642 γεγονότων
904 3539 1169 3648 κατεξουσιάζει
1205 3548 1417 3638 βασιλικῶς,
1449 3545 1503 3627 ὦς

302 3671 323 3708 “
341 3657 461 3741 πάντα
488 3659 533 3741 τά
561 3663 650 3764 ἔργα
676 3663 843 3742 σείεσθαί
866 3698 904 3744 τε
933 3667 975 3744 δι’
996 3663 1105 3744 αὑτὸν
1129 3667 1188 3746 καὶ
1215 3664 1385 3768 τρέμειν,”
1405 3665 1503 3746 κατὰ

301 3785 344 3865 τὸ
377 3783 638 3887 γεγραμμένον·
682 3784 768 3864 ἀλλ’
793 3786 930 3886 εἴδομεν
957 3787 1045 3869 ὅντα
1072 3797 1231 3870 τοιοῦτον
1257 3793 1315 3869 καὶ
1343 3791 1381 3870 ἐν
1401 3795 1499 3896 Υἱῷ,

266 3910 361 3990 ᾱότε
380 3907 544 4014 θαλάττῃ
562 3911 619 3988 καὶ
637 3907 839 4006 πνεύμασιν
857 3912 1037 4011 ἐπιτιμῶν,
1054 3912 1146 4013 μετὰ
1168 3917 1315 4012 πολλῆς
1339 3913 1408 4021 ἔφη
1433 3916 1502 4012 τῆς

301 4034 468 4142 ἐξουσίας
487 4045 510 4081 “
524 4032 660 4132 Σιώπα,
678 4033 904 4140 πεφίμωσο.”
1517 4071 1554 4129 30

134 3668 148 3716 3
159 3653 230 3702 Esdr.

132 3720 166 3770 iv.
177 3718 215 3783 36.

132 4027 158 4108 β.
168 4028 248 4079 Mare.

132 4109 166 4144 ιν.
179 4109 218 4160 39.

339 4324 363 4362 1.
386 4307 433 4376 τῆς
453 4305 548 4376 ἡμέρας
567 4309 623 4376 ἤτοι
642 4308 685 4376 τῆς
705 4304 751 4432 54
771 4307 849 4377 αὐτῆς
871 4317 903 4362 ut
921 4303 1027 4363 videtur
1051 4305 1097 4378 E.]
1123 4308 1191 4378 ὥρας
1214 4307 1320 4362 inverso
1344 4305 1438 4362 ordine
1463 4309 1499 4364 E.

303 4394 344 4432 11.
363 4378 463 4448 ἔχουσα
477 4377 508 4430 Ε.
647 4392 687 4444 ¹5·
724 4378 855 4446 εοσάμεθο
868 4378 901 4432 Ε.
1037 4395 1079 4445 24.
1099 4379 1225 4448 ζωὴκατό
1237 4377 1390 4450 φόσινέστλ
1403 4379 1499 4434 κοίὸτι

299 4456 468 4502 accesserunt
481 4465 514 4501 ex
527 4445 559 4501 E.
686 4461 728 4516 27.
747 4447 780 4502 δι’
792 4465 846 4502 om.
860 4447 892 4502 E.
905 4447 939 4502 cs.
952 4447 1033 4504 Thes.
1050 4464 1098 4518 147
1112 4468 1135 4514 ε,
1184 4449 1241 4504 ob.
1254 4447 1301 4504 ned
1314 4449 1356 4504 καὶ
1367 4450 1451 4505 πάντα
1464 4451 1498 4506 τὰ

299 4518 362 4590 ἔργα
375 4516 407 4574 δι’
420 4518 499 4588 αὐτὴν
510 4516 607 4573 σείεται
619 4518 661 4572 καὶ
672 4521 759 4590 τρέμει
771 4519 834 4576 citat
846 4537 869 4574 a.
977 4521 1020 4576 28.
1039 4521 1069 4574 τὸ
1081 4537 1137 4576 om.
1183 4521 1253 4592 igne.
