3238 5114
754 1167 996 1244 ΚΕΦΑΛΗ
1042 1167 1083 1242 Γ.

293 1445 390 1514 ε”Οπι
413 1450 465 1528 τῆς
487 1449 665 1528 θεοπρεποῦς
686 1445 772 1525 δόξης
794 1445 847 1510 οὐκ
871 1447 973 1510 ἐπιδεᾶ
998 1443 1145 1524 θεωρήσαι
1164 1467 1208 1509 τις
1230 1441 1270 1504 ἂν
1293 1441 1351 1504 τὸν
1375 1439 1458 1512 Tiar,
1475 1435 1517 1498 κάν

508 1567 676 1648 εὑρίσκηται
698 1565 801 1647 λέγειν
824 1565 925 1646 Πάτερ
947 1563 1077 1643 δόξασαν
1099 1563 1150 1626 τὸν
1170 1563 1247 1626 Ύίόν
1270 1586 1340 1624 σου.

155 1835 299 1921 K‘M'·
321 1823 429 1890 Ταῦτα
456 1825 619 1892 ὲλάλιισεν
646 1827 664 1892 ὁ
687 1826 826 1906 Ἰασοῦς,
855 1825 907 1889 καί
935 1825 1062 1913 ὲπάραε
1090 1828 1166 1888 τοῦς
1196 1821 1399 1908 ὀφθαλμοὺς
1432 1817 1519 1881 αὑτοῦ

372 1946 419 2015 εἷο
445 1949 503 2018 τὸν
530 1951 669 2040 οὐρανὸν
697 1945 769 2016 εἷπε
796 1951 914 2040 Πάτερ,
940 1951 1098 2015 ἒλιίλυθεν
1125 1949 1144 2013 ιδ
1172 1949 1257 2036 ὥρα·
1297 1945 1445 2012 δόξασόν
1471 1964 1540 2025 σου,
1616 1984 1617 2023 3

373 2076 429 2140 τόν
456 2073 543 2156 Υίόν,
570 2077 623 2140 ἵνα
652 2076 705 2140 καί
732 2077 750 2142 δ
778 2075 850 2142 Υίόε
878 2097 935 2141 σου
964 2074 1086 2164 δοξάσης
1113 2097 1158 2141 σε.

377 2310 749 2394 ἈΠΟΧΡΩΝΤΩΣ
777 2321 850 2399 τοῖς
870 2319 1045 2414 μαθηταῖς
1063 2311 1109 2392 τά
1127 2316 1175 2396 εἷς
1194 2309 1382 2412 σωτηρίαν
1399 2303 1520 2412 ἐφόδια

323 2436 587 2538 δωρησάμενος,
617 2441 776 2522 καὶτοῖς
804 2435 1002 2538 καθήκουσι
1030 2441 1223 2538 λογισμοῖς
1250 2467 1290 2512 τε
1314 2435 1376 2510 καὶ
1406 2428 1522 2530 λόγου

156 2585 224 2640 946
236 2581 276 2640 Α.
294 2564 369 2642 οείς
407 2560 665 2663 ἀκριβεστέραν
702 2567 775 2642 τῶν
806 2560 996 2664 δογμάτων
1028 2559 1210 2659 άκονήσιις
1246 2553 1441 2660 διάληψιν,
1472 2553 1522 2631 καὶ

323 2681 558 2782 καταστήσας
604 2683 659 2762 ὅτι
694 2683 859 2781 μάλιστα
895 2681 1168 2788 μαχιμωτάτους
1204 2687 1253 2765 εἰς
1289 2677 1522 2780 πειρασμοῧυ
1536 2712 1563 2752 1⁰

323 2801 492 2912 φρόνημά
520 2839 558 2885 τε
585 2803 627 2885 τὸ
653 2805 812 2886 νεανικὸν
834 2807 872 2884 εδ
894 2805 997 2905 μάλα
1020 2805 1174 2910 ῥιζώσας
1196 2807 1233 2884 ἐν
1255 2801 1414 2910 ἑκάστῳ,
1438 2835 1521 2904 χρη·

323 2930 441 3028 σίμως
468 2930 681 3028 μεθίστησιν
710 2926 811 3012 εὐθὺς
830 2937 894 3009 τοῦ
912 2928 1026 3031 λόγου
1044 2928 1086 3009 τὸ
1105 2933 1242 3034 σχῆμα,
1261 2931 1319 3008 καὶ
1339 2933 1388 3010 εἰς
1408 2957 1524 3030 προσ·

322 3057 428 3157 ευχῆς
454 3053 664 3134 διαπλάττει
692 3051 837 3156 τρόπον·
876 3051 1001 3132 οὐδένα
1028 3051 1149 3155 καιρὸν
1172 3051 1230 3132 διά
1258 3049 1373 3148 μέσου
1401 3055 1528 3154 χωρεῖν

322 3175 518 3281 ἐπιτρέψας
542 3181 606 3274 τῆς
631 3209 670 3254 τε
688 3177 779 3278 πρὸς
798 3175 926 3260 αὐτοὺς
945 3177 1135 3283 διαλέξεως
1154 3180 1212 3256 καὶ
1234 3179 1297 3273 τῆς
1319 3170 1416 3276 πρὸς
1437 3171 1529 3252 θεὸν

323 3302 381 3378 καὶ
412 3298 570 3400 Πατέρα·
608 3299 721 3378 τόπον
751 3299 834 3398 ἡμῖν
866 3300 1047 3384 πολιτείας
1076 3299 1206 3407 ἐξόχου
1239 3301 1306 3378 κάν
1336 3295 1460 3404 τούτῳ
1490 3293 1528 3392 δι)
1542 3331 1563 3385 ¹5

323 3421 436 3502 πάλιν
464 3421 512 3502 τὰ
546 3419 630 3501 καθ’
665 3419 790 3500 ἑαυτὸν
824 3424 1044 3528 ὑποφαίνων.
1089 3427 1217 3526 χρῆναι
1248 3420 1319 3525 γάρ
1352 3417 1456 3517 οἶμαι
1483 3417 1529 3517 μὴ

291 3547 465 3645 δάγνοεΐν
493 3545 556 3625 τὸν
583 3543 679 3652 ᾧπέρ
701 3547 780 3624 ἐστι
803 3545 892 3648 πρὸς
911 3545 1096 3640 εὐσέβειαν
1117 3547 1138 3624 ὁ
1162 3543 1309 3641 σκοπὸς,
1327 3543 1383 3622 ὅτι
1407 3578 1524 3647 προσ·

324 3667 403 3766 ήκοι
422 3666 466 3767 δὴ
483 3667 626 3750 πάντως
644 3665 666 3766 ἢ
685 3667 776 3770 πρὸς
795 3667 974 3774 ἀδελφοὺς
999 3669 1045 3748 τὰ
1064 3672 1241 3768 λυσιτελῆ
1266 3701 1304 3748 τε
1323 3669 1384 3746 καὶ
1412 3671 1523 3768 άνογ·

324 3795 408 3870 καΐα
435 3789 667 3890 διαλέγεσθαι
694 3797 825 3895 φιλεῖν,
856 3791 969 3896 ἤγουν
999 3799 1029 3871 εἰ
1060 3791 1111 3892 μὴ
1143 3801 1248 3872 τοῦτο
1278 3788 1378 3898 δρῴη
1410 3792 1525 3896 τυχὸν,

323 3921 401 3998 ταῖς
433 3920 481 3998 είς
511 3911 608 3993 Θεὸν
641 3916 796 3998 ἱκετείαις
829 3913 896 4014 τὴν.
925 3923 988 3994 τοῦ
1019 3915 1133 4017 λόγου
1165 3917 1287 4021 χρείαν
1321 3915 1524 4016 ἐπείγεσθαι
1535 3952 1559 3991 ιο

325 4044 497 4135 δαπανᾶν,
530 4042 578 4122 ὡς
615 4038 789 4138 μηδεμίαν
822 4040 859 4117 ἐκ
891 4041 1017 4119 τούτου
1052 4040 1339 4141 περισσολυγίας
1373 4039 1525 4140 ὁρᾶσθαι

324 4164 573 4263 παρείσδυσιν·
616 4164 708 4241 οὕτω
737 4160 808 4265 γάρ
835 4160 880 4240 άν
909 4163 955 4241 ’ίοι
986 4161 1077 4242 κατά
1107 4163 1222 4264 λόγον
1250 4161 1314 4242 τὸν
1344 4163 1525 4266 πρέποντα

365 4430 431 4483 1—3
443 4431 497 4466 om.
512 4412 544 4466 Ε.
748 4413 787 4466 18.
807 4413 838 4466 τά
850 4421 1018 4483 assumptum
1032 4430 1066 4466 ex
1079 4413 1111 4468 E.
1127 4411 1198 4466 catt.
1419 4430 1465 4468 πο.
1483 4417 1524 4466 {n-

326 4481 423 4550 πηρίαις
436 4483 506 4538 Catt.
