3200 5092
55 337 163 416 ς’ίιιι.
224 339 282 404 ΙΝ
316 341 355 407 S.
382 343 681 414 JOANNEM.
728 349 879 414 LIB.V.
926 351 1028 415 CAP.
1045 351 1086 416 V.
1239 351 1278 414 81

56 505 190 602 ἐναργῶς
229 507 372 588 ἐκεῖνον
415 511 520 592 ὄντα
567 513 723 612 δεικνῦς,
762 513 803 594 όν
841 515 1063 616 ἀναστήσειν
1102 517 1221 599 αῦτοΐς
1260 515 1313 593 bb

58 629 225 730 Νμνθὲῐης
251 638 627 738 προεπηγγείλατο.

230 874 352 954 Ὑμεῖς
383 881 533 949 ποιεῖτε
566 884 608 949 τὰ
633 883 715 972 ἔρτα
741 889 797 950 τοῦ
825 883 949 973 πατρὸς
977 885 1080 962 ὑμῶν.
1294 903 1329 956 41

106 1045 522 1153 Ἐξετεροτροποῦντας
563 1056 754 1163 ἀποδείξας
790 1061 841 1165 τῷ
874 1055 1043 1164 προγόνῳ
1075 1054 1157 1139 τοῦς
1189 1056 1280 1134 Ἰου-

44 1169 172 1268 5όνίοιπ,
190 1177 248 1251 καὶ
272 1175 382 1256 πολὺ
412 1184 492 1278 τῆς
522 1179 660 1260 ἐκείνου
685 1179 869 1285 φιλοθεΐας
897 1179 1167 1287 ἐξῳκισμένους,
1186 1181 1278 1260 άπο·

67 1303 177 1392 γυμνοῖ
201 1297 267 1394 μὲν
296 1299 467 1386 εἰκότως
502 1311 571 1382 τοῦ
601 1305 732 1384 εἰκαίαν
759 1312 932 1407 σαρκικοῦ
962 1301 1200 1408 καυχήματος
1241 1300 1283 1381 τὸ

68 1417 165 1520 δίμή
190 1427 323 1527 χρῆναι
356 1426 516 1506 λοιπὸν
539 1429 577 1508 ἐν
601 1435 674 1511 τοῖς
701 1430 832 1508 ἐκείνου
860 1425 1122 1532 κατατετάχθαι
1149 1425 1283 1511 τέκνοις

69 1543 239 1646 διαρρήδην
268 1549 411 1648 εἰπὼν,
446 1551 561 1658 ἑτέρῳ
590 1557 641 1660 τῷ
670 1554 744 1632 κατ’
775 1549 902 1634 αὐτοὺς
933 1551 1128 1653 προσνέμει
1159 1553 1281 1652 πατρὶ,

70 1671 116 1744 καὶ
134 1671 196 1768 τήν
213 1671 258 1778 ἐξ
282 1673 422 1776 ἔργων
447 1673 644 1774 ὁμοιότητα
670 1673 805 1772 δεσμὸν
823 1673 947 1776 ὥσπερ
972 1672 1051 1754 τινά
1075 1675 1314 1776 συγγενείαςο

35 1793 220 1892 1θόρίσατο,
258 1797 360 1880 τοῦς
402 1797 478 1895 μέν
516 1799 674 1902 άγαθοῦς
714 1797 779 1901 τήν
816 1798 892 1907 ἕξιν
927 1798 982 1879 ὅτι
1022 1805 1095 1882 τοῖς
1136 1801 1284 1898 ἀγαθοῖς

73 1922 265 1999 συνδεῐσθαι
283 1922 437 2024 πρέπει
459 1921 654 2020 διδάσκων,
672 1920 754 2006 τοῦς
772 1918 886 2026 γεμήν
904 1928 955 2030 τῷ
974 1919 1105 2029 φαύλῳ
1125 1927 1282 2020 συμβιο-

72 2039 219 2127 τεόοντας
239 2043 384 2150 τρόπῳ
407 2043 497 2128 τοῦς
518 2047 575 2125 ε’πῖ
593 2053 665 2130 τοῖς
683 2045 777 2130 ἴσοις
795 2045 1108 2149 κατεγνωσμένους
1131 2047 1168 2123 ἐν
1187 2043 1285 2149 τάξει

74 2172 236 2246 τοιᾶσθαι
257 2167 450 2270 πατέρων
471 2167 672 2250 ἀκόλουθον
690 2167 776 2249 εἶναι
801 2168 1046 2274 διοριζόμενυς.
1088 2167 1196 2270 όνπερ
1214 2164 1286 2268 γάρ

74 2289 193 2388 τρόπον
224 2301 310 2378 τοῖς
350 2292 496 2394 ἄμωτα
527 2301 632 2386 βιοῦν
663 2292 857 2392 ἑλομένοις,
892 2297 950 2374 καὶ
982 2292 1096 2396 ἁγίοις
1127 2292 1195 2391 ἤδη
1229 2291 1287 2370 διὰ

37 2436 64 2490 ¹5
75 2422 167 2494 τοῦτο
184 2413 529 2520 κεχρηματικόσιν,
548 2419 740 2502 ἀκινδύνως
761 2416 902 2524 ἐξέσται
927 2417 1065 2520 πατέρα
1083 2423 1206 2496 καλεῖν
1224 2413 1287 2494 τὸν

76 2539 170 2636 θεὸν,
194 2543 358 2644 ἐπείπερ
388 2539 503 2619 αὐτὸν
526 2539 618 2621 κατὰ
645 2541 687 2622 τὸ
714 2543 897 2646 ἐγχωροῦν
925 2541 1124 2645 ἀνθρώποις
1152 2542 1286 2636 ἀπομι·

75 2670 211 2756 μεῖσθαι
245 2661 547 2766 σπουδάζουσιν,
576 2668 669 2744 οὕτω
697 2670 753 2746 καὶ
781 2673 855 2750 τοῖς
881 2672 1049 2767 πονηροῖς
1077 2664 1218 2747 δικαίως
1246 2663 1289 2742 ἂν

77 2787 319 2892 ἑτιγράφοιτο
355 2785 544 2890 γεννήτωρ
576 2789 597 2867 ό
629 2788 795 2891 πονηρός,
824 2789 965 2890 ἐπείπερ
998 2789 1106 2866 αὐτοῦ
1135 2789 1193 2866 καὶ
1226 2790 1322 2885 τῆςιὶ

76 2913 244 3012 πονηρίας
272 2915 339 2990 καὶ
367 2913 593 3011 δυστροπίας
618 2915 655 2990 ἐν
678 2913 783 3012 ἤθεσι
807 2920 880 2996 τοῖς
905 2915 1002 2994 ἰδίοις
1029 2907 1291 2991 διαπλάττουσι

36 3029 138 3130 ιοιήν
162 3035 300 3115 εἰκόνα.
347 3033 475 3134 πατὴρ
504 3034 575 3138 γάρ
603 3039 644 3114 οὑ
671 3034 813 3120 πάντως
842 3039 862 3116 ὁ
891 3035 934 3141 ἐξ
959 3037 1085 3114 ἑαυτοῦ
1112 3032 1290 3136 γεννήσας

82 3165 204 3236 νοεῖται
222 3157 333 3260 παρὰ
354 3163 404 3261 τῇ
424 3161 502 3264 θείᾳ
519 3157 682 3256 μάλιστα
701 3167 837 3266 γραφῇ,
856 3158 956 3238 ἀλλά
976 3163 1032 3238 καὶ
1052 3161 1072 3237 ό
1095 3165 1169 3242 τοῖς
1192 3158 1291 3241 ἰδίοις

80 3281 180 3376 ήθεσι
212 3279 472 3386 συμμόρφους
504 3281 597 3386 ἔχων
628 3282 735 3380 τινὰς,
765 3281 815 3362 ὧν
848 3285 906 3362 καὶ
938 3279 1026 3362 εἶναι
1059 3280 1199 3383 λέγεται
1233 3279 1291 3360 διά

81 3413 185 3486 τοῦτο
214 3406 360 3506 πατήρ.
413 3407 508 3485 οὕτω
537 3409 594 3485 καὶ
627 3407 647 3484 ὁ
680 3406 872 3488 θεσπέσιος
904 3411 1053 3489 Παῦλος
1084 3403 1291 3485 ἐπιστέλλει

82 3527 172 3626 τρός
197 3563 305 3612 τινας
334 3541 357 3578 “
377 3531 445 3609 Ἐν
473 3529 543 3632 γάρ
571 3535 723 3637 Χριστῷ
750 3532 873 3629 Ἰησοῦ
902 3528 960 3608 διόι
989 3537 1052 3608 τοῦ
1082 3529 1291 3631 εὐαγγελίου

38 3675 72 3730 ²5
85 3661 107 3696 “
123 3651 195 3754 ε’γὸ
220 3655 320 3752 ῦμᾶς
350 3654 561 3754 ε’γεῦνησα.”
595 3655 719 3758 ὥσπερ
747 3655 820 3752 οὖν,
842 3653 1003 3758 καθάπερ
1031 3653 1210 3755 ἐλέγομεν,
1232 3655 1291 3730 καὶ

89 3779 181 3882 θεῷ,
199 3781 261 3856 καὶ
284 3784 362 3862 τοῖς
380 3779 495 3879 ἁγίοις
510 3776 671 3880 πατράσι
689 3777 903 3883 σάμμορφοί
921 3811 1012 3861 τινες
1034 3779 1291 3856 ἀποτελοῦνται

90 3899 147 3978 διὰ
170 3905 235 4000 τῆς
261 3903 303 3980 ἐν
322 3897 473 4004 τρόποις
497 3901 702 4002 ὁμοιότητος
724 3906 781 3980 καὶ
807 3903 1003 4002 ἁγιασμοῦ·
1035 3903 1128 3982 οὕτω
1156 3900 1213 3978 καὶ
1241 3905 1320 4005 τῷο

94 4025 266 4132 διαβόλῳ,
297 4027 357 4103 καὶ
386 4031 462 4108 τοῖς
494 4026 569 4104 κατ’
599 4023 706 4104 αὐτὸν
739 4025 923 4126 όμοήθεσι,
954 4028 1012 4104 καὶ
1044 4021 1293 4124 ὁμογνώμονες

95 4149 357 4234 ιίτοτελοῦνταί
385 4181 478 4231 τινες
512 4149 556 4257 ἐξ
587 4148 675 4234 ἰδίας
708 4158 813 4229 τοῦτο
845 4145 1048 4252 πάσχοντες
1080 4147 1291 4250 μοχθηρίας.

128 4385 151 4424 ι.
167 4371 231 4426 ὄντα
245 4371 304 4428 Bs.
319 4370 413 4426 Holut.
426 4371 501 4424 ι’όηα
515 4368 588 4426 Aah.
636 4369 730 4425 Statim
743 4371 863 4426 δεικνύων
874 4388 899 4426 a.
1096 4369 1122 4424 8.
1140 4389 1177 4440 τῳ
1191 4367 1293 4439 Migne.

94 4457 117 4508 9.
133 4441 163 4511 ὅξ
173 4459 229 4498 om.
242 4443 316 4498 Λεὼ.
404 4459 448 4514 19.
469 4437 527 4512 καί]
545 4446 573 4504 -1-
588 4441 633 4508 τῆς
647 4441 694 4494 Ht.
709 4441 759 4496 Ed.
850 4457 892 4496 σο.
912 4442 1004 4496 εἀυτοῦ
1017 4441 1074 4496 Ba.
1088 4441 1166 4493 αὐτοῦ
1180 4439 1229 4494 Ht.
1243 4438 1294 4494 Ed.

95 4527 134 4566 τι.
150 4515 267 4578 paam
278 4531 303 4568 ι.
314 4515 421 4582 μᾶλλον
435 4511 469 4568 B.
482 4513 589 4580 μᾶλλον
598 4512 668 4581 παρὰ
679 4515 710 4580 τῇ
723 4512 778 4582 θείᾳ
791 4513 897 4568 inverso
909 4511 1003 4566 ordine
1017 4511 1065 4568 Ht.
1079 4509 1130 4566 Ed.
1175 4527 1217 4580 ²9·
1229 4509 1293 4567 ἀπο·

95 4587 196 4638 τελοῦσι
209 4583 243 4640 Β.
258 4583 305 4640 m
318 4583 475 4640 emendavit
489 4581 564 4640 Aub.

133 4685 202 4732 Vol».
220 4687 256 4734 11.
711 4685 733 4730 M
