3248 5112
303 344 369 408 540
605 343 644 408 B.
668 341 880 409 CYRILLI
909 339 1198 408 ALEXANDR.
1405 351 1518 400 ιιι.

305 507 506 590 ἀκόλουθον
541 507 639 616 ζήλιρ
674 513 727 617 τῷ
763 507 923 616 φιλοθέφ
960 505 1203 608 κεκινημένονς
1240 507 1399 584 καθεῖναι
1442 495 1519 598 τῆν

271 635 293 700 b
304 630 427 736 μάχην
448 629 574 731 τῆν-έν
597 637 791 734 λογισμοῖς·
814 666 854 712 τε
881 632 940 711 καὶ
967 629 1117 732 λόγοις;
1148 628 1200 731 εἴη
1225 626 1297 730 γὰρ
1321 624 1369 705 ἂν
1392 624 1519 706 οὕτως

305 753 522 840 εὐκάτοπτός
545 789 584 836 τε
613 759 742 862 κομιδῆ
771 761 845 835 τῶν
872 757 914 835 δι’
946 755 1105 838 ἐναντίας
1137 753 1160 854 ἡ
1191 739 1404 851 πανουργία.
1449 748 1518 826 καὶ

305 879 393 986 φέρε
420 878 465 980 δῆ
493 885 638 984 πρῶτον
665 881 776 960 ε’κεῖνο
803 877 978 981 λέγωμεν,
1004 875 1126 958 ὅτιτὸ
1154 879 1193 957 έν
1214 873 1518 977 παραδείγματος

305 1001 406 1109 τάξει
423 1001 566 1108 ληφθὲν
585 1005 642 1083 καῖ
671 1008 720 1088 είς
744 1002 918 1102 ὁμοίωσιν
936 1001 1002 1103 τῆν
1018 1009 1083 1083 τοῦ
1107 999 1320 1105 πράγματος
1341 1003 1509 1076 εῖσκεκο·
1528 1019 1550 1082 5

305 1125 491 1226 μισμένον,
521 1133 570 1212 είς
600 1127 842 1233 φνσιολογίοις
877 1125 1023 1230 τρόπον,
1052 1123 1132 1225 ἤτοι
1165 1123 1293 1208 οὐσίας
1328 1119 1514 1222 δήλωσιν,

304 1252 473 1346 ἐκλαβεῖν
490 1251 555 1330 οὐκ
579 1247 748 1353 εὐκαίρως
770 1248 923 1350 ἀνόητον
939 1255 1140 1334 παντελῶς·
1169 1244 1268 1346 οἶμαι
1291 1243 1364 1347 γάρ
1390 1243 1515 1344 ἔγωγε

303 1371 387 1458 τοὺς
405 1378 454 1458 είς
473 1373 610 1454 ἕκαστα
627 1379 699 1454 τοῖν
718 1373 925 1475 λεγομένων
942 1373 1100 1454 συνιέναι
1122 1374 1294 1454 θέλοντας
1318 1369 1436 1470 ὀρθῶς
1458 1371 1514 1450 εἰς

305 1495 369 1576 τὸν
387 1505 451 1578 τοῦ
471 1496 699 1600 θεωρήματος
718 1497 941 1592 ἀποβλέπειν
959 1494 1110 1594 σκοπὸν,
1129 1499 1188 1576 καὶ
1212 1493 1252 1576 τί
1270 1491 1361 1592 μετὰ
1383 1498 1513 1596 χεῖρας

276 1619 399 1725 θέχων
427 1623 447 1700 ὁ
476 1629 540 1700 τοῦ
571 1618 687 1724 λόγον
720 1619 936 1724 δημιουργὸς
965 1627 1116 1702 ποιεῖται
1152 1617 1219 1720 τῆν
1245 1615 1406 1723 διάλεξιν
1434 1613 1513 1694 σὺν
1528 1649 1569 1690 ιο

306 1748 432 1848 πολλῆ
464 1749 510 1848 τῆ
542 1742 720 1849 φρονήσει
752 1744 1066 1824 κατασκέπτεσθαι
1098 1745 1183 1826 δεῖν.
1229 1738 1360 1821 σκόπει
1387 1737 1427 1818 δέ
1452 1737 1511 1837 ,δὴ

304 1864 418 1946 πάλιν
440 1865 484 1973 ἐξ
508 1867 625 1946 αὐτῶν
647 1866 732 1966 ἡμῖν
750 1873 823 1947 τῶν
844 1865 1090 1970 προκειμένων,
1108 1871 1138 1946 εἰ
1164 1863 1215 1966 μή
1242 1897 1305 1944 σοι
1332 1867 1512 1961 δοκοῦμεν

305 1989 439 2091 ἄριστα
472 1989 601 2092 λέγειν.
656 1991 720 2070 οὐκ
751 1987 796 2090 ῆν
824 1989 915 2091 μετὰ
946 1998 1066 2097 χεῖρας
1098 1995 1150 2098 τῷ
1180 1991 1322 2090 Σωτῆρι
1350 1991 1510 2094 Χριστῷ

305 2111 446 2220 διδάξαι
463 2113 545 2198 τοὺς
562 2113 738 2214 μαθητὰς,
758 2117 806 2198 ὡς
828 2114 881 2214 εἴη
899 2113 965 2213 μὲν
983 2113 1089 2198 αι’πδς
1114 2111 1206 2194 κατὰ
1234 2111 1350 2218 φύσιν
1368 2109 1506 2214 ἕτερος,

305 2237 457 2340 ἑτεροῖος
489 2235 528 2317 δέ
561 2239 581 2318 ὁ
617 2235 756 2340 Πατῆρ,
788 2236 868 2317 οὐδὲ
905 2235 965 2317 διὰ
999 2245 1106 2317 τοῦτο
1141 2233 1305 2339 γεωργὸν
1341 2233 1405 2333 μέν
1440 2231 1509 2314 τὸν
1523 2271 1563 2332 15

306 2359 477 2464 φύσαντα
495 2367 619 2441 καλεῖν
637 2358 726 2468 ᾤετο
745 2365 825 2457 δεῖν,
843 2359 1007 2460 άμπελον
1025 2360 1063 2441 δέ
1086 2359 1223 2441 ἑαυτόν.
1262 2365 1292 2440 εί
1310 2356 1383 2462 γὰρ
1400 2357 1508 2444 οὗτος

306 2483 390 2585 ἦνὸ
414 2485 553 2570 σκοπὸς
576 2487 613 2564 ἐν
636 2484 743 2592 αὐτῷ,
760 2483 798 2564 τί
817 2482 868 2584 μὴ
893 2483 999 2589 μέχρι
1023 2483 1161 2566 τούτων
1178 2485 1265 2585 ἵστη
1289 2481 1354 2564 τόν
1372 2479 1504 2585 λόγον,

306 2606 407 2686 οὐδέν
444 2607 539 2690 ὅλως
576 2607 696 2711 ἕτερον
732 2607 1056 2710 προσεπενεγκάνς
1101 2608 1310 2712 άοτίγχντον
1346 2605 1418 2709 γὰρ
1458 2603 1508 2684 ἂν

274 2727 502 2830 δέποιήσατο
538 2727 604 2830 τῆν
636 2731 799 2831 δήλωσιν
830 2739 894 2812 τοῦ
923 2731 1050 2812 οίκείον
1077 2739 1230 2822 σκοποῦ,
1261 2727 1354 2810 κατά
1389 2763 1431 2832 γε
1461 2727 1508 2810 τὸ

305 2855 390 2952 ὑμῖν
409 2859 547 2952 δοκοῦν,
566 2860 596 2934 εἰ
620 2852 730 2952 μόνον
746 2850 935 2952 ὠνόμασεν
957 2853 1081 2935 ἑαυτόν
1105 2887 1143 2934 τε
1171 2857 1230 2934 καὶ
1257 2853 1322 2934 τὸν
1342 2853 1503 2958 Πατέρα.
1521 2885 1562 2928 ιο

307 2983 383 3059 νυνὶ
401 2976 439 3058 δέ
458 2982 694 3082 προκαταθεῖς
715 2977 879 3078 ἄμπελον
895 2978 961 3078 μέν
978 2977 1113 3076 έοντὸν,
1131 2976 1325 3079 κλημάτων
1344 2975 1381 3057 δὲ
1403 2979 1507 3078 δίκην

306 3104 486 3206 ἠρτῆσθαι
517 3103 637 3204 λέγων
665 3103 767 3203 ἡμεῖς,
799 3099 876 3182 εἶτα
907 3107 972 3202 τῆς
1002 3101 1177 3205 γεωργίας
1212 3099 1256 3182 τό
1291 3101 1507 3201 ἐπιτήδευμα

305 3230 460 3330 περιθεὶς
478 3233 530 3333 τῷ
550 3229 680 3329 Πατρῖ,
699 3231 809 3326 δῆλος
829 3223 875 3306 ἂν
892 3225 944 3326 ε’ίη
963 3231 1020 3306 καὶ
1038 3231 1154 3306 πᾶσιν
1171 3223 1269 3326 οἶμαι
1286 3223 1506 3332 καταφανής,

307 3353 356 3432 ὡς
384 3349 485 3429 οὐδέν
507 3349 572 3446 μέν
596 3358 756 3430 τοιοῦτον
782 3351 908 3430 ὁποῖον
935 3350 1032 3447 ὑμεῖς
1060 3347 1281 3455 ὑπειλήφατε
1310 3353 1424 3448 δηλοῖ,
1447 3347 1506 3428 διὰ

279 3473 452 3576 ,παχέων
480 3470 518 3552 δὲ
546 3468 671 3576 ὥσπερ
698 3475 756 3553 καὶ
785 3479 859 3556 τοῖς
886 3481 950 3552 τοῦ
979 3473 1150 3572 σώματος
1178 3473 1382 3579 ὀφθαλμοῖς
1412 3473 1501 3552 ὑπο·
1517 3503 1556 3564 ²5

307 3593 512 3676 πιπτόντων
529 3595 830 3697 παραδειγμάτων
847 3598 1038 3676 ἀναπεῖσαι
1062 3595 1234 3692 βούλεται
1258 3594 1341 3679 τοὺς
1365 3597 1503 3697 ἀκροω-

279 3717 445 3818 ομένονς,
464 3719 519 3798 δτι
542 3719 667 3812 πάσης
693 3719 777 3818 ἡμῖν
794 3719 1041 3828 καρποφορίας
1062 3724 1299 3819 πνευματικῆς
1318 3719 1340 3818 ἡ
1359 3719 1507 3817 δύναμις

307 3839 393 3944 παρ’
413 3841 531 3938 αὐτοῦ,
551 3841 712 3944 καθάπερ
731 3843 794 3923 οὖν
813 3843 937 3943 ἀμέλει
956 3847 1014 3924 καὶ
1038 3851 1113 3928 τοῖς
1137 3847 1201 3943 τῆς
1223 3843 1320 3948 ῥίζης
1334 3875 1502 3946 προσπε-

301 3965 444 4073 φυκόσι
462 3963 626 4065 κλήμασι
644 3964 791 4064 ποιότης
809 3967 892 4070 παρ’
912 3969 1030 4066 αὐτῆς.
1070 3965 1175 4046 δοτὸν
1192 3967 1258 4066 μὲν
1276 3967 1348 4070 γὰρ
1366 3970 1405 4047 έν
1422 3968 1506 4066 ἡμῖν

306 4097 380 4170 πᾶν
400 4087 488 4192 ὅπερ
511 4089 638 4194 έχομεν
656 4089 806 4192 ἀγαθὸν,
827 4095 909 4198 Θεῷ
934 4089 973 4170 δὲ
998 4091 1125 4171 οὐκέτι·
1157 4090 1236 4170 έοτι
1254 4089 1326 4195 γὰρ
1344 4089 1450 4174 αὐτὸς
1469 4095 1505 4172 έν
1516 4123 1557 4179 30
1599 4197 1605 4204 ι

307 4213 420 4322 ἑαυτῷ
448 4220 520 4293 τῶν
548 4215 648 4294 ἰδίων
673 4213 1005 4314 πλεονεκτημάτων,
1034 4215 1144 4322 δόξης
1177 4249 1215 4295 τε
1248 4220 1306 4296 καὶ
1339 4215 1504 4322 ἐξουσίας

343 4437 495 4512 2-p.542‚
511 4441 542 4496 19
555 4425 677 4550 citam
725 4497 740 4550 ό
790 4441 817 4497 3.
835 4425 980 4480 διεναντίων
993 4426 1037 4498 (αι
1048 4443 1131 4497 supra
1143 4426 1196 4481 8⁶0
1205 4425 1235 4495 b)
1250 4425 1282 4481 Ε.
1407 4428 1433 4483 8.
1452 4431 1504 4487 τοῖς

637 4535 644 4549 ι
677 4517 755 4550 Ευῗν

305 4496 494 4620 λιγομενοιιὲ.
719 4568 725 4586 μ
768 4496 918 4567 Ε.ρ.αιίτὸν
931 4495 983 4551 Ed.
1093 4497 1135 4554 18.
1152 4499 1369 4570 προσεπενιγκέιν
1381 4516 1408 4570 ρ.
1420 4521 1502 4570 προσ·

306 4585 451 4636 επινιγκιιν
489 4605 495 4621 .
508 4587 746 4636 προεπεισινεγκων
759 4565 811 4622 Ed.
