3274 5118
579 1119 820 1198 ΚΕΦΑΛΗ
860 1121 905 1198 Β.

161 1388 233 1456 Ὀτι
256 1399 388 1475 φυσικῦς
410 1395 442 1460 ἓν
463 1399 504 1482 τῷ
526 1396 588 1483 ‘rifi
611 1397 661 1462 καλ
683 1399 717 1462 ἐν
738 1398 773 1485 τῇ
796 1395 883 1482 οὐσίᾳ
905 1395 1049 1462 αὐτοῦτὸ
1072 1402 1196 1477 Πνεῦμα
1217 1397 1318 1476 αὐτοῦ,

269 1523 403 1588 τουτέστι
424 1523 459 1588 τὸ
475 1522 595 1606 Ἀγιον,
618 1527 693 1589 καθὰ
715 1524 764 1590 καὶ
785 1527 818 1590 ἐν
839 1526 875 1612 τῇ
897 1525 983 1611 οὐσία
1004 1530 1056 1590 τοῦ
1079 1527 1208 1606 Πατρός.

142 1787 254 1854 Πάντα
281 1788 342 1854 ὅσα
369 1788 435 1876 ἔχει
461 1787 480 1854 ὁ
506 1787 621 1878 Ποτιλρ
646 1789 709 1866 ἐμά
738 1790 817 1856 ἐστι·
862 1789 915 1854 καὶ
942 1788 995 1855 διὰ
1022 1793 1120 1856 τοῦτο
1147 1782 1239 1855 εἷπον
1267 1786 1338 1866 ὑμῖν
1356 1804 1392 1866 15

108 1930 126 1992 ὃ
231 1935 236 1946 ’
302 1931 352 1997 ὅτι
377 1931 414 1997 ἐκ
440 1934 498 1997 τοῦ
524 1931 605 2010 ἐμοῦ
632 1932 790 2012 λαμβάνει
818 1931 870 1997 καί
897 1926 1068 2008 ἀναττελεῖ
1093 1927 1177 2009 ὑμῖν.

198 2157 520 2234 ΧΑΡΑΚΤΗΡΑ
538 2153 652 2234 πόλιν
668 2152 733 2234 τόν
750 2157 919 2257 εἰλικρινῆ
941 2180 980 2235 τε
1003 2155 1061 2236 καῖ
1079 2151 1371 2256 ἀκριβέστατονο

142 2279 205 2374 τῆς
236 2277 474 2362 ὑποστάσεως
503 2285 567 2358 τοῦ
599 2277 744 2381 Πατρός
774 2276 899 2360 ἑαυτὸν
926 2279 1011 2379 ἡμῖν
1038 2281 1106 2358 κάν
1134 2275 1272 2361 τούτοις
1302 2278 1341 2356 εὐ

141 2399 245 2498 μάλα
275 2399 428 2506 δέδειχεν
465 2402 485 2480 ό
518 2399 622 2500 Υἱὸς,
655 2404 786 2484 δίδωσί
818 2437 858 2483 τε
891 2403 933 2483 δι’
965 2399 1017 2482 ὧν
1045 2401 1116 2508 ἔφη
1154 2407 1256 2499 νοεῖν,
1286 2400 1341 2481 ότι

142 2523 278 2624 καρπὸς
305 2523 476 2630 ὐπόρχιον
502 2529 567 2626 τῆς
594 2526 720 2611 οὐσίας
746 2527 866 2624 αὐτοῦ,
894 2527 1014 2607 πάντα
1040 2523 1086 2606 τὰ
1113 2526 1222 2624 αὐτῆς
1250 2525 1342 2606 κατὰ

89 2682 128 2722 ιο
141 2646 256 2754 φύσιν
272 2646 452 2751 ἐπάγεται,
472 2648 544 2730 ἴδιοί
560 2684 599 2730 τε
613 2647 708 2748 ρῖναί
727 2657 832 2758 φησι,
852 2653 910 2731 καὶ
937 2649 1039 2750 μόλα
1063 2649 1218 2734 εἰκότως·
1258 2652 1336 2730 δια·

140 2769 330 2870 τέμνοντος
347 2772 431 2876 γὰρ,
449 2772 528 2874 ἤτοι
546 2772 749 2860 διιστάντας
765 2773 906 2860 οὐδενὸς
924 2781 973 2861 εἰς
994 2773 1258 2878 ἀλλοτριότητα
1276 2783 1341 2855 τοῦ

142 2896 287 3000 Πατρός
311 2895 375 2977 τὸν
393 2895 493 2996 Υῖὸν,
512 2897 602 2978 όσον
623 2899 707 2999 ἧκεν
729 2904 777 2983 εἰς
801 2897 844 2979 τὸ
868 2897 961 2980 κατὰ
985 2905 1059 2979 πᾶν
1082 2901 1200 2979 ὁτιοῦν
1217 2896 1340 2996 ὅμοιόν

139 3055 179 3100 τε
198 3023 255 3100 καὶ
273 3020 365 3117 ἴσον,
383 3021 466 3126 δίχα
491 3019 602 3119 μόνου
625 3029 690 3102 τοῦ
713 3019 801 3101 εἶναι
820 3022 977 3124 Πατέρα,
998 3021 1276 3121 διαλαμπούσης
1299 3055 1369 3102 τεο
1397 3048 1457 3103 931
1466 3045 1506 3101 Δ.

139 3147 204 3244 τῆς
229 3143 354 3227 οὐσίαις
377 3145 415 3223 ἐν
431 3145 566 3248 ἀμφοῖν
584 3145 651 3250 οὐχ
676 3143 924 3248 ἑτεροτρόπως,
942 3149 1020 3228 πῶς
1039 3145 1102 3224 οὐκ
1119 3143 1164 3224 ἀν
1182 3141 1251 3224 εἷεν
1270 3145 1339 3244 ἤδη

90 3292 127 3353 15
140 3265 249 3366 κοινὰ,
279 3273 424 3366 μᾶλλον
455 3266 493 3348 δὲ
522 3267 634 3348 ταύτά
658 3271 696 3347 ἒν
725 3271 872 3374 ἀμφοῖν,
901 3271 950 3352 ὡς
979 3263 1067 3348 εἶναι
1096 3267 1161 3368 μὲν
1193 3269 1231 3348 ε’ν
1262 3274 1340 3376 Υῖῷ

139 3390 186 3471 τὰ
213 3399 277 3472 τοῦ
307 3389 462 3495 Πατρός,
481 3390 575 3471 ε’νδέ
602 3398 654 3500 τῷ
680 3390 816 3473 τεκόντι
841 3391 887 3472 τά
914 3399 978 3472 τοῦ
1005 3391 1249 3493 γεννήματος;
1280 3391 1340 3472 διὰ

140 3513 212 3618 γὰρ
229 3523 345 3613 τοῦτο,
364 3514 524 3618 καθάπερ
548 3518 692 3624 ἐγῷμαι,
712 3513 802 3615 μετά
825 3517 981 3619 δριμείας
1006 3515 1101 3599 τινὸς
1125 3520 1189 3616 τῆς
1212 3517 1337 3617 ἐπιτη-

139 3639 289 3740 ρήσεως,
306 3637 389 3724 τούς
412 3641 492 3742 περὶ
517 3638 653 3719 τούτων
670 3639 754 3740 ἡμῖν
771 3638 966 3740 ἐποιήσατο
990 3639 1135 3743 λόγους.
1175 3640 1246 3748 ἔφη
1268 3639 1340 3744 γὰρ

140 3763 207 3866 οὐχ
225 3761 280 3844 ότι
299 3760 417 3844 πάντα
434 3761 501 3842 ’όσα
519 3759 590 3862 ἔχει
609 3771 625 3844 o‘
646 3762 762 3868 Πατῖιρ
778 3762 850 3869 ἕχον
868 3763 982 3866 κάγώ·
1013 3764 1072 3844 ἵνα
1095 3762 1146 3864 μὴ
1172 3765 1268 3870 ψιλή
1286 3799 1340 3850 τις

89 3921 128 3962 20
140 3883 243 3966 εἰκὼν
260 3885 283 3986 ἡ
302 3884 392 3967 κατὰ
409 3883 522 3986 μόνην
541 3885 710 3987 νοουμένη
728 3884 794 3986 τὴν
813 3886 1013 3986 ῖσοτυπίαν,
1032 3891 1091 3968 καὶ
1112 3896 1186 3974 τοῖς
1207 3889 1340 3995 ἔξωθεν

139 4013 336 4112 ὡραῖσμοῖς
353 4010 615 4117 μεμορφωμένη
633 4013 754 4109 νοῆται
771 4007 863 4112 πρὸς
885 4008 928 4090 τὸ
950 4009 1160 4116 ἀρχέτυπον,
1178 4009 1373 4114 καθάπερο

139 4135 202 4214 οὐν
220 4137 279 4216 καὶ
303 4135 399 4235 ἡμεῖς
425 4135 537 4216 αὐτοί·
568 4135 766 4238 γεγόναμεν
783 4133 856 4238 γάρ
878 4135 955 4217 κατ’
976 4133 1095 4214 εἰκόνα
1113 4140 1221 4215 Θεοῦ·
1252 4136 1338 4215 ἀλλ’

140 4395 228 4504 v1-3
240 4397 295 4436 οια.
309 4379 342 4436 Ε.
432 4399 512 4472 4-γι.
525 4379 587 4506 δὲῃ,
601 4397 635 4448 ²⁴
647 4382 730 4436 citant
742 4398 772 4470 φ’
783 4379 897 4435 Vaccus.
984 4399 1011 4447 4.
1031 4381 1183 4450 καλοιὺμῖν
1194 4378 1301 4435 exhibet
1314 4389 1342 4436 et

167 4467 256 4506 secun.
354 4463 381 4522 5.
399 4453 526 4522 λαρβσκι
565 4451 855 4524 ,αῦοοοααληψιτω
868 4449 920 4504 Bd.
1018 4449 1045 4504 ⁶.
1063 4451 1213 4574 τὸνοαιφγ.
1229 4449 1340 4506 νόσους.

1211 4537 1298 4576 ουσαν.
1312 4521 1341 4576 δὲ

143 4535 185 4577 10.
203 4515 267 4577 εἶναι
278 4538 333 4578 om.
346 4539 373 4594 q.
385 4521 466 4578 habet
477 4520 591 4578 Vaccus.
701 4537 743 4592 ¹³·
760 4519 954 4592 munigno.
1011 4521 1098 4576 τιιιλκ.
1112 4520 1254 4648 Eheu·
1277 4591 1319 4648 Ed

141 4590 190 4647 Ed.
267 4592 308 4648 18.
326 4592 386 4663 ἡμῖν
397 4601 567 4666 asumptum
579 4611 612 4648 ex
624 4610 650 4664 q.
665 4591 764 4648 Vooeo.
837 4607 879 4646 21.
897 4591 984 4660 νοῆται
997 4591 1029 4646 Ε.
1043 4594 1137 4648 νοεῖται
