3118 5132
306 310 371 376 372
413 265 416 278 ’
607 315 883 381 Remum
913 315 1202 380 ALEXANDR.
1304 311 1444 392 xiim,
1462 305 1532 372 28.

308 477 366 556 καὶ
390 478 569 580 ἀμελλητὶ
592 483 749 584 δρᾶσθαι
774 478 946 575 βούλεται
971 479 1071 585 παρὰ
1095 488 1159 562 τοῦ
1183 475 1357 576 διαβόλου
1379 470 1430 554 τά
1456 472 1535 550 ἐπὶ

307 605 359 708 τῷ
375 601 483 680 πάθει
501 601 742 703 τολμήματα,
774 604 833 683 καὶ
852 603 924 706 γὰρ
943 604 1113 707 τῆτηρετω
1131 601 1326 707 γεγόνασιν
1342 599 1536 680 Ἰουδαῖοι

307 726 367 802 καὶ
395 725 566 828 ὑπουργοὶ
594 731 667 806 τῶν
693 732 823 824 κακῶν,
852 727 937 806 ἀλλ’
967 727 1086 835 ἐκείνῳ
1114 726 1157 808 τὸ
1188 732 1262 808 πᾶν
1289 720 1533 820 ἐπιθήσομεν

307 857 572 951 στρατηγοῦντι
590 848 682 953 πρός
700 851 919 958 μιαιφονίαν,
938 853 996 930 καὶ
1014 852 1073 931 ἀπ’
1090 853 1212 956 ἀρχῶν
1230 847 1420 956 ἐξάρχοντι
1439 850 1532 926 τῶν

309 976 438 1050 κακῶν·
484 974 568 1052 ἀλλ’
600 978 630 1052 εί
666 976 725 1053 καὶ
761 973 910 1080 σφόδρα
947 971 1043 1085 δεινά
1073 972 1119 1054 τά
1154 978 1203 1058 εἰς
1237 967 1404 1075 Χριστόν
1439 975 1554 1050 τῶνι

309 1093 467 1176 ἀνοσίων
488 1097 670 1177 Ἰουδαίων
695 1095 921 1198 τολμήματα,
944 1101 1003 1177 καὶ
1029 1096 1212 1206 ἀφόρητος
1239 1102 1312 1177 τῶν
1334 1127 1523 1196 σταυρω-

280 1217 497 1320 εσάντωνὴ
521 1222 633 1323 ὕβρις,
651 1222 737 1300 ἀλλ’
757 1217 833 1326 ᾔδει
858 1229 923 1302 τοῦ
947 1219 1083 1306 πάθους
1106 1218 1149 1301 τὸ
1173 1220 1300 1324 πέρας,
1321 1220 1380 1298 καὶ
1405 1217 1446 1297 τί
1469 1216 1525 1298 τὸ

309 1343 470 1423 ἐντεῦθεν
488 1343 780 1444 ἀποβησόμενον.
818 1343 950 1444 ἔμελλε
968 1343 1040 1450 γάρ
1058 1342 1116 1425 διά
1132 1352 1197 1424 τοῦ
1214 1345 1330 1442 τιμίου
1347 1348 1526 1444 σταυροῦ

309 1472 502 1547 πεσεῖσθαι
534 1466 600 1567 μὲν
627 1474 675 1552 είς
705 1466 747 1548 τὸ
775 1466 1005 1569 παντελέςῆ
1034 1476 1099 1549 τοῦ
1127 1463 1301 1564 διαβόλου
1330 1467 1520 1568 τυραννὶς,

309 1596 568 1693 καταργεΐσθαι
591 1594 650 1671 καὶ
672 1591 835 1690 θάνατος,
860 1593 919 1671 καὶ
946 1590 989 1672 τό
1015 1595 1081 1691 τῆς
1107 1596 1247 1698 φθορᾶς
1271 1588 1523 1697 ἀφανίζεσθαι
1549 1627 1556 1668 ι

310 1711 451 1815 κράτος,
467 1713 697 1796 ἀπολόεσθαί
718 1748 756 1794 τε
781 1719 846 1815 τῆς
870 1715 1021 1820 ἀρχαίας
1046 1715 1176 1814 ἐκείνης
1198 1717 1286 1819 ἀρᾶς
1304 1711 1346 1793 τὸ
1365 1711 1518 1814 ἀνθρώ-

309 1870 415 1916 πινον
433 1838 546 1938 γένος,
565 1837 738 1942 ἀργήσειν
756 1842 1004 1942 προσεδοκᾶτο
1026 1836 1156 1919 λοιπὸν
1173 1839 1212 1918 ἐκ
1234 1835 1522 1945 φιλανθρωπίας

140 1958 252 2090 ffiffiffi·
310 1963 369 2040 καὶ
386 1959 533 2066 χάριτος
554 1971 619 2043 τοῦ
639 1967 807 2066 Σωτῆρος
831 1963 934 2064 ἡμῶν
951 1968 1126 2066 Χριστοῦ,
1145 1962 1188 2042 τό
1206 1972 1228 2010 “
1243 1965 1273 2045 Γ
1274 1997 1296 2061 η
1321 1957 1354 2040 εἶ
1375 1962 1435 2040 καὶ
1460 1963 1522 2042 εἷς

140 2091 183 2220 fg·
196 2091 245 2140 ovi.
311 2095 332 2132 ‘⁶
351 2087 421 2186 γῆν
448 2085 671 2191 ἀπελεόση·”
700 2086 854 2185 ἐμελλεν
881 2099 903 2136 “
919 2088 1048 2187 ἀνομία
1077 2087 1212 2186 πάσα,”
1231 2083 1323 2165 κατά
1352 2081 1417 2182 τῆν
1443 2091 1519 2163 τοῦ

141 2194 252 2286 741Δ.
279 2207 499 2316 υπροφήτου
521 2208 657 2318 φωνὴν,
676 2220 698 2258 “
711 2210 909 2318 ἐμφράξαν
934 2209 977 2291 τό
1003 2211 1126 2310 στόμα
1153 2209 1291 2309 αὐτῆς,”
1312 2209 1371 2288 καὶ
1394 2239 1513 2308 κατη-
1544 2257 1558 2298 1

311 2339 431 2435 γορεῖν
448 2332 515 2432 μέν
536 2335 652 2414 οὐκέτι
676 2341 749 2414 τῶν
771 2335 829 2415 ὑπ’
849 2333 961 2436 αιἀῆν
981 2334 1191 2438 γεγονότων,
1210 2333 1445 2440 ἀφανίζεσθαι
1471 2331 1519 2414 δὲ

310 2463 498 2540 παντελῶς
522 2456 679 2556 ἔμελλον
697 2463 731 2537 οἱ
757 2456 850 2538 κατά
873 2465 1000 2539 πᾶσαν
1017 2457 1084 2559 τὴν
1101 2457 1307 2558 οἰκουμένην
1328 2455 1392 2537 τὸν
1412 2458 1511 2555 ἀλη-

249 2601 255 2614 ·
311 2584 383 2664 θῶς
411 2579 521 2686 φύσει
549 2582 607 2659 καὶ
634 2581 746 2678 μόνον
768 2583 833 2661 οὐκ
860 2580 990 2666 είδότες
1015 2580 1123 2680 θεὸν,
1142 2580 1176 2662 οἳ
1202 2587 1248 2686 τῆ
1272 2585 1320 2665 είς
1344 2579 1517 2684 Χριστὸν

301 2703 554 2784 δεδικαίωνται
585 2703 718 2802 πίστει,
750 2703 1036 2810 ἀνοιχθήσεσθαι
1072 2702 1202 2785 λοιπὸν
1235 2705 1257 2804 ἡ
1291 2712 1355 2785 τοῦ
1386 2737 1509 2805 παρα-

311 2825 434 2908 δείσου
458 2832 705 2930 προσεδοκᾶτο
728 2827 841 2928 πύλη·
884 2827 1017 2928 ἔμελλε
1046 2835 1119 2912 τοῖς
1146 2827 1318 2908 ἀνωτάτω
1341 2825 1388 2908 τά
1411 2825 1514 2907 κάτω
1552 2904 1559 2909 ,

142 2953 251 3081 ξξλῐῦῑ
311 2950 574 3050 συνάπτεσθαι,
601 2953 902 3053 καὶάνοίγεσθαι
934 2949 1000 3050 μέν
1027 2949 1206 3055 οὐρανοὺς,
1234 2949 1327 3032 κατά
1352 2949 1418 3052 τῆν
1442 2960 1515 3032 τοῦ

313 3079 482 3178 Σωτῆρος
506 3074 644 3182 φωνήν·
674 3073 720 3156 τά
745 3073 784 3155 δέ
809 3081 882 3156 τῶν
900 3075 1013 3178 ἁγίων
1034 3073 1204 3178 ἀγγέλων
1225 3074 1393 3178 τάγματα
1416 3076 1511 3152 ἀνα-

312 3200 449 3293 βαίνειν
476 3203 535 3279 καὶ
562 3199 790 3297 καταβαίνειν
817 3201 875 3280 ἐπὶ
903 3197 967 3280 τὸν
995 3196 1072 3280 υἱόν
1098 3207 1163 3280 τοῦ
1191 3198 1392 3302 ἀνθρώπου.
1433 3194 1516 3279 εἶτα

280 3321 500 3403 δτοσοότων
528 3323 608 3404 είπέ
633 3357 696 3422 μοι
723 3323 1035 3428 προσδοκωμένων
1063 3326 1221 3425 ἀγαθῶν,
1251 3326 1310 3403 καὶ
1340 3328 1516 3424 λαμπρᾶς

313 3447 427 3529 οὕτως
444 3445 589 3531 ἐλπίδος
612 3447 887 3548 ἀνατικτομένης
912 3448 996 3547 ἡμῖν
1014 3446 1073 3527 διὰ
1097 3455 1161 3526 τοῦ
1186 3447 1366 3550 σωτηρίου
1390 3478 1509 3524 σταυ-
1537 3500 1558 3542 2

312 3576 391 3672 ροῦ·
421 3574 499 3652 πῶς
526 3570 590 3648 οὐκ
617 3569 685 3649 ἔδει
710 3567 775 3648 τόν
794 3568 861 3668 τῆν
883 3569 1055 3674 ἡμετέραν
1075 3569 1285 3676 διψήσαντα
1310 3569 1510 3671 σωτηρίαν,

314 3687 374 3770 διά
390 3724 429 3770 τε
451 3698 557 3771 τοῦτο
581 3694 663 3772 καθ’
684 3692 778 3791 ἡμᾶς
801 3691 976 3796 γεγονότα
1001 3695 1108 3798 χωρὶς
1133 3693 1317 3798 ἁμαρτίας,
1335 3691 1399 3772 τὸν
1415 3695 1514 3776 οὕτω

314 3811 531 3916 τριπόθητον
555 3814 760 3919 ἐπείγεσθαι
787 3818 937 3909 βλέπειν
961 3817 1029 3918 ἤδη
1056 3815 1218 3920 παρόντα
1247 3813 1396 3920 καιρόν;
1430 3823 1515 3904 πῶς

316 3934 355 4016 δέ
392 3939 457 4018 οὐκ
488 3939 598 4043 ἐχρῆν
629 3937 693 4020 τὸν
724 3936 828 4019 οόδέν
855 3939 973 4020 εἰδότα
1005 3938 1115 4020 κακόν
1142 3943 1417 4046 καταφρονῆσαι
1442 3939 1516 4037 μέν

314 4067 388 4142 τῶν
419 4063 459 4140 ἐκ
495 4065 706 4163 διαβολικῆς
742 4064 955 4167 κακουργίας
991 4063 1275 4164 ἐσκευασμένων,
1307 4061 1558 4178 ἐπείγεσθαι3

351 4281 379 4329 4.
395 4264 498 4339 πάγτιιν
507 4279 557 4334 pro
568 4262 693 4352 ἀπαρχῶν
705 4261 776 4318 catt.
967 4262 994 4319 6.
1012 4265 1164 4334 τολμῶμενα
1175 4283 1199 4320 α.
1212 4263 1364 4356 τολμήματα
1375 4263 1469 4354 δαδηηῑ
1481 4288 1513 4328 c,

316 4331 400 4388 cord.
586 4346 612 4404 7.
628 4331 721 4404 περας]
738 4339 767 4398 4
782 4333 896 4404 Χριστὸς
908 4331 980 4389 cntt.
1168 4351 1208 4391 ιο.
1229 4357 1271 4390 και
1277 4353 1357 4418 ¹prm!
1371 4334 1403 4390 Ε.
1414 4335 1440 4389 δι
1453 4337 1510 4398 Ed,

318 4418 360 4468 ιη.
379 4401 519 4459 ἀπολείπει
532 4403 564 4458 Ε.
692 4419 733 4470 15.
751 4405 782 4457 τὸ
794 4413 963 4474 assumptum
976 4421 1009 4458 ex
1022 4405 1054 4460 E.
1068 4405 1156 4476 (Vnt.)
1170 4406 1204 4462 cf.
1217 4405 1245 4460 in
1258 4423 1294 4460 ιιι
1309 4405 1407 4478 Proph.
1418 4421 1463 4476 471
1479 4427 1511 4478 a,

546 4489 589 4528 21.
607 4473 729 4544 οὐρανοὺς
741 4473 879 4529 emendavi
890 4483 952 4546 ροιι
965 4474 1067 4546 Migne.
1079 4477 1186 4547 οὐρανὸς
1198 4475 1270 4532 Aub.
1405 4493 1444 4543 ²4·
1462 4501 1512 4536 το.
