3082 5112
333 332 399 398 340
638 332 678 398 Β.
702 331 912 398 OYRILLI
942 330 1234 396 ALEXANDR.
1345 329 1399 394 xii.
1410 345 1460 416 49,
1473 341 1515 412 50

334 501 479 598 πολλῆς
516 499 635 580 τοίνυν
671 501 731 578 καὶ
768 501 939 602 ἀκριβοῦς
970 499 1170 597 οἰκονομίας
1207 498 1228 576 ὁ
1262 493 1394 600 Κύριος
1427 495 1515 594 ἡμῶι

335 621 478 722 Ἰησοῦς
494 626 559 722 τῆς
584 620 735 724 ἐνούσης
761 623 880 706 αῦτοῖς
905 622 1071 706 ι’πτονοίας
1095 617 1268 719 μεθιστὰς
1292 619 1374 704 τοῦς
1398 621 1515 721 ἀκροω

334 744 469 844 με’νοος,
487 749 535 830 ὡς
554 745 627 828 ἀπὸ
646 749 764 852 ψιλοῦ
781 749 840 826 καὶ
864 745 976 845 μόνον
999 752 1064 824 τοῦ
1089 744 1314 848 ἀνθρωπίνου
1336 741 1515 846 προσείποι

333 869 557 974 μετακομίζει
580 869 645 950 τὸν
667 869 781 972 λόγον
798 871 857 950 ἐπὶ
881 866 945 950 τὸν
963 866 1226 974 ἀναντιρῤήτως
1249 902 1289 948 τε
1314 871 1372 947 καὶ
1395 869 1515 964 ὀμολο·

333 993 515 1095 γουμίνως
542 993 867 1097 προσκυνούμενον,
888 996 981 1099 φημὶ
1010 991 1054 1093 δὴ
1081 991 1145 1073 τὸν
1164 989 1260 1072 Θεὸν
1285 994 1344 1073 καὶ
1369 991 1515 1094 Πατέρα

335 1114 394 1198 διῦι
422 1116 559 1204 παντὸς
591 1121 719 1222 χρῆναι
750 1115 886 1220 τρόπου
917 1113 984 1216 τὴν
1012 1118 1225 1197 ἀπαίδευτον
1253 1123 1327 1196 τῶν
1354 1117 1515 1196 Ἰουδαία)

335 1243 484 1344 καρδίαν
508 1244 729 1323 ἐκδυσωπεῖν
754 1239 923 1341 οἰόμενος,
948 1242 1006 1320 καὶ
1033 1239 1336 1346 μεταχειρίζεσθαι
1363 1241 1515 1320 ποικίλω

302 1362 419 1448 θτοῦς
437 1363 631 1449 ἀσυνέτους
649 1366 837 1470 ἐπιχειρῶν
854 1369 903 1449 είς
921 1362 964 1444 τὸ
982 1363 1184 1458 βούλεσθαι
1203 1369 1328 1462 μαθεῖν
1345 1363 1390 1444 τά
1413 1365 1515 1462 ἀληθ

336 1523 395 1569 και
382 1489 712 1592 πρεπωδέστερα.
761 1489 934 1574 τοιούτοις
961 1486 1027 1585 μέν
1053 1489 1164 1568 οὖν’
1142 1487 1380 1642 αποχρήσαιτ
1408 1487 1453 1566 ἀν
1481 1522 1515 1567 τι

337 1611 462 1715 λόγοις
483 1647 522 1694 τε
547 1645 605 1693 και
631 1610 911 1717 θεωρήμασι,
869 1647 934 1696 τας
952 1618 1026 1692 τῶν
1044 1613 1202 1693 ἀνοσίων
1219 1617 1403 1760 αἱρετικρῦν
1420 1619 1515 1717 φιλο

336 1737 473 1886 φογίας
499 1734 828 1839 διακρουόμενος’
796 1733 977 1834 οιομένων,
995 1734 1050 1816 ὅτι
1067 1743 1168 1835 μεῖον
1184 1735 1255 1843 ἕξει
1275 1735 1367 1816 κατά
1389 1770 1422 1815 τι
1446 1770 1515 1837 γου

337 1857 518 1959 ὁΥἱῦς,
495 1895 544 1945 ως
561 1859 653 1964 πρὸς
672 1859 737 1940 τὸν
753 1861 880 1940 ἑαυτοῦ
898 1857 1106 1962 γεννήτορα,
1126 1857 1246 1940 διὰ
1210 1894 1253 1940 το
1278 1859 1390 1966 φάναι
1408 1871 1515 1941 λαλεῖ

337 1981 403 2082 μὲν
432 1985 495 2091 ἀφ’
523 1987 650 2065 ἑαυτοῦ
680 1982 802 2084 μηδέν,
831 1981 1001 2064 δεδόσθω
1032 1982 1148 2085 γεμὴν
1176 1981 1314 2082 εἰτολῦμ,
1344 1991 1474 2065 λαλεῖν
1503 2021 1515 2065 τ

338 2109 433 2188 οὕτω
451 2107 615 2212 καθάπερ
634 2106 855 2210 ἠκροάσατο.

397 2234 470 2311 Καὶ
488 2233 654 2336 ἀρκέσειν
672 2231 739 2332 μέν
757 2229 855 2333 οἶμαι
873 2235 934 2312 καὶ
951 2241 1075 2330 ταῦτα,
1087 2229 1188 2332 πλὴν
1205 2235 1273 2336 ε’ριῦ
1291 2267 1326 2314 τι
1343 2235 1401 2312 καὶ
1419 2231 1515 2335 ἔτερ(

338 2358 403 2454 τῆς
435 2356 576 2436 ἐκείνων
606 2356 899 2459 ἀθυρογλωττίας
930 2353 997 2456 τὴν
1025 2358 1130 2459 ὕβριν
1159 2358 1401 2460 ἀπογυμνοῦν.
1455 2356 1515 2462 φέγ

310 2475 421 2580 ογάρ,
435 2483 466 2558 εὶ
484 2483 589 2578 δοκεῖ,
607 2477 729 2585 βραχῦ
747 2480 1040 2584 περιστείλαντες
1058 2483 1122 2580 τῆς
1138 2479 1229 2579 μετὰ
1246 2477 1383 2584 σαρκὸς
1401 2485 1515 2560 οἷκονι

339 2602 423 2700 μίας
441 2601 480 2681 ἕν
497 2636 540 2705 γε
558 2609 610 2710 τῷ
631 2603 785 2706 παρόντι
809 2603 875 2684 τὸν
893 2601 1018 2707 λόγον,
1036 2605 1090 2685 ἐπ’
1111 2605 1221 2684 αῦτοῦ
1245 2602 1461 2704 δεικνύωμεν
1479 2639 1514 2684 τι

342 2729 572 2827 Μονογενοῦς
598 2729 714 2831 ὀρθῶς
738 2761 777 2807 τε
805 2729 865 2808 καὶ
893 2733 1014 2812 καλῶς
1039 2728 1221 2832 εἰρημένον
1245 2726 1387 2810 τόὍτι
1413 2728 1485 2830 ἐγῶ

340 2848 486 2953 ἐμαυτοῦ
503 2854 537 2930 ιῦ
555 2849 670 2948 λαλῦ,
689 2855 774 2930 ἀλλ’
788 2859 810 2932 ’ὁ
830 2843 990 2960 πίμφιις
1007 2887 1054 2956 με
1074 2849 1188 2959 Πατῦιρ
1206 2853 1308 2938 αὐτός
1329 2888 1389 2958 μοι
1416 2853 1513 2931 ἐντιλ

340 2968 462 3055 θίθωιιε
480 2977 516 3054 τί
537 2975 621 3055 εἴπω
649 2982 709 3056 καὶ
734 2977 771 3056 τί
792 2977 951 3070 λαλήσω.
991 2973 1096 3059 αῦτῦς·
1121 2974 1193 3078 γὰρ
1218 2973 1308 3056 ιῦνό
1330 2975 1402 3079 ζῶν
1418 3010 1461 3056 τε
1489 3011 1513 3054 κ

339 3096 582 3184 ε’νυπύστατος
601 3098 724 3202 Λόγος
748 3108 813 3180 τοῦ
839 3106 936 3182 Θεοῦ
961 3103 1020 3182 καὶ
1042 3101 1199 3206 Πατρὸς,
1217 3105 1421 3205 ἀναγκαίως
1448 3105 1513 3206 διεγ

340 3223 480 3322 μηνεύει
508 3221 554 3303 τὰ
579 3225 617 3303 ἐν
639 3224 749 3332 αύτῷ,
767 3227 825 3304 καὶ
850 3223 893 3304 τὸ
921 3229 970 3309 ὡς
997 3227 1036 3306 ἐν
1059 3225 1207 3326 θελήσει
1234 3231 1363 3308 δοκοῦν
1386 3232 1441 3334 τῷ
1472 3233 1513 3306 ὶδ

173 3374 286 3434 718A.
311 3347 528 3452 ογεννήτορι
556 3345 697 3454 ἐξάγων
722 3353 770 3433 εἷς
803 3355 894 3456 φιῦς,
921 3353 971 3434 ὡς
1002 3351 1150 3450 ἐντολῆς
1182 3349 1331 3450 δύναμιν
1357 3351 1512 3456 εὶληφέν

342 3472 471 3576 φησίν·
515 3470 584 3551 ’ίδοι
622 3470 656 3553 δ’
690 3472 735 3552 ἀν
766 3507 820 3557 τις
851 3475 911 3554 καὶ
947 3475 1004 3579 ἐφ’
1037 3473 1140 3574 ἡμῶν
1176 3475 1294 3556 αῦτῦν
1330 3471 1473 3575 ἀληθές

341 3601 503 3698 πρᾶγμα,
523 3599 582 3675 καὶ
609 3597 676 3701 οῦχ
700 3595 827 3700 ἐτέρως
853 3595 948 3702 ἐχον.
989 3596 1101 3699 λόγος
1125 3596 1197 3701 γὰρ
1225 3599 1246 3678 ὁ
1272 3598 1511 3705 προφορικὸς.

337 3719 381 3798 ἐν
398 3717 569 3799 συνθεσει
586 3719 798 3826 λεξεων
741 3754 800 3800 και
817 3719 999 3824 ῥημάτων,
1017 3718 1077 3800 διό
1092 3755 1131 3802 τε
1150 3725 1333 3829 φωνῆς
1288 3756 1353 3822 της
1371 3723 1511 3873 ενάρθρ

342 3839 486 3947 πρῦς
449 3877 492 3923 το
511 3842 582 3950 ἔξω
601 3843 911 3944 διακτνπούμενος,
930 3843 1237 3945 ἐντελλομένης
1207 3881 1334 4001 ωσπερ
1356 3847 1464 3955 αὐτῷ
1493 3883 1511 3929 τ

343 3967 514 4071 ἡμετέρας
545 3968 712 4066 διανοίας,
744 3966 958 4050 ἐκκαλύπτει
990 3966 1037 4048 τά
1066 3971 1105 4048 ἐν
1136 3970 1237 4075 αὐτῇ,
1266 3974 1326 4051 καὶ
1360 3977 1393 4052 εὶ
1427 3971 1486 4070 μὴ

344 4090 462 4198 χρόνῳ
489 4097 616 4197 μακρῷ
643 4089 686 4170 τῦ
714 4097 867 4194 πρᾶγμα
892 4093 1040 4194 γίνεται·
1083 4089 1158 4192 ἅμα
1184 4091 1256 4197 γάρ
1280 4128 1316 4174 τι
1339 4097 1510 4193 <rumim

345 4223 437 4312 νοῦς,
457 4217 515 4294 καὶ
533 4214 709 4318 παρέθετο
731 4221 777 4321 τῇ
803 4221 921 4322 φωνῇ·
952 4216 975 4315 ἦ
1000 4212 1038 4296 δέ
1062 4214 1153 4319 πρὸς
1177 4215 1221 4296 τῦ
1245 4216 1317 4324 ἔξω
1342 4217 1510 4322 βαδίζον

343 4337 390 4418 τά
414 4341 452 4417 ἐν
477 4345 528 4446 τῷ
552 4337 667 4434 βάθει,
690 4337 737 4418 τὰ
764 4341 801 4419 ἐν
824 4345 876 4447 τῷ
904 4339 958 4420 νοῒ
985 4339 1200 4441 διερμηνεύει
1227 4339 1509 4442 παραλλάττον

379 4509 405 4581 5
424 4495 502 4562 δὴΕ.
514 4495 607 4552 Md.
710 4515 751 4553 10.
768 4499 962 4587 μένρῐοτεΕ.
1015 4499 1235 4572 φιλοψογίαιςΕ.
1336 4519 1379 4567 14.
1399 4498 1509 4571 ἦκροάο

346 4563 422 4617 Ε.’κ
372 4567 501 4634 ,ιγκροᾶτο
514 4566 565 4620 Ed.
673 4585 717 4638 32.
736 4567 1022 4640 διερμηνεύεινΜίμαε.
