3142 5118
359 351 423 413 218
663 351 702 417 B.
725 351 931 416 CYRILLI
961 351 1248 417 ALEXANDR.
1455 367 1518 410 x.1‹

359 515 479 615 μένου,
507 519 565 596 καὶ
593 517 684 616 μετὰ
713 527 833 623 χεῖρας
862 518 965 604 ὄντος
995 520 1125 618 αὐτοῖς,
1152 525 1183 597 εί
1210 515 1259 617 μὴ
1287 515 1353 616 τὴν
1380 514 1518 617 ταχίστι

331 639 503 724 αέαυτοίις
531 641 828 742 μεταστήσαντες
856 645 913 723 ε’πὶ
938 643 980 723 τὸ
1006 641 1126 724 θέλειν
1156 641 1344 724 ὑπακούειν
1372 639 1467 745 αὐτῷ
1487 643 1518 716 ’τί

360 766 445 869 παρ’
465 767 574 845 αὐτοῦ
593 771 736 872 φειδοῦς
755 768 1013 848 ἀπολαύσειαν.

310 1034 398 1100 10¹0
418 1035 560 1101 κλέπτεις
579 1034 637 1100 οὐκ
660 1035 790 1124 ἔρχεται
815 1033 843 1100 εἷ
867 1035 910 1112 μιὶ
935 1037 989 1103 ἵνα
1015 1039 1119 1128 κλὲψη
1145 1038 1198 1102 καί
1220 1037 1301 1127 θύοη
1328 1034 1381 1098 καὶ
1398 1032 1518 1098 ὰπολὲο

503 1162 569 1237 ὲτὼ
596 1157 696 1228 ιἰλθον
723 1163 776 1227 ἵνα
803 1162 887 1252 ζωὴν
914 1163 1023 1251 ἔχωσι,
1050 1163 1103 1229 καί
1130 1164 1284 1253 περισσὸν
1310 1161 1419 1248 ἔχωσι.

430 1335 557 1439 θύραν
593 1333 720 1415 ἑαυτὸν
760 1332 848 1415 εἶναι
889 1335 1099 1443 φάσκοντος
1141 1345 1205 1417 τοῦ
1247 1337 1415 1436 Σωτῆρος
1459 1331 1518 1430 ἡμι

359 1465 535 1562 Χριστοῦ,
559 1464 618 1540 καὶ
645 1462 698 1540 ἐπ’
728 1461 824 1567 αύτῷ
853 1465 993 1540 κεῖσθαι
1023 1458 1256 1543 διδάσκοντος
1284 1458 1326 1540 τὸ
1354 1460 1412 1536 καὶ
1441 1461 1518 1534 είσκ

358 1584 468 1686 μίζειν
487 1583 547 1668 οὓς
570 1583 615 1664 ἀν
641 1584 813 1678 βούλοιτο
839 1583 958 1690 τυχὸν,
978 1583 1048 1692 ἔξω
1075 1618 1114 1664 τε
1139 1582 1253 1682 μένειν
1271 1586 1332 1662 ε’ἇν
1349 1579 1414 1660 τὸν
1433 1583 1518 1658 ἀνεπ

192 1725 309 1784 644A.
330 1707 496 1808 απῆδειον
523 1711 581 1788 καὶ
609 1707 699 1811 πρὸς
728 1707 769 1787 τὸ
797 1710 996 1808 ποιμαίνειν
1024 1708 1297 1814 ἀτεχνέστατον,
1323 1707 1373 1786 ἔτι
1401 1738 1441 1785 τε
1470 1737 1518 1804 πρ

358 1834 506 1932 τούτοις,
526 1836 584 1913 καὶ
602 1832 744 1939 ληστάς
767 1836 826 1912 καὶ
850 1834 1007 1917 κλέπτας
1035 1832 1323 1933 ἀποκεκληκὸτος
1349 1828 1433 1914 τοὺς
1462 1829 1518 1908 οἵπ

356 1955 455 2058 ἦσαν
472 1955 667 2058 αὐτόμολοι
691 1952 782 2061 πρὸς
807 1953 873 2056 τὴν
892 1959 933 2035 ού
958 1960 1126 2036 δοθεῖσαν
1143 1957 1261 2040 αὐτοῖς
1280 1955 1418 2036 ἀνωθεν
1437 1951 1514 2058 χάρ

358 2081 595 2186 διελογίᾷιντο
620 2081 734 2164 πάλιν
760 2086 792 2160 οί
820 2081 969 2161 δείλαιοι
995 2086 1188 2183 Φαρισαῖοι
1214 2081 1266 2164 τίς
1292 2079 1362 2182 ἀρα
1387 2076 1518 2180 ὑπάρχ

358 2209 482 2286 οὑτοσὶ
509 2206 601 2310 πρὸς
628 2206 811 2306 τοσαύτην
835 2205 951 2285 ἀνεισι
978 2207 1196 2310 παῤῥησίαν,
1218 2205 1358 2288 ἐκείνοις
1389 2200 1440 2281 ὧν
1470 2199 1518 2281 τά

358 2333 417 2410 καὶ
435 2329 541 2415 αὐτὸς
559 2333 769 2434 ἐναρίθμιος,
787 2327 837 2410 ὧν
854 2336 1077 2410 καταιτιᾶται
1099 2329 1164 2428 τὴν
1184 2329 1320 2436 ἄφιξιν·
1357 2333 1518 2434 φευδοπι

358 2454 447 2552 μένα
465 2452 536 2556 γάρ
555 2451 669 2562 ᾤοντο
691 2457 749 2534 καὶ
775 2454 1069 2561 φευδεπιστάτην
1087 2457 1145 2533 καὶ
1165 2453 1275 2534 αὐτὸν
1293 2457 1341 2536 ὡς
1365 2453 1410 2559 ἐξ
1432 2457 1515 2531 οίκε

358 2583 602 2686 ἀναδεδεῖχθαι
631 2581 785 2683 γνώμης,
814 2581 882 2686 οὐχ
911 2578 964 2660 ὅτι
994 2580 1088 2664 Θεὸς
1117 2576 1167 2658 ὧν
1196 2579 1344 2682 γέγονεν
1371 2576 1518 2678 ἀνθρωτ

359 2704 451 2784 κατά
481 2703 523 2785 τὸ
559 2703 797 2809 ἀρχαιότατον
830 2703 997 2808 κήρυγμα
1029 2708 1092 2803 τῆς
1125 2701 1366 2784 θεοπνεύστου
1401 2709 1518 2806 γραφ

325 2828 450 2913 δείκδς
475 2827 513 2908 δέ
539 2827 582 2929 δὴ
609 2831 667 2908 καὶ
691 2828 945 2934 συλλέξαντας
969 2827 1035 2926 τὴν
1053 2831 1172 2928 ἀληθῆ
1195 2833 1334 2929 γνῶσιν
1351 2827 1434 2928 περὶ
1458 2825 1518 2902 αι’ν.

358 2951 520 3055 καθάπερ
547 2989 582 3032 τι
610 2959 682 3032 τῶν
704 2955 899 3056 δυσαχθῶν
924 2960 1001 3036 ταῖς
1026 2952 1216 3036 ἀπαθείαις
1240 2945 1518 3056 ἀποφορτίζεσί

357 3083 406 3162 είς
439 3077 531 3174 μόνα
565 3075 602 3158 δέ
633 3075 781 3172 βλέπειν
813 3073 859 3155 τά
892 3075 976 3155 καθ’
1008 3075 1139 3176 ἡδονὴν
1171 3077 1290 3158 αὐτοῖς
1322 3077 1381 3153 καὶ
1418 3071 1476 3152 τὰ

357 3205 547 3309 φροντίδος
566 3201 722 3300 κείμενα·
750 3209 863 3281 ταῦτα
888 3199 925 3280 δέ
951 3197 1054 3300 ἦντὸ
1077 3207 1178 3280 λαῶν
1197 3201 1366 3301 ἡγεῖσθαι
1391 3199 1457 3277 καὶ
1487 3232 1518 3276 π

356 3327 443 3407 αὐτὸ
476 3325 769 3432 χρηματίζεσθαι.
821 3327 895 3406 ἐπεὶ
926 3327 1045 3406 τοίνυν
1078 3325 1171 3428 ἔγνω
1184 3329 1188 3338 ’
1203 3331 1317 3405 ταῦτα
1350 3325 1518 3420 διενθυμ

356 3452 492 3550 μένους,
524 3448 547 3552 ἢ
585 3452 644 3529 καὶ
676 3448 854 3549 ἀλλήλοις
887 3448 1151 3556 ψιθυρίζοντας,
1184 3451 1226 3528 ού
1258 3444 1473 3551 περιμείνας
1516 3483 1518 3498 “

355 3576 439 3677 παρ’
473 3575 590 3654 αὐτῶν
622 3573 894 3682 ἐμφανεστέραν
930 3573 1164 3680 κατάρῤησιν,
1199 3576 1434 3673 ἀπολογεῖται
1484 3605 1518 3649 π

356 3696 506 3796 πάντως,
526 3701 585 3778 καὶ
610 3699 654 3804 ἐξ
677 3699 795 3777 αὐτῶν
818 3701 946 3802 χρῆναι
972 3705 1045 3778 τῶν
1062 3697 1287 3800 πραγμάτων
1306 3691 1518 3798 δοκιμάζεσ

357 3821 619 3928 διισχυρίζεται,
651 3824 705 3905 τίς
737 3820 803 3921 μὲν
835 3823 855 3901 ὁ
887 3821 1032 3922 ποιμὴν,
1065 3822 1119 3904 τίς
1151 3820 1188 3900 δέ
1222 3821 1241 3900 ὁ
1273 3819 1435 3918 κλέπτης
1480 3823 1518 3898 ε’(

358 3945 608 4050 δυσδιάκριτον
629 3943 743 4048 γερὴν
765 3945 807 4025 τὸ
835 3955 996 4027 τοιοῦτον
1020 3947 1183 4044 οὐδαμῶς
1211 3941 1302 4024 εἷναί
1327 3950 1469 4049 φησιν,
1495 3945 1518 4025 ὅ

328 4101 411 4156 οτις
429 4068 493 4151 τὸν
511 4069 666 4151 ἑκάστου
686 4068 912 4176 περιαθρήσῃ
935 4067 1076 4151 σκοπόν
1095 4104 1134 4150 τε
1159 4071 1218 4149 καὶ
1242 4065 1389 4172 τρόπον.
1435 4067 1500 4150 Ὁ

396 4345 418 4382 1.
437 4327 511 4384 ὄντος
524 4327 557 4381 Β.
569 4325 649 4383 ὄντας
663 4325 752 4381 Holst.
768 4325 820 4380 Ed.
928 4343 954 4396 3.
972 4323 1093 4396 φειδοῦς]
1111 4331 1139 4390 4
1155 4326 1224 4398 οὗτῷ
1241 4324 1271 4378 B.
1380 4321 1406 4376 6.
1434 4323 1518 4392 ἥμῶι

355 4396 445 4467 Ἰησοῦ
460 4398 507 4452 Ht.
522 4398 572 4452 Ed.
653 4413 749 4451 20—22.
768 4397 1043 4468 είς-χρηματίζεσθαι
1056 4405 1195 4467 assumpta
1207 4414 1239 4448 ex
1253 4394 1276 4449 Β
1289 4411 1345 4462 mg.
1434 4411 1495 4448 21.

357 4468 480 4522 emendat
495 4468 594 4540 Heyse.
606 4472 679 4522 λοιον
695 4467 726 4522 B.
921 4485 963 4539 ²3·
982 4466 1108 4536 ἀλλήλοις
1120 4467 1306 4536 φιθυρίζοντας
1318 4461 1461 4518 emendat
1481 4467 1518 4524 H,

356 4537 692 4608 ἀλλήλουσεψιθυρίζοντας
703 4538 736 4592 B.
745 4537 877 4606 ἀλλήλους
889 4539 1103 4611 ε’κψιθνρίζοντος
1113 4537 1165 4592 Ed.
1194 4537 1315 4592 Fortasse
1324 4532 1495 4602 ἀλλήλοισι
1510 4563 1518 4591 ι

356 4609 480 4678 ρι’(οντας.
519 4609 625 4664 Desunt
637 4609 702 4662 haec
715 4608 795 4664 verba
806 4609 835 4662 in
847 4626 871 4663 a.
