3118 5132
295 355 362 418 σοι
593 355 631 421 Β.
656 345 864 421 cmm
894 353 1185 420 ALEXANDR.
1362 351 1513 436 xifi34.

295 551 351 616 με,
378 521 436 598 καὶ
464 520 532 624 ούχ
559 519 733 623 εὑρήσετέ
755 547 810 619 με·
849 527 924 604 τοῖς
950 517 1064 622 γεμὴν
1089 521 1215 599 ἑαυτοῦ
1241 521 1427 618 μαθηταῖς,
1458 511 1514 592 τό

296 640 461 735 Ζητήσετέ
480 678 527 747 με
548 640 660 742 μόνον
679 645 806 749 φησίν,
825 645 1022 749 ἀποσιωπᾷ
1050 639 1089 721 δὲ
1115 638 1322 745 πρεπόντως
1350 638 1392 719 τό
1411 638 1514 740 Ούχ

296 763 475 869 εὑρήσετε·
510 771 569 847 καί
598 766 657 847 διά
683 770 791 849 ποίαν
815 771 954 868 αἰτίαν;
990 765 1142 872 ἁρμόσει
1166 767 1231 868 μέν
1255 765 1328 870 γάρ
1355 766 1513 846 ἐκείνοις

296 888 339 968 τὸ
356 888 407 988 μὴ
426 891 600 992 εὑρίσκειν
619 889 739 992 αὐτὸν,
759 892 818 973 διά
840 927 879 973 τε
904 891 970 994 τὴν
988 893 1142 996 ἄμετρον
1160 895 1333 972 ἀπιστίαν
1350 891 1409 970 καί
1431 893 1513 987 τῆς

296 1020 344 1098 εἰς
373 1014 482 1094 αὑτὸν
511 1017 726 1112 δυσσεβείας
752 1015 819 1118 τὴν
847 1017 1064 1120 ὑπερβολήν·
1101 1024 1175 1100 τοῖς
1202 1014 1240 1096 δὲ
1267 1013 1419 1118 γνήσιον
1452 1019 1538 1096 είςε

296 1137 406 1218 αῦτὸν
423 1139 549 1244 έχουσι
574 1141 617 1221 τὸ
642 1139 813 1247 φρόνημα
837 1145 896 1222 καί
918 1139 1169 1242 ἀκωτήλευτον
1187 1139 1411 1220 ἀποσύσασι
1428 1136 1513 1238 τὴν

297 1259 493 1365 ἀγάπησιν,
508 1265 624 1344 οὐκέτι
640 1265 849 1366 πρεπόντως
868 1266 913 1346 ἂν
932 1264 1075 1367 λέγοιτο
1092 1262 1135 1345 τό
1154 1265 1237 1370 Ούχ
1255 1263 1429 1366 εὑρήσετέ
1441 1299 1509 1364 με.

164 1455 173 1470 .
263 1391 413 1487 ἂσυνῆν
431 1387 503 1491 γὰρ
522 1391 650 1487 αὐτοῖς,
670 1392 728 1469 καί
746 1388 920 1470 συνέσται
938 1389 997 1468 διὰ
1015 1388 1162 1473 παντός.

247 1663 285 1721 34
312 1652 474 1720 Ἐντολιίν
502 1655 616 1721 καινιίν
643 1654 761 1732 δίδωμι
788 1652 870 1737 ὑμῖν,
896 1655 950 1722 ἴνα
978 1655 1125 1730 ἀγαπᾶτε
1151 1655 1327 1720 ἀλλήλους·
1367 1653 1485 1718 καθὼς

389 1779 455 1853 ὲτώ
482 1779 633 1854 ιίτάπιισα
661 1783 755 1862 ὑμᾶς,
781 1781 834 1847 ἵνα
863 1781 916 1846 καὶ
943 1779 1032 1858 ὑμεῖς
1058 1781 1206 1856 ἀιαιιῦτε
1232 1780 1409 1846 ἀλλήλους.
1526 1797 1540 1836 1

354 1946 489 2026 Καλιῦς
527 1976 567 2022 τε
609 1947 668 2024 καὶ
703 1947 849 2044 ἀληθῶς
885 1945 906 2024 ὁ
943 1943 1136 2027 θεσπέσιος
1172 1941 1305 2048 γράφει
1345 1947 1506 2026 Παῦλος

130 2069 235 2200 ffb*
297 2073 318 2112 “
331 2060 451 2144 Ὥστε
480 2066 590 2152 εἴτις
617 2071 654 2148 έν
677 2073 840 2176 Χριστῷ,
867 2065 970 2168 καινὴ
998 2068 1123 2152 κτίσις·
1162 2065 1209 2147 τά
1235 2069 1367 2171 ἀρχαῖα
1394 2101 1502 2168 παρ-

296 2198 318 2236 “
336 2193 459 2288 ἢλθεν,
490 2188 566 2271 ἰδοῦ
596 2191 722 2295 γέγονε
758 2191 804 2272 τά
840 2190 959 2273 πάντα
995 2187 1134 2271 καιναί.”
1175 2191 1340 2270 ἀνακαινί
1355 2223 1384 2268 ει
1421 2191 1504 2293 γὰρ

296 2313 399 2412 ἡμᾶς,
429 2318 489 2394 καὶ
521 2314 741 2396 ἀναπλάττει
773 2315 909 2419 τρόπον
935 2311 1015 2395 τινὰ
1043 2313 1134 2416 πρὸς
1166 2315 1356 2411 καινότητα
1384 2313 1499 2416 ζωῆς,

196 2437 203 2442 ’
265 2441 432 2538 οάστιβῆ
452 2439 566 2520 δὲκαὶ
585 2447 658 2523 τοῖς
677 2439 808 2524 ἀλλοις
827 2441 868 2520 ού
890 2439 1132 2542 τετριμμένην,
1152 2439 1253 2524 ὅσοις
1274 2436 1316 2518 τὸ
1339 2439 1376 2517 ἐν
1395 2437 1502 2546 νόμῳ
1521 2483 1534 2522 ι

297 2561 552 2642 πολιτεύεσθαι
586 2564 705 2670 φίλον,
737 2566 795 2644 καὶ
826 2569 903 2647 ταῖς
935 2561 993 2643 διὰ
1024 2562 1213 2646 Μωυσέως
1242 2561 1501 2666 προσεδρεύειν

127 2693 247 2826 {ffb-'1¹
297 2687 467 2769 ἐντολαῖς.
506 2693 639 2766 τελειοῖ
655 2685 722 2786 μὲν
739 2685 811 2790 γάρ
837 2688 858 2766 ό
883 2684 992 2786 νόμος
1016 2685 1128 2786 οὐδὲν,
1146 2685 1238 2767 κατὰ
1262 2683 1304 2766 τὸ
1328 2719 1496 2787 γεγραμ-

296 2810 413 2909 μένον·
445 2810 701 2913 πληρέστατον
725 2809 763 2890 δὲ
790 2814 855 2910 τῆς
883 2815 931 2894 εἰς
960 2810 1056 2890 Θεὸν
1082 2811 1266 2904 εὐσεβείας
1292 2806 1335 2889 τό
1362 2809 1500 2910 μέτρον

296 2933 334 3012 ἐν
355 2939 427 3019 τοῖς
453 2941 517 3013 τοῦ
542 2937 709 3038 Σωτῆρος
733 2935 834 3034 ἡμῶν
858 2936 993 3014 κατίδοι
1019 2969 1073 3018 τις
1100 2932 1145 3014 ἀν
1163 2933 1394 3034 διατάγμασι.
1435 2932 1498 3011 διὰ

125 3060 250 3177 {ffgfffl
297 3054 369 3159 γὰρ
387 3065 493 3137 τοῦτο
511 3062 569 3138 καί
590 3056 696 3144 αὐτός
720 3093 792 3140 που
815 3056 907 3162 πρὸς
932 3059 1025 3160 ἡμᾶς
1042 3055 1114 3136 ὧδέ
1131 3093 1183 3158 πη
1202 3058 1318 3163 φησίν
1337 3067 1358 3103 “
1372 3055 1497 3156 Ἀμὴν
1514 3098 1542 3138 αι

297 3191 318 3229 “
336 3179 431 3280 ἀμὴν
456 3182 553 3285 λέγω
581 3184 663 3282 ὑμῖν
688 3180 749 3262 ε’ἀν
773 3181 824 3282 μὴ
851 3181 1079 3288 περισσεύσῃ
1105 3180 1128 3282 ἡ
1157 3180 1364 3280 δικαιοσύνη
1393 3182 1497 3277 ὑμῶν

295 3314 318 3352 “
335 3313 462 3386 πλεῖον
484 3312 556 3386 τῶν
577 3306 817 3408 γραμματίων
840 3309 898 3386 καὶ
924 3305 1144 3408 Φαρισαίων,
1164 3307 1206 3385 οῦ
1230 3301 1281 3404 μὴ
1306 3302 1497 3404 εἰσέλθητε

126 3417 193 3499 ’156
202 3442 243 3502 Δ.
265 3438 318 3499 a“
336 3435 384 3512 εἰς
411 3427 478 3529 τὴν
504 3431 699 3523 βασιλείαν
727 3436 800 3510 τιῦν
824 3427 1017 3532 ούρανιῦν.”
1047 3430 1090 3508 οῦ
1116 3427 1188 3532 γάρ
1216 3435 1290 3513 τοῖς
1311 3430 1497 3508 Ἰουδαίων

295 3553 534 3654 ἀμιλλιόμεθα
553 3551 710 3656 τρόποις,
730 3554 815 3633 ἀλλ’
836 3559 865 3633 εἰ
883 3551 934 3652 μὴ
953 3556 1011 3633 καί
1030 3551 1179 3660 σφόδρα
1199 3552 1496 3656 παραδράμοιμεν

293 3674 360 3777 τὴν
377 3679 416 3756 ἐν
439 3675 537 3785 νόμῳ
563 3677 804 3778 δικαιοσύνην,
824 3678 888 3756 οῦκ
913 3675 959 3756 ἀν
981 3673 1083 3778 οἶμαί
1102 3709 1191 3756 ποτε
1215 3674 1306 3786 πρὸς
1332 3673 1398 3775 τὴν
1419 3683 1495 3756 τῶν
1511 3713 1542 3769 25

294 3801 454 3903 οὐρανῶν
472 3799 678 3881 εἰσελάσειν
695 3801 788 3900 ἡμᾶς
812 3801 1018 3897 βασιλείαν.
1057 3802 1208 3906 καὶούχ
1233 3804 1281 3884 ὡς
1306 3800 1495 3905 ἄχρηστον

293 3931 479 4009 παντελῶς
508 3921 530 4024 ἢ
559 3921 733 4024 ἀνόνητον
760 3923 824 4004 τὸν
852 3923 910 4005 διὰ
940 3925 1129 4009 Μωυσέως
1155 3921 1242 4004 εἰναι
1271 3923 1494 4029 διοριῷμεθα

294 4045 414 4148 νόμον·
445 4047 663 4146 εἰσκεκόμικε
687 4046 759 4151 γάρ
782 4049 876 4147 ἡμῖν,
896 4053 926 4126 εἰ
945 4051 1003 4128 καὶ
1020 4047 1072 4148 μὴ
1096 4049 1251 4146 τελείως,
1271 4048 1313 4127 τὸ
1334 4049 1489 4150 ἀγαθὸν,

294 4173 379 4252 ἀλλ’
399 4171 462 4252 οῦν
480 4205 523 4274 γε
540 4170 773 4274 παιδαγωγὸς
797 4173 854 4252 ε’πί
877 4169 945 4270 τὴν
962 4176 1026 4271 τῆς
1051 4172 1284 4274 εύαγγελικῆς
1308 4174 1493 4258 πολιτείας

293 4297 491 4398 εὑρίσκεται
521 4293 692 4396 μάθησιν,
722 4299 782 4375 καί
810 4297 852 4376 δι’
881 4295 1101 4397 αἰνιγμάτων
1129 4298 1188 4376 καί
1219 4293 1341 4376 τύπων
1373 4295 1491 4376 εἰκόνα
1506 4333 1542 4391 30

292 4422 357 4518 τῆς
374 4423 532 4520 ἀληθοῦς
550 4419 734 4516 εὐσεβείας
752 4419 941 4528 εἰσφέρων,
959 4419 1155 4526 ε’νεχάραξέ
1167 4453 1245 4502 πως
1263 4425 1339 4504 ταῖς
1362 4419 1487 4520 ἡμετέ-

258 4566 369 4649 λραις
395 4546 563 4632 διανοίαις
587 4549 652 4646 τῆς
676 4543 735 4626 διὰ
756 4551 922 4650 Χριστοῦ
941 4543 1161 4629 παιδεύσεως
1186 4542 1253 4644 τὴν
1270 4542 1389 4625 σκιάν.
1430 4543 1488 4622 διὰ
