3274 5118
320 333 387 398 556
622 332 662 398 B.
685 331 893 397 CYRILLI
922 333 1209 430 ALEXANDR.
1423 351 1479 394 xv.
1491 349 1523 414 3.

319 503 412 595 μεθα
444 495 574 579 λοιπὸν
602 501 640 578 ἐν
666 495 766 606 τάξει
796 499 861 598 μὲν
887 497 976 579 εἶναι
1008 505 1053 606 τῆ
1086 500 1169 580 καθ’
1198 500 1291 600 ῆμᾶς
1323 495 1390 577 τὸν
1412 495 1522 592 Yth»,

320 625 460 702 δεῖσθαι
485 621 523 703 δὲ
546 623 626 722 μεθ’
647 623 748 723 ἡμῶν
769 627 834 724 τῆς
859 622 959 727 παρά
981 621 1128 728 Πατρός
1155 623 1370 723 ἐπιμελείας,
1388 621 1450 700 ἵνα
1473 619 1525 720 μῆ

319 748 378 825 καὶ
406 743 513 830 αὐτὸς
539 750 588 831 είς
615 746 735 850 ἔτερόν
761 780 797 827 τι
823 745 908 850 παρ’
938 746 1026 852 ὅπερ
1059 751 1138 828 ε’στὶ
1170 744 1436 848 περιτρότηται,
1465 747 1525 822 καὶ

318 873 493 976 διαπίπτη
519 874 583 970 τῆς
607 872 733 954 οἰκείας
758 869 906 978 τάξεως,
929 871 1007 971 ἤτοι
1031 876 1095 971 τῆς
1120 870 1271 970 ἐνούσης·
1297 868 1525 972 ἑδραιότητος

318 995 426 1100 αύτῷ.
474 993 624 1096 συνάγει
652 993 724 1098 γάρ
752 1001 800 1080 είς
827 1003 934 1075 τοῖπο
962 993 1093 1076 λοιπὸν
1119 1001 1193 1075 τοῖν
1221 999 1410 1097 θεομαχεῖν
1439 997 1557 1079 eim-5

319 1115 435 1198 θότων
459 1118 481 1217 ἡ
504 1119 737 1222 μειρακιώδης
762 1118 944 1203 ἔνστασις.

348 1281 353 1289 ·
372 1243 480 1322 Ἀλλ’
494 1241 649 1348 οἰχέσθω
667 1241 734 1342 μὲν
751 1251 874 1339 ταῦτα,
887 1240 1034 1341 πολλὴν
1051 1247 1231 1322 νοσοῦντα
1247 1239 1314 1340 τῆν
1332 1237 1525 1336 ἀβουλίαν,

317 1365 440 1446 εἰσίτω
458 1366 573 1467 γεμῆν
590 1369 671 1469 περὶ
690 1373 763 1446 τῶν
782 1367 895 1467 ἁγίων
914 1367 1136 1447 ἀποστόλων
1153 1367 1238 1466 ῆμῖν
1256 1367 1276 1444 ὁ
1295 1359 1420 1466 λόγος.
1464 1358 1526 1456 ἤδη

317 1488 389 1594 γάρ
408 1496 524 1596 φησιν
542 1494 636 1594 ὑμεῖς
660 1487 799 1596 καθαροί
816 1491 892 1570 ἐστε
911 1484 970 1570 διά
986 1488 1038 1570 τόν
1056 1491 1155 1592 λόγον
1172 1491 1205 1570 δν
1223 1489 1413 1582 λελάληιια
1432 1489 1523 1590 ύμῖν.

151 1631 265 1690 om.
288 1613 442 1710 ι’όμοιον
470 1615 557 1692 ὡσεὶ
590 1611 692 1715 λε’γοι
721 1616 934 1716 Πέπρακται
961 1611 1061 1716 παρά
1091 1611 1238 1715 Πατρός
1267 1607 1327 1692 διῖι
1353 1610 1406 1691 τὶν
1434 1607 1527 1708 ἐμὸν
1542 1647 1582 1688 ιο

319 1739 420 1839 λόγον
444 1738 500 1816 ἐπὶ
528 1735 692 1839 πριύτυυς
720 1739 810 1835 ὑμᾶς
838 1739 859 1817 ὁ
887 1741 951 1835 τῆς
979 1741 1107 1837 νοητῆς
1134 1739 1193 1816 καὶ
1222 1735 1281 1816 διὰ
1309 1731 1528 1830 Πνεόματος

317 1862 376 1940 καὶ
395 1863 433 1940 εὐ
453 1858 635 1954 Πνεύματι
657 1861 848 1962 νοουμένης
873 1859 1141 1964 διακαθάρσεως
1165 1859 1310 1962 τρόπος·
1352 1855 1430 1936 ἰδού
1448 1863 1528 1937 τῶν

317 1987 458 2065 εἰκαίων
489 1987 580 2066 ἐθῶν
612 1989 671 2065 καὶ
707 1983 917 2090 νεκρότητος
952 1988 1129 2084 κοσμικῆς
1166 1980 1418 2078 ἀποβαλόντες
1454 1979 1528 2079 τῆν

318 2109 486 2214 ὄχλησιν,
505 2109 637 2209 ἕτοιμοι
662 2107 753 2214 πρὸς
779 2109 1030 2214 καρποφορίαν
1047 2104 1130 2188 ε’στὲ
1153 2104 1221 2206 τὴν
1240 2109 1406 2213 θεοφιλῆ·
1444 2105 1527 2184 ἰδοὺ

317 2239 464 2334 νομικῆς
500 2234 762 2339 ἀπηλλάχθητε
800 2237 859 2313 καὶ
895 2231 1069 2332 ἀνονίγτου
1105 2233 1165 2312 καὶ
1197 2227 1415 2329 είκαιοτόπης
1448 2235 1525 2308 τοῖν
1540 2257 1577 2316 15

316 2360 500 2439 Ἰουδαίων
524 2357 779 2460 ἐπιτηρῆσεως.
823 2355 1015 2464 ἐξεκάθαρε
1043 2354 1153 2458 λόγος
1182 2357 1272 2452 ὑμᾶς
1301 2355 1321 2434 ὁ
1348 2353 1446 2451 ε’μός·
1480 2357 1525 2433 ού

317 2481 389 2585 γάρ
410 2480 461 2560 ἔτι
484 2480 719 2562 πολιτεύεσθε
739 2486 981 2578 Μωυσοϊκῶς,
1001 2479 1080 2579 ῆτοι
1098 2477 1191 2559 κατὰ
1207 2476 1271 2558 τόν
1289 2484 1353 2556 τοῦ
1372 2485 1524 2574 νομικοῦ

282 2605 529 2706 ηγράμματος
548 2603 695 2707 τρόπον·
728 2606 808 2684 οὔτε
825 2603 898 2708 γάρ
915 2606 953 2683 ἐν
971 2603 1144 2707 βρώμασι
1162 2605 1219 2682 καὶ
1239 2598 1417 2698 πόμασιν,
1439 2603 1523 2680 οὔτε

317 2727 390 2828 μὴν
422 2730 460 2808 ἐν
491 2731 652 2832 διδαχαῖς
685 2734 916 2826 βαπτισμῶν,
944 2728 1029 2806 ἀλλ’
1059 2725 1138 2806 ούδὲ
1171 2733 1249 2810 ταῖς
1284 2726 1327 2805 δι’
1358 2723 1524 2823 αἱμάτων

316 2859 577 2956 προσαγωγαῖς
618 2850 828 2954 ἐκζητήσετε
868 2849 933 2931 τὸν
967 2849 1163 2953 ἁγιασμόν,
1199 2852 1284 2930 ἀλλ’
1323 2851 1361 2930 ἐν
1396 2850 1523 2930 πίστει
1538 2887 1578 2928 ιο

317 2977 449 3082 βεβαίᾳ
476 2981 709 3078 πληροῦσθαι
732 2973 931 3073 πιστεύετε,
953 2978 1012 3054 καὶ
1041 2971 1100 3054 διά
1127 2971 1250 3073 πόσης
1277 2961 1524 3076 ἀγαθουργίας

317 3101 520 3203 εὐαρεστεῖν
544 3104 596 3206 τῷ
626 3103 710 3208 Θεῷ
738 3096 969 3202 σπουδάζετε.
1010 3104 1191 3200 θεωρεῖται
1218 3095 1291 3199 γάρ
1318 3099 1356 3175 ἐν
1380 3097 1522 3182 τούτοις

317 3229 382 3324 τῆς
405 3227 644 3324 πνευματικῆς
670 3223 836 3326 λατρείας
860 3223 883 3322 ἡ
908 3223 1067 3322 δύναμις.
1108 3226 1142 3300 οὶ
1165 3223 1285 3300 τοίνυν
1306 3222 1517 3322 ἀποκαθαρ-

319 3347 498 3446 θῆσεσθαι
531 3345 728 3444 μέλλοντες
757 3346 912 3443 ἔσονται,
941 3352 1046 3451 φησὶ,
1072 3347 1154 3424 καθ’
1182 3346 1285 3442 ὑμᾶς·
1321 3344 1516 3443 παιδευθή-

318 3505 447 3550 σονται
465 3470 537 3572 γὰρ
556 3477 589 3550 οἱ
607 3469 672 3567 μὲν
690 3471 771 3572 ἄρτι
795 3475 858 3569 τῆς
884 3477 949 3549 τοῦ
974 3469 1149 3564 διαβόλου
1171 3469 1335 3570 σαγῆνης
1353 3469 1516 3572 ἐκδιδρά-
1536 3501 1578 3562 25

290 3627 479 3690 ρσκοντες,
505 3596 563 3674 καὶ
591 3591 673 3677 τοὺς
700 3599 764 3692 τῆς
792 3592 1087 3694 είδωλολατρείας
1115 3593 1319 3695 διαδράντες
1346 3589 1517 3696 βρόχους,

320 3717 434 3795 ούκέτι
451 3715 517 3813 μὲν
533 3723 606 3800 τοῖς
633 3719 764 3796 ἐκείνου
789 3717 1045 3796 πολιτεύεσθαι
1072 3716 1201 3815 νόμοις,
1220 3715 1519 3823 ἀποτιναξάμενοι

319 3838 358 3919 δὲ
385 3837 545 3942 καθάπερ
573 3844 704 3919 εἰκαῖον
727 3840 924 3947 συρφετὸν,
942 3839 1008 3940 τὴν
1035 3845 1109 3919 τῶν
1133 3841 1293 3945 ἀρχαίων
1315 3841 1407 3920 ε’θῶν
1431 3840 1519 3919 ἀκα-

319 3965 488 4066 θαρσίαν,
527 3965 620 4043 οὕτω
660 3997 699 4043 τε
739 3961 869 4044 λοιπόν
905 3961 1093 4063 ἐπιτήδειοι
1135 3963 1226 4064 πρὸς
1262 3960 1304 4042 τὸ
1342 3963 1521 4043 δύνασθαι

319 4096 561 4192 καρποφορεῖν
589 4087 634 4166 τά
661 4091 725 4187 τῆς
754 4094 946 4195 θεοφιλοῦς
974 4089 1100 4188 ἀρετῆς
1127 4086 1216 4188 ε”ργα
1246 4084 1304 4166 διά
1331 4090 1394 4184 τῆς
1423 4089 1520 4178 θείας
1537 4121 1581 4180 30

319 4211 586 4319 ἀποδειχθέντες
623 4210 779 4316 χάριτος,
815 4209 1011 4310 κλημάτων
1045 4211 1146 4309 δίκην
1177 4211 1254 4309 ἐμοὶ
1291 4209 1518 4316 προσαφθὴ-

356 4515 417 4567 2-4·
435 4497 611 4570 τῆς-τάξεως
624 4515 677 4552 om.
691 4497 723 4553 Ε.
807 4515 833 4568 η.
852 4497 925 4568 ἡμεῖς
937 4495 1009 4552 Αυο.
1097 4511 1138 4568 15.
1157 4496 1280 4568 ἅνονὴτοο
1291 4497 1333 4550 καὶ
1345 4505 1517 4568 assumptum

319 4585 351 4622 ex
365 4569 398 4622 Ε.
488 4587 530 4625 20.
550 4567 701 4639 ἐκζητῆσιτι
714 4568 779 4627 EAE.
794 4569 845 4626 Ed.
858 4588 914 4641 mg.
927 4567 1093 4637 ι’κζητῆσεται
1107 4567 1157 4623 Ed.
1246 4583 1290 4638 3ο.
1307 4567 1406 4637 ἀρετῶν
1419 4567 1451 4622 Ε.
