3200 5092
428 321 471 383 60
730 318 770 383 Β.
793 309 1001 382 CYRILLI
1030 315 1318 382 ALEXANDR.

431 482 604 580 δουλείαν,
636 484 694 561 καὶ
730 480 866 585 μακρός
903 483 993 578 ὑμᾶς
1030 481 1199 581 ἀνήλωσε
1235 479 1344 564 πόνος
1376 476 1443 579 τὴν
1475 513 1478 556 ι

432 611 567 713 Φαραῷ
600 606 743 704 θητείαν
773 603 1032 702 εὶσδεδυκότας,
1062 604 1148 684 ἀλλ’
1178 604 1355 704 ἐβοήσατε
1388 601 1430 682 τό
1465 636 1478 680 τ

429 727 521 832 πρὸς
547 727 617 809 τὸν
640 725 746 826 Θεὸν,
775 731 833 808 καὶ
862 727 955 831 πρὸς
985 727 1087 810 ἐλεον
1116 727 1180 808 τὸν
1209 731 1264 836 ἐφ’
1295 731 1378 828 ὑμῖν
1408 760 1478 805 κεκι

429 861 506 937 ταῖς
541 851 705 937 ἐνούσαις
743 853 825 952 ῦμῖν
860 852 1113 956 ἐποιμώζιιντες
1148 859 1354 958 συμφοραῖς
1390 851 1433 958 ἐξ
1469 885 1478 930 ι

428 977 577 1080 ἐζητεῖτε
604 975 668 1056 τὸν
694 975 894 1079 λυτρωτήν·
925 979 1123 1084 ἐπεφοίτων
1148 977 1186 1058 δὲ
1214 980 1296 1076 ῦμῖν
1318 979 1478 1080 παραχρῖ

429 1099 520 1199 τότε,
538 1106 595 1180 καὶ
614 1104 682 1202 γῆς
700 1099 766 1199 μέν
785 1103 875 1199 ὑμᾶς
898 1104 961 1200 τῆς
986 1103 1183 1204 ἀλλοτρίας
1206 1103 1421 1208 ἐξέττεμπον,
1442 1104 1478 1196 ὠγ

429 1222 466 1304 δέ
502 1221 652 1331 σφόδρα
687 1225 895 1327 τυραννίδος
930 1224 1066 1331 ἐξελὼν
1098 1223 1190 1328 πρὸς
1226 1225 1428 1328 ἐλευθερίαν
1460 1225 1478 1302 ἑ

428 1348 514 1427 ἀλλ’
548 1348 607 1428 ἵνα
642 1344 845 1448 μανθοίνητε
882 1345 946 1428 τὸν
978 1349 1163 1451 ἐπίκουρον
1199 1351 1256 1428 καὶ
1294 1346 1478 1450 λυτρωτὴν

428 1480 574 1579 γραφον
605 1474 687 1570 ὑμῖν
716 1474 756 1551 ἐν
782 1469 969 1575 προβάτου
998 1478 1132 1578 σφαγῇ
1161 1470 1203 1551 τδ
1232 1473 1385 1571 ἐμαυτοῦ
1414 1506 1478 1570 μοι

262 1616 375 1672 586Α.
398 1600 486 1676 ακαὶ
514 1595 581 1696 τὴν
603 1597 645 1674 δι’
667 1595 816 1694 αἵματος
843 1597 1028 1698 σωτηρίαν
1049 1605 1324 1698 προανατυποῦν
1348 1593 1478 1675 ε’κέλευι

428 1719 641 1821 διεσώζεσθε
663 1717 736 1820 γὰρ
758 1719 1009 1822 καταχρίοντες
1032 1719 1176 1802 ἑαυτούς
1202 1754 1240 1798 τε
1266 1723 1323 1798 καὶ
1349 1717 1413 1802 τὰς
1439 1726 1478 1824 φῖ

427 1843 550 1940 αἵματι
577 1849 641 1921 τοῦ
670 1845 794 1940 ἀμνοῦ.
833 1843 961 1921 οὐκοῦν
988 1841 1060 1922 ἀπὸ
1088 1849 1161 1922 τῶν
1188 1843 1311 1922 τόπων
1338 1843 1409 1949 ἔξω
1437 1839 1478 1921 τὸ

426 1965 665 2068 πηδήσαντες,
686 1964 773 2044 ὅταν
791 1964 994 2065 μανθόνητε
1013 1964 1067 2059 την
1085 1963 1250 2060 ἀληθειαν,
1271 1966 1402 2045 ἔσεσθε
1421 1963 1465 2063 δὴ

427 2093 486 2170 καὶ
515 2093 661 2189 ἀληθῶς
688 2087 879 2189 ἐλεύθεροι.
922 2091 979 2168 καὶ
1008 2089 1257 2194 ἀμφιβαλέσω,
1281 2090 1408 2196 φησὶν,
1427 2091 1478 2168 ε’πῖ

426 2213 562 2314 μηδείς.
603 2218 633 2292 εὶ
651 2209 724 2314 γὰρ
741 2210 928 2291 τοσούτων
947 2213 1028 2309 ῦμῖν
1046 2214 1232 2314 ἁγαθῶνῦ
1257 2213 1368 2297 τόπος
1394 2210 1476 2292 τότε

426 2336 611 2445 πρόξενος,
630 2342 708 2420 πῶς
735 2337 814 2440 οὐχὶ
838 2341 984 2435 μᾶλλον
1004 2336 1025 2435 ἡ
1048 2335 1198 2436 ἀλήθεια
1220 2336 1478 2439 πλουσιωτέρα

428 2466 521 2541 δωσι
540 2458 606 2559 τὴν
625 2457 754 2562 χοίρως

484 2590 644 2664 Τοιαῦτα
662 2580 727 2682 μέν
741 2579 785 2680 δὴ
804 2581 846 2661 τδ
865 2579 1007 2661 κωλῦον
1021 2579 1123 2660 οὐδὲν
1135 2580 1225 2684 πρὸς
1236 2584 1428 2668 Ἰουδαίους
1448 2586 1478 2663 ῦι

394 2725 493 2791 boat
511 2705 631 2808 λέγειν
649 2703 713 2785 τόν
726 2707 881 2804 Ἰησοῦν,
896 2710 944 2790 εἰς
961 2711 1136 2784 πλατεῖαν
1154 2707 1380 2812 ἐκτρέχοντος
1399 2712 1478 2808 θεωρ

428 2828 553 2930 λόγου·
596 2828 687 2912 εἰκὸς
716 2827 759 2906 δέ
780 2863 860 2908 τινα
888 2830 945 2908 καὶ
974 2829 1098 2930 ἐτέραν
1125 2829 1208 2927 ἡμῖν
1231 2831 1270 2908 ἐκ
1295 2837 1367 2909 τῶν
1388 2865 1478 2933 προκ

427 2951 645 3058 ἀναλάμψαι
662 2951 730 3051 τὴν
749 2950 919 3031 διάνοιαν.
960 2953 980 3031 ὃ
1001 2951 1108 3050 νόμος
1132 2953 1152 3031 ό
1177 2951 1236 3032 διὰ
1257 2955 1445 3038 Μωυσέως
1463 2964 1478 3048 ί

427 3075 516 3176 μοῦς
535 3075 665 3156 ἐτόπου
683 3077 740 3154 καὶ
759 3073 1045 3179 περιρραντήρια,
1064 3073 1166 3155 ἀλλὰ
1186 3081 1244 3156 καὶ
1268 3075 1340 3185 ὅτῳ
1362 3075 1473 3181 τυχὸν

428 3200 640 3299 συμβέβηκε
666 3201 725 3278 καὶ
750 3203 802 3305 τῷ
828 3202 892 3297 τῆς
916 3199 1090 3300 ἁμαρτίας
1112 3196 1237 3306 βόθριρ
1261 3206 1478 3303 περιολισθεῖ

427 3322 565 3403 ἐκέλευε
583 3321 728 3427 μόσχον
745 3319 768 3420 ἢ
791 3321 987 3423 πρόβατον,
1007 3323 1100 3402 οὕτω
1127 3357 1165 3402 τε
1189 3321 1236 3402 τὰ
1260 3325 1315 3430 ἐφ’
1336 3323 1388 3408 οῖς
1412 3321 1478 3403 ἂνι

427 3450 629 3549 πλημμελῇ
654 3443 880 3547 περικόπτειν
902 3443 1125 3547 ἐγκλήματα.
1167 3449 1251 3525 ἀλλ’
1273 3445 1373 3526 οῦδὲν
1396 3450 1478 3527 ἐκεῖν

429 3566 604 3673 ἀπόνιψιν
625 3567 809 3668 ἁμαρτίας.
848 3569 890 3647 οῦ
909 3567 981 3671 γὰρ
999 3565 1046 3647 δν
1064 3567 1183 3674 ἐξέλοι
1205 3567 1291 3649 ποτέ
1316 3574 1379 3668 τῆς
1406 3572 1478 3649 αίτί

430 3690 753 3793 κατεγνωσμένους,
776 3691 861 3770 ἀλλ’
882 3689 963 3770 οὐδὲ
990 3700 1055 3771 τοῦ
1083 3690 1299 3794 κολάζεσθαι
1327 3697 1399 3773 δεῖν
1421 3697 1478 3773 ἐλε

401 3815 631 3920 οάποφαίνει,
659 3812 741 3897 τοῦς
770 3811 822 3897 οἷς
850 3816 870 3893 ὁ
901 3821 993 3899 θεῖος
1020 3814 1221 3915 πεπότηται
1249 3817 1366 3916 νόμος.
1414 3819 1452 3897 τί

430 3938 560 4040 όνήσαι
587 3936 651 4017 τόν
678 3937 870 4039 ἄνθρωπον
897 3935 939 4017 τὸ
967 3945 1155 4032 βουθυτεῖν
1178 3941 1478 4040 πλημμελήσαντι

469 4141 499 4244 113
508 4124 605 4193 μακρὸς
618 4118 819 4246 ῦμᾶςιᾶηὴηωσρ
834 4119 1259 4248 [ἆνὲᾖλιησεδρδωοηάανέἇίνάλωσε
1273 4124 1355 4216 θαφ]
1368 4128 1445 4218 πόνος
1456 4143 1478 4180 a!

427 4209 530 4332 ῖῖογόα.
543 4209 855 4332 ἐποιμεῖέοῦτῖςεβῖδῖτίδῖ
865 4215 1177 4332 ἐπὶερῖῖῖζονυῖαῖῖῖΗοΙῖῑ.
1191 4265 1243 4320 Ed.
1266 4215 1292 4264 ⁴·
1309 4199 1478 4336 εῖηίῖμφλῖῖῖῖει

454 4329 527 4386 λοιδς
539 4332 591 4386 Ed.
641 4333 737 4387 Statim
750 4333 930 4403 καταχρίοντες
942 4333 1037 4387 iterum
1050 4333 1124 4388 addit
1138 4334 1171 4388 B.
1260 4352 1302 4390 20.
1322 4335 1381 4406 ἡμῖν
1394 4337 1425 4391 Β.
1437 4338 1478 4404 ῦμῖ

430 4415 474 4464 24.
512 4403 596 4468 όσχον
609 4401 641 4454 Β.
653 4405 771 4476 μόσχους
785 4401 834 4456 Ht.
848 4403 899 4457 Ed.
1017 4418 1060 4470 25.
1078 4407 1218 4474 τλημμιλῇ
1231 4406 1356 4460 emendat
1370 4408 1478 4478 Heysem

431 4467 464 4520 B.
504 4467 531 4521 d.
584 4469 666 4523 ἐκεῖνα
680 4471 712 4524 Β.
727 4471 776 4526 Ht.
790 4471 870 4527 ἐκεῖνο
883 4471 956 4528 Aub.
1072 4489 1115 4545 29.
1134 4475 1227 4543 ὀνῆσαι
1238 4476 1363 4532 emendat
1375 4479 1469 4549 Hcyse.

431 4537 546 4604 ὠφελοίη
561 4535 610 4588 Ht.
624 4537 675 4592 Ed.
