3118 5132
302 337 368 403 376
606 339 645 405 B.
669 339 878 405 CYRILLI
908 340 1199 406 ALEXANDR.
1301 339 1368 405 xiii.
1382 359 1437 426 31,
1452 355 1511 424 32.

304 500 371 603 τήν
398 504 510 588 οὕτως
537 501 686 586 άνόσιον
713 504 801 585 ίέναι
826 503 971 612 πρᾶξιν,
1001 503 1123 590 δεδιὼς
1151 502 1243 585 κατά
1271 537 1313 607 γε
1341 501 1384 582 τὸ
1412 500 1514 585 εἰκὸς

306 627 397 726 όμαῢ
423 631 470 733 τῇ
496 628 720 732 μεταγνώσει
747 632 806 708 καὶ
832 628 899 729 τήν
922 631 961 709 ἐκ
986 633 1050 728 τῆς
1076 630 1242 732 εὐλογίας
1269 626 1432 726 δύναμιν,
1457 623 1513 724 μὴ

307 749 379 853 ἄρα
405 784 483 835 πως
510 753 612 858 ἐντῇ
638 761 702 832 τοῦ
728 752 921 856 άνθράπου
945 753 1074 859 καρδίᾳ
1102 750 1223 860 φωτὸς
1247 748 1515 856 άναλάμψασα

307 873 419 974 δίκην,
451 876 690 980 άγαθουργεῖν
726 876 902 982 ἀναπείσῃ
937 876 1159 979 προελέσθαι
1195 881 1342 975 μᾶλλον
1378 869 1511 970 αι’τιδν,

306 994 420 1096 ἤγουν
449 997 492 1078 τὸ
522 998 693 1105 φρόνημα
724 996 767 1081 τό
797 997 953 1101 γνήσιον
981 999 1113 1104 ἐντέκῃ,
1141 1005 1194 1106 τῷ
1225 1000 1285 1079 καὶ
1311 1000 1535 1102 προδοῦναι.Ι

308 1119 439 1201 λοιπὸν
460 1123 770 1232 άναπεπεισμένιρ.

358 1243 448 1324 Ὀτι
472 1244 545 1348 γάρ
571 1247 651 1332 ἔθος
676 1255 783 1328 τοῦτο
807 1245 976 1350 πράττειν
994 1249 1047 1328 ἀεὶ
1066 1246 1148 1328 καθ’
1168 1246 1270 1346 ήμῶν
1286 1250 1338 1353 τῷ
1355 1244 1515 1343 δαίμονι,

281 1371 369 1448 σκαὶ
387 1366 446 1448 διά
464 1375 537 1448 τῶν
553 1372 591 1450 ἐν
608 1369 711 1478 τάπερ
731 1369 935 1474 γεγονότων
952 1367 1179 1473 γνωσόμεθα.
1220 1367 1416 1468 ἐποιήσατο
1442 1364 1515 1466 μέν

310 1489 381 1595 γάρ
401 1489 470 1572 όπδ
488 1499 591 1599 χεῖρα
607 1492 690 1579 τοὺς
703 1493 896 1580 Ἰουδαίους
913 1494 933 1572 ὁ
953 1493 1088 1597 Φαραὼ
1106 1493 1182 1574 κατ’
1197 1489 1383 1594 Αίγάπτον
1401 1488 1515 1572 ὄντας

311 1616 373 1714 ἔτι,
403 1623 511 1723 πηλῷ
541 1616 579 1697 δέ
610 1620 669 1697 καὶ
700 1617 868 1725 πλινθείᾳ
896 1615 958 1698 Ικαὶ
987 1625 1065 1703 ταῖς
1094 1623 1167 1698 τῶν
1195 1618 1310 1720 ἔργων
1337 1613 1536 1717 άνάγκαιςῑ

310 1739 640 1845 ἐγκατατρόχεσθαι
670 1747 806 1844 πικρῶς
837 1739 1007 1847 ἐπιτάξας
1039 1739 1178 1840 αὐτοὺς,
1205 1737 1330 1820 οὐδένα
1360 1772 1400 1818 τε
1431 1744 1515 1820 ταῖς

310 1861 400 1966 πρὸς
419 1861 515 1944 Θεὸν
534 1864 692 1948 ἱκετείαις
712 1865 828 1944 ἐδίδου
849 1863 984 1968 καιρόν.
1023 1867 1082 1944 καὶ
1106 1873 1196 1966 γοῦν
1213 1860 1305 1966 πρὸς
1329 1860 1414 1946 τοὺς
1436 1867 1516 1942 τῶν

311 1987 426 2090 ἔργων
444 1987 639 2074 ἐπιστάτας
653 1999 674 2036 “
686 1987 918 2091 Βαρυνέσθω,
931 1990 1036 2096 φησὶ,
1049 1986 1095 2068 τά
1113 1987 1202 2092 ἔργα
1219 1993 1292 2066 τῶν
1311 1985 1515 2088 ἀνθρώπων

312 2122 334 2160 “
352 2110 500 2210 τούτων,
530 2115 589 2194 καὶ
625 2111 676 2213 μή
712 2110 990 2216 μεριμνάτωσαν
1026 2107 1150 2214 λόγοις
1185 2107 1327 2194 κενοῖς·”
1375 2107 1516 2210 λόγους

312 2234 433 2322 κενοὺς
460 2235 642 2340 ὀνομάζων
666 2234 733 2337 τὴν
754 2241 803 2320 είς
828 2235 1016 2338 ἐλευθέραν
1037 2234 1112 2341 ἕξιν
1134 2231 1339 2337 ἀναδρομὴν
1360 2236 1420 2312 καὶ
1444 2231 1538 2332 τὴνι

146 2379 214 2436 m
222 2376 263 2436 A.
283 2360 372 2440 αέπὶ
407 2357 522 2467 τοάτιρ
559 2357 732 2462 διάπυρον
767 2358 967 2458 ἐπιθυμίαν,
997 2361 1056 2438 καὶ
1091 2355 1155 2438 τόν
1191 2360 1248 2438 ἐπὶ
1284 2361 1329 2462 τῇ
1366 2357 1515 2462 δουλείᾳ

313 2486 455 2585 θρῆνον,
475 2485 533 2562 καὶ
555 2482 622 2583 τήν
639 2485 696 2564 ἐπὶ
722 2489 795 2564 τῶν
813 2483 1026 2563 καλλίστων
1043 2479 1263 2586 προσευχήν.
1303 2481 1368 2562 υόκ
1390 2477 1515 2582 ἠγνόει

311 2603 383 2709 γάρ
421 2604 480 2685 διά
516 2610 580 2704 τῆς
616 2608 654 2686 ἐν
691 2605 830 2689 τούτοις
866 2609 1010 2710 σχολῆς
1047 2606 1089 2685 οὐ
1125 2601 1257 2708 μικράν
1292 2602 1514 2707 εὑρήσοντας

313 2728 449 2828 ὄνησιν.
499 2727 571 2809 άπὸ
608 2727 653 2829 δή
689 2735 762 2809 τῶν
799 2728 923 2809 τόπων
957 2730 1016 2810 ἐπὶ
1052 2726 1118 2828 τήν
1148 2734 1221 2808 τῶν
1257 2727 1514 2830 ἀληθεστέραν

314 2849 553 2956 θεωρημάτων
589 2850 700 2936 ἰόντες
736 2853 941 2954 ἐπίγνωσιν,
973 2851 1229 2954 κατεπείγοντα
1264 2849 1412 2958 σφόδρα
1448 2849 1539 2931 τὸνι

313 2981 478 3056 σατανᾶν
509 2973 708 3077 εὑρήσομεν
738 2975 830 3078 πρὸς
861 2975 904 3054 τὸ
935 2979 1067 3079 χρῆναι
1097 2972 1267 3078 πράττειν
1294 2972 1341 3054 τά
1372 2971 1514 3076 πονηρὰ

313 3099 396 3185 τοὺς
410 3098 500 3179 ἐ’ίσω
517 3097 696 3182 πεσόντας
714 3104 787 3178 τῶν
803 3099 888 3200 παρ’
908 3100 1018 3178 αὑτοῦ
1037 3097 1198 3195 δικτύων,
1218 3100 1277 3178 καὶ
1302 3099 1514 3200 ὁλοκλήρως

313 3221 383 3323 ἤδη
401 3220 681 3325 κεκρατημένους
699 3225 750 3308 είς
767 3220 965 3325 ὑπουργίαν
983 3227 1056 3302 τῶν
1074 3219 1304 3325 ἀρεσκόντων
1320 3222 1428 3329 αὐτῷ.

264 3489 391 3558 ὃῐὊτε
424 3487 481 3558 οὖν
515 3491 642 3572 ἐξῆλθε,
673 3491 759 3567 λέτει
794 3491 813 3558 ὁ
843 3491 968 3558 Ἰασοῦς
1005 3491 1065 3556 Νῦν
1100 3489 1263 3560 ἐδοξάσθη
1300 3493 1319 3561 ὁ
1354 3488 1423 3558 υἶόσ
1459 3493 1515 3556 τοῦ

265 3667 302 3726 3,
367 3614 553 3704 ἀνθρώπου,
576 3614 626 3681 καὶ
649 3615 667 3685 ὀ
691 3616 775 3682 Θεὸς
800 3616 962 3686 ἐδοξάσθη
984 3615 1021 3681 ἒν
1044 3615 1143 3700 αὐτῷ.
1183 3617 1236 3682 καὶ
1258 3617 1357 3684 αὐτὸς
1383 3616 1539 3685 δοξάσειι

366 3740 465 3808 αὐτὸν
490 3742 526 3808 ἐν
553 3742 670 3828 ἑαυτῷ,
696 3740 746 3809 καὶ
774 3743 869 3808 εὐθὺς
896 3741 1027 3811 δοξάσει
1055 3741 1165 3809 αὐτόν.

362 3907 510 4018 Ἕξεισι
527 3911 593 4011 μέν
611 3915 631 3993 ό
649 3913 829 4017 προδότης
844 3920 920 3998 τοῖς
937 3922 1001 3995 τοῦ
1018 3911 1195 4011 διαβόλου
1211 3911 1514 4018 στρατηγήμασιν

315 4033 565 4136 ι’πηρετήσων·
604 4035 752 4142 ἄρχεται
779 4037 817 4118 δέ
845 4046 908 4119 τοῦ
936 4035 1052 4141 λόγου
1079 4035 1254 4142 Χριστὸς,
1281 4039 1347 4119 οὐκ
1376 4043 1424 4122 είς
1452 4035 1515 4119 τάς

313 4155 460 4239 πάντων
478 4157 589 4245 άκαάς
613 4157 660 4240 τά
684 4157 806 4259 μόνοις
830 4159 1015 4262 πρέποντα
1039 4167 1115 4243 τοῖς
1138 4161 1302 4263 γνησίοις
1320 4165 1515 4241 λαλεῖσθαι

263 4331 270 4346 ·
316 4285 389 4363 δεῖν
406 4285 453 4366 ὡς
481 4285 519 4362 ἐν
541 4283 643 4391 τάπερ
668 4284 727 4362 καὶ
752 4281 811 4362 διά
836 4281 963 4364 τοάτου
988 4283 1181 4364 διδάσκων.
1222 4285 1264 4364 οὐ
1288 4283 1362 4388 γάρ
1382 4284 1539 4365 διδόναιᾶ

353 4492 448 4582 πικρή
460 4511 515 4548 om.
528 4491 561 4547 Ε.
649 4505 691 4584 ¹5·
709 4492 756 4563 τήν
767 4492 811 4549 ἐπὶ
822 4491 1041 4584 τοδγφῃδιάπυρον
1051 4493 1189 4566 ἐπιθυμίαι
1201 4495 1243 4552 καὶ
1254 4503 1426 4568 assumptum
1438 4512 1471 4550 ex
1482 4491 1514 4548 Ε.

316 4577 360 4630 25.
378 4561 461 4636 αντη]
479 4570 506 4630 -Ι-
522 4563 546 4619 ά
557 4565 572 4618 δ
585 4565 651 4622 Θιδς
662 4563 793 4637 εδοξάσθη
806 4564 834 4621 ἐν
845 4585 914 4637 αντη
928 4563 978 4621 Ed.
