3118 5132
311 347 376 412 898
614 347 655 412 Β.
677 345 889 412 CYRILLI
917 345 1206 411 ALEXANDR.
1398 344 1466 409 xiv.
1487 362 1522 406 1.

313 513 407 619 Θεῷ,
435 507 516 592 οάδέ
547 517 747 616 κατορθοῦν
774 513 1031 616 ὑπισχνεῖσθαι
1058 510 1101 592 τὸ
1131 509 1219 615 ὑπὲρ
1248 509 1399 610 δύναμιν
1426 507 1521 588 ἐσθ’

312 632 382 732 ὅτε,
404 636 453 720 ὡς
478 635 821 743 κατεξουσιάζοντας
847 641 921 716 τῶν
942 633 1177 739 πραγμάτων,
1196 636 1255 716 καὶ
1282 631 1389 714 τοῦτό
1416 641 1524 740 φημι

310 756 402 862 πρὸς
428 755 475 839 τά
502 761 540 840 ἐκ
566 763 631 860 τῆς
658 760 856 865 ἀποτυχίας
883 758 1092 864 ἐγκλήματα
1119 757 1281 856 βλέπων·
1319 757 1443 841 άλλως
1475 790 1523 836 τε

310 883 370 961 καὶ
406 883 605 990 ὑπεροψίας
637 884 701 963 οὐκ
732 881 970 988 ἀπηλλάχθαι
1006 882 1136 986 νομίζω
1167 881 1210 963 τὸ
1240 879 1523 984 προσλείττερον

311 1010 431 1104 εῖπεῖν,
456 1005 511 1086 ὅτι
538 1005 761 1110 κατορθώσω
788 1004 868 1087 τάδε
896 1041 932 1086 τι
956 1005 1078 1111 τυχόν,
1104 1003 1128 1107 ή
1155 1003 1237 1086 τόδε
1262 1040 1309 1086 τι.
1350 1007 1409 1085 καὶ
1437 1003 1548 1107 γὰρε

144 1147 213 1207 '100
221 1145 263 1204 Δ.
282 1129 367 1236 αέφ’
401 1126 552 1228 ἅπασιν,
585 1129 638 1215 οίς
671 1130 716 1210 ἀν
747 1165 802 1216 τις
839 1133 972 1234 δρᾶσαι
1007 1128 1200 1233 προέλοιτο
1236 1132 1296 1210 καὶ
1331 1129 1523 1228 βούληται

311 1255 575 1356 κατορθοῦν,’
557 1261 668 1335 εκεῖνο
705 1251 872 1353 μάλιστα
912 1255 969 1334 δεῖ
1006 1253 1208 1360 φωνεῖν,”
1188 1287 1276 1358 οπερ
1316 1252 1453 1356 εἴρηκεν
1498 1254 1523 1333 ὁ

143 1389 240 1442 ⁸³⁸0
232 1407 266 1442 ιν·
311 1375 529 1484 σοφώτατος
556 1378 719 1479 μαθητής
738 1388 760 1426 “
771 1376 904 1458 Ἐὰν
888 1411 908 1456 ο
938 1375 1071 1479 Κύριος
1098 1373 1189 1484 θέλῃ
1219 1412 1278 1457 και
1264 1375 1520 1482 ζήσωμεν.”

310 1499 583 1604 προθυμίαν
540 1535 605 1602 μεν
635 1501 708 1606 γάρ
737 1499 806 1600 τήν
834 1500 1065 1604 ἀγαθουργόν
1092 1507 1187 1608 φημι
1223 1505 1296 1581 δεῖν
1323 1507 1400 1584 ταῖς
1435 1507 1521 1580 τῶν

310 1623 546 1732 φιλοθέων’
527 1632 654 1706 ενεῖναι
688 1630 836 1732 ψυχαῖς,
869 1628 928 1706 καὶ
964 1623 1007 1704 τὸ
1044 1630 1242 1728 κατορθοῦν
1277 1623 1412 1706 ἐθέλειν
1441 1623 1550 1724 τὴνι

308 1745 439 1850 ἀρετὴν
461 1748 506 1856 ἐξ
530 1747 620 1850 ὅλης
647 1747 775 1855 ίσχύος
799 1749 1015 1852 ἐπείγεσθαι,
1032 1746 1100 1849 τὴν
1118 1746 1156 1828 δέ
1180 1751 1238 1829 ἐπὶ
1262 1748 1399 1832 τούτοις
1425 1747 1520 1827 ὁδὸν

311 1867 370 1950 διδ
394 1875 458 1971 τῆς
482 1872 618 1953 ἀνωθεν
640 1873 791 1980 ἐξαιτεῖν
814 1873 1002 1973 εὐμενείας,
1020 1873 1090 1977 οὐχ
1113 1875 1162 1957 ὡς
1187 1871 1317 1977 ἔχοντα
1338 1877 1519 1974 προσλῶς

311 1993 619 2100 ἐπαγγέλλεσθαι.
656 2001 798 2105 ἀψευδῆ
827 1995 900 2101 γὰρ
927 1999 1020 2077 οὕτω
1045 2001 1096 2104 τῷ
1121 2001 1205 2105 Θεῷ
1230 1995 1296 2098 τήν
1314 1995 1372 2102 ἐφ’
1391 1991 1518 2075 ἀπασι

142 2127 236 2246 m·
311 2127 385 2205 τοῖς
412 2121 574 2224 ἀρίστοις
601 2123 824 2226 ἐπαγγελίαν
852 2119 1069 2224 τηρήσομεν,
1096 2118 1167 2228 ἐξω
1196 2155 1235 2201 τε
1267 2119 1364 2201 πόδα
1395 2120 1518 2203 αῖτίας

144 2260 201 2324 2⁶³·
277 2243 452 2352 λέξομεν,
473 2244 566 2326 κατὰ
590 2244 655 2325 τδν
670 2247 755 2350 παρ’
775 2243 944 2346 Ἕλλησι
969 2245 1095 2348 λόγον.
1134 2244 1274 2325 ἐστιδέ
1300 2247 1359 2324 καῖ
1383 2243 1547 2346 ἑτέρωςι

143 2369 241 2422 Μ’·
311 2370 451 2472 ἀγαθὸν
477 2371 520 2452 τὸ
547 2370 598 2472 μὴ
630 2371 810 2479 εὔξασθαί
837 2404 946 2471 τισιν,
974 2369 998 2472 ή
1032 2369 1208 2478 εὔξασθαι
1239 2372 1299 2451 καὶ
1330 2366 1381 2469 μὴ
1413 2369 1511 2448 ἀπο-

142 2451 168 2487 τ.
180 2450 206 2500 4.

311 2497 445 2576 δοῦναι.

144 2657 224 2736 Κεφ.
234 2651 282 2719 ιδ’.
602 2659 659 2725 Μελ
687 2662 902 2751 ταρασσέσθω
928 2660 1018 2740 ὑμῶν
1046 2662 1065 2727 εί
1094 2658 1222 2752 καρδία.

367 2835 432 2916 Εἰς
449 2839 557 2912 τοῦτο
574 2833 819 2940 μικροψυχίας
838 2832 1122 2938 κατοιχήσεσθαι
1140 2829 1205 2912 τόν
1224 2829 1366 2934 Πέτρον
1384 2815 1512 2926 εἰπὼν,

310 2957 359 3040 ὡς
379 2953 612 3059 ἀρνήσασθαι
636 2959 722 3060 τρὶς,
745 2960 805 3037 καὶ
829 2959 867 3037 ἐν
889 2962 954 3064 μιᾷ
979 2965 1086 3038 τοῦτο
1113 2956 1307 3038 πείσεσθαι
1335 2954 1444 3050 νυκτί,
1467 2956 1552 3058 τῇσι

309 3078 617 3183 τοῦπράγματος
644 3081 831 3186 ὑπερβολῇ
858 3083 1051 3186 μονονουχὶ
1080 3077 1145 3160 τὸν
1172 3061 1417 3178 ἀκμαιότατον
1438 3082 1515 3154 τῶν

311 3202 483 3284 κινδύνων
501 3203 660 3312 ὑπέδειξε
678 3205 810 3313 φόβον.
851 3203 933 3285 ὅθεν
950 3201 996 3305 ἦν
1014 3202 1140 3305 δήπου,
1159 3205 1218 3284 καὶ
1236 3198 1338 3302 μάλα
1356 3197 1512 3288 εἰκότως,

281 3326 395 3414 οτούς
412 3326 552 3432 ἐτέρους
568 3333 790 3434 παραχρῆμα
808 3325 1076 3432 διαλογίζεσθαι
1094 3325 1256 3428 μαθητάς
1275 3324 1342 3410 Τίς
1361 3324 1431 3430 ἀρα
1453 3327 1515 3408 καὶ

311 3450 439 3548 πόσος,
468 3449 490 3552 ή
519 3458 624 3533 ποῖον
654 3451 725 3558 ἕξει
755 3451 798 3532 τὸ
825 3453 984 3555 μέγεθος,
1012 3458 1087 3532 τῶν
1116 3450 1299 3551 ἐσομένων
1327 3451 1347 3528 ό
1376 3446 1512 3556 φόβος,

312 3571 634 3680 δυσκαταμάχητος
662 3574 701 3656 δέ
728 3577 840 3660 σύτως
868 3577 888 3655 ὁ
916 3575 1127 3680 πειρασμὸς,
1156 3579 1204 3660 ὡς
1235 3577 1330 3654 ἑλεῖν
1356 3572 1422 3673 μέν
1448 3571 1552 3654 τδνεὲ

310 3697 527 3802 προύχοντα,
564 3704 783 3796 καταβαλεῖν
820 3695 857 3780 δέ
902 3700 970 3806 οάχ
1009 3697 1121 3808 ἅπαξ,
1157 3699 1243 3779 ἀλλ’
1281 3699 1320 3777 ἐν
1357 3699 1408 3777 ἑνὶ
1446 3693 1515 3795 μέν

310 3817 503 3919 πολλάκις,
526 3823 584 3902 καὶ
612 3822 650 3901 ἐν
672 3821 787 3930 ὀλίγῳ
813 3829 947 3931 καιρῷς
976 3825 1030 3909 τίς
1055 3825 1119 3906 οὖν
1142 3824 1212 3928 ἀρα
1236 3823 1275 3903 ἐν
1297 3822 1383 3922 ἡμῖν
1406 3818 1449 3902 τὸ
1475 3822 1513 3899 ἐν

310 3953 385 4031 τοῖς
412 3945 464 4027 ε”τι
490 3946 631 4050 χείροσι
657 3944 827 4047 γενέσθαι
854 3947 1095 4056 διαφεύξεται,
1122 3946 1145 4050 ή
1177 3953 1256 4032 πῶς
1288 3945 1427 4053 ἀνθέξει
1458 3977 1512 4027 τις

311 4069 438 4176 ἔτερος,
456 4077 521 4150 τοῦ
535 4069 684 4174 -Πέτρου
702 4071 919 4170 κινουμένου,
937 4075 996 4152 καὶ
1019 4077 1072 4180 τῷ
1097 4072 1201 4177 βάρει
1223 4075 1297 4152 τῶν
1315 4076 1509 4171 συμβεβη-

312 4193 427 4276 κότων
445 4195 494 4280 ὡς
517 4193 562 4304 ἐξ
584 4191 742 4298 ἀνάγκης
765 4195 992 4296 ὑπείκοντος,
1023 4194 1141 4298 μάτην
1160 4197 1223 4277 οὖν
1245 4196 1317 4301 ἄρα
1344 4193 1427 4280 τοὺς
1453 4194 1510 4274 ἐπὶ
1523 4219 1552 4280 3<

312 4451 374 4564 M7.
393 4437 1512 4528 ocimu.12.a’›pmtaeE.’cvpe'n.mAubodr7rdnoodpfm

311 4509 363 4653 (Maio
389 4551 421 4640 Ε·
526 4529 568 4582 ¹⁴·
585 4508 787 4582 „acumem
895 4521 937 4582 ¹5·
956 4460 1103 4580 ‹me
1217 4509 1511 4582 18·τννυ·ενθν·ιιι·ν
