3248 5112
106 329 250 398 xiv.11.
304 334 362 400 IN
392 335 707 402 S.JOANNEM.
752 335 849 402 111ss.
873 333 934 401 IX.
980 333 1133 401 cAP.1.
1255 335 1318 398 451

105 494 230 576 πάλιν
247 498 315 604 οῦχ
332 497 568 602 ὁμολογήσας
592 496 681 580 εἰναι
706 497 770 580 τὸν
786 497 888 596 Υἰδν,
905 497 973 599 τὴν
989 500 1070 603 περί
1088 505 1153 580 τοῦ
1173 495 1319 600 Πατρίις

107 625 256 719 γνῶσιν
273 623 464 731 συνεξελεῖ
482 621 526 724 δὴ
550 621 695 708 πάντως
712 625 821 731 αὐτῷ.
853 623 912 704 ὅτε
931 623 1051 703 τοίνυν
1068 630 1142 708 τοῖς
1159 621 1348 707 οἰνοσίοιςο

107 743 209 842 ἡμᾶς
225 746 575 854 κατασφενδοιτίσας
599 748 734 851 λόγοις,
754 747 1020 850 διακεκριμένον
1037 755 1102 828 τοῦ
1122 746 1319 850 ἀγενυὴτου

73 989 228 1094 5ῥῆδην
255 994 337 1075 οὐδὲ
365 995 456 1076 Υἰδν
488 995 660 1102 ιὀτιίρχειν
687 995 797 1076 αὐτὸν
825 996 1020 1097 ὁμολογεῖ;
1061 999 1153 1074 Υἰοῦ
1184 994 1222 1076 δὲ
1254 997 1319 1075 οῦκ

105 1113 228 1214 ὄντος,
258 1119 337 1199 οὐδ’
365 1117 411 1198 οἰν
438 1119 545 1204 αὐτὸς
574 1122 595 1200 ὁ
624 1118 754 1222 Πατὴρ
785 1121 932 1220 ἀληθῶς
958 1118 1011 1200 ἔτι
1038 1125 1155 1199 νοοῖτο
1183 1117 1316 1221 πατήρ.

104 1239 210 1324 τίνος
227 1239 304 1343 γιίρ
321 1242 426 1323 ἔσται
443 1239 575 1346 πατὴρ,
593 1249 623 1323 εἰ
645 1241 696 1344 μὴ
722 1241 869 1340 τίτοκες
900 1244 1147 1346 διακεκρίσθαι
1164 1241 1229 1341 μὲν
1247 1239 1320 1346 γοίρ

105 1365 193 1468 οῦχί
211 1368 279 1464 τῆς
296 1367 434 1466 οῦσίας,
453 1366 555 1446 ἀλλὰ
573 1377 638 1448 τοῦ
659 1366 861 1471 προσώπου
879 1375 944 1447 τοῦ
964 1361 1111 1468 Πατρδς
1138 1368 1196 1446 καὶ
1220 1366 1324 1446 αῦτοί

105 1494 238 1594 φαμεν
253 1486 318 1570 τὸν
334 1489 435 1589 Υἰὸν,
453 1491 521 1596 οῦχ
538 1494 587 1576 ῶς
610 1489 809 1594 ἀλλότριον
827 1489 915 1570 ὄντα
940 1487 1033 1571 κατὰ
1059 1488 1174 1598 φύσιν
1192 1491 1316 1588 αὐτοῦ,

60 1657 94 1698 ιο
107 1613 279 1715 καθάπερ
303 1613 428 1713 ἀμέλει
452 1621 527 1700 τοῖς
551 1613 741 1720 θεομάχοις
767 1616 872 1710 δοκεῖ,
894 1615 980 1694 ἀλλ’
1000 1617 1049 1697 ὡς
1077 1611 1165 1693 ὅντα
1192 1647 1232 1694 τε
1260 1615 1320 1694 καὶ

107 1735 308 1834 νοούμενον
332 1739 370 1818 ἐν
394 1740 471 1848 ἰδίιρ
498 1737 698 1846 προσώπῳ,
717 1741 776 1818 καί
803 1736 880 1818 κατ’
900 1737 993 1817 ἰδίαν
1018 1737 1174 1845 ὕπαρξιν
1195 1733 1315 1841 ἑτερό·
1330 1770 1350 1812 ο
1367 1756 1488 1814 798A.

107 1889 208 1958 τητι·
256 1861 345 1946 Υῶς
372 1859 445 1965 γάρ
472 1864 562 1960 ἐστι,
591 1863 650 1942 καί
679 1861 722 1941 οὐ
750 1860 892 1964 Πατήρ·
932 1862 1177 1964 διακεκρίσθαι
1206 1859 1321 1963 γεμὴν

108 1983 190 2064 κατ’
211 1985 341 2066 οῦσίαν
363 1989 436 2066 οὔτ’
458 1985 505 2066 ἂν
528 1987 629 2066 αῦτοί
655 1985 822 2093 φαίημεν,
841 1985 876 2065 εἰ
895 2019 938 2085 γε
963 1991 1169 2092 φρονοῦμεν
1186 1987 1317 2088 ὀρθῶς,

109 2111 193 2188 οὔτε
220 2113 290 2190 τινί
313 2117 387 2191 τῶν
409 2115 580 2218 ἀδελφῶν
602 2108 958 2210 συμβουλεύσαιμεν.
997 2114 1075 2194 πῶς
1100 2108 1173 2212 γὰρ
1198 2107 1243 2189 ιίν
1261 2112 1321 2189 καὶ

65 2231 331 2336 ιςδιακέκριται
358 2231 481 2334 μόνον,
505 2236 587 2316 καθ’
607 2233 698 2337 ὅπερ
723 2235 825 2313 ε’στίν
851 2231 1054 2336 ἰδιαᾷἰντως
1082 2233 1238 2312 ἕκαστον
1250 2265 1261 2330 ;
1300 2234 1320 2311 ὁ

111 2355 257 2459 Πέτρος
280 2355 353 2461 γὰρ
376 2357 514 2462 Πέτρος
539 2359 620 2438 ε’στί
644 2359 703 2438 καί
729 2358 772 2437 οιί
791 2360 1031 2455 Παῦλος,καί
1055 2358 1077 2436 ὁ
1101 2361 1252 2441 Παῦλος
1278 2357 1321 2436 οῦ

111 2479 269 2582 Πέτρος,
287 2480 436 2580 με’νουσι
453 2481 566 2584 γεμὴν
584 2481 781 2586 ἀδιάκριτοι
807 2480 899 2562 κατὰ
925 2482 1050 2587 φύσιν.
1091 2479 1140 2567 εἰς
1165 2480 1238 2584 γὰρ
1263 2482 1317 2562 ἐπ’

109 2605 256 2711 ἀμφοῖν
282 2608 347 2705 τῆς
373 2605 499 2690 οὐσίας
526 2607 547 2684 ὁ
575 2603 778 2707 λόγος,καί
806 2602 869 2684 τὸν
894 2605 1004 2686 αὐτὸν
1028 2604 1320 2709 ἀπαραλλάκτως

109 2727 187 2834 ἔξει
205 2726 254 2807 τιί
270 2727 361 2831 πρὸς
379 2728 529 2830 ἑνότητα
546 2725 708 2836 φυσικὴν
725 2729 961 2827 συνδούμενα.

62 2891 97 2931 ιο
168 2857 253 2932 Τοῦ
277 2850 315 2932 δὲ
340 2851 385 2952 δὴ
409 2851 514 2958 χαίρω
532 2851 578 2932 τοί
600 2851 749 2932 τοιαῦτα
767 2858 909 2959 φαμεν;
939 2853 1111 2959 ἐπιδεῖξαι
1135 2851 1208 2956 γὰρ
1234 2851 1355 2951 ἡμῖνο

107 2975 266 3073 σκοπὸς,
290 2976 345 3056 ὅτι
373 2983 589 3084 φρονοῦντες
616 2978 738 3056 ε’κεΐνοι
764 2981 967 3073 δυσσεβῶς,
992 2981 1056 3074 τῆς
1085 2974 1177 3054 κατὰ
1204 2975 1320 3080 φύσιν

108 3097 285 3198 θεότητος
309 3097 502 3207 ἐξέλκουσι
533 3097 597 3180 τὸν
621 3098 721 3196 Υἰίιν,
750 3097 852 3178 οῦδὲν
879 3099 976 3206 αὐτῷ
1006 3097 1129 3196 πλέον,
1158 3097 1319 3201 καθάπερ

107 3225 183 3324 ἤδη
210 3225 439 3326 προείπομεν,
466 3227 636 3329 σχετικῆς
669 3223 907 3320 ἀπονέμοντες
939 3222 1152 3323 οἰκειότητος
1178 3225 1242 3320 τῆς
1269 3225 1319 3308 ὡς

107 3346 206 3450 πρὸς
226 3347 373 3451 Πατέρα
397 3349 457 3427 καὶ
476 3345 581 3429 Θεόν.
619 3349 694 3427 ἐπεὶ
722 3344 782 3428 διὰ
808 3346 917 3426 ποίαν
942 3347 1059 3426 αἰτίαν
1084 3347 1177 3446 ἡμᾶς
1200 3379 1319 3451 παρα.

64 3499 95 3558 ²5
108 3471 291 3572 δείγματα
317 3470 536 3574 παραθέντες
567 3478 631 3550 τοῦ
661 3467 777 3572 λόγου
806 3531 828 3566 ,,
845 3467 1023 3573 Καθάπερ
1051 3470 1161 3570 ἡμεῖς,
1190 3474 1333 3578 φασίν,·

108 3655 132 3691 ,,
151 3597 270 3695 ἀμιγῆ
293 3592 386 3697 πρὸς
412 3591 521 3674 αὐτὸν
546 3591 673 3698 ἔχομεν
697 3592 763 3694 τὴν
789 3591 1005 3691 ὑπόστασιν,
1024 3593 1124 3679 ὄντες
1147 3596 1186 3675 ε’ν
1211 3596 1318 3704 αὐτῷ,

108 3781 131 3818 ,,
151 3721 271 3802 οὕτως
294 3721 352 3798 καί
377 3716 484 3802 αῦτὸς
508 3715 772 3820 διακεκριμείιην
796 3714 867 3821 ἔχει
891 3725 956 3798 τοῦ
974 3723 1071 3800 Θεοῦ
1095 3717 1162 3820 τὴν
1179 3721 1318 3816 οὐσίαν,

109 3905 132 3942 ,,
152 3840 225 3923 κᾶν
237 3837 324 3920 εἰναι
337 3841 496 3945 λέγηται,
510 3843 637 3948 φησὶν,
648 3843 686 3920 ἐν
700 3841 796 3950 αὐτῷ
810 3840 840 3936 ;”
855 3837 910 3945 ἄρ’
922 3842 965 3922 οιί
977 3849 1093 3923 πᾶσιν
1103 3843 1319 3924 εῦκοίτοπτος

109 3968 134 4068 ἡ
161 3967 391 4068 πανουργίας
427 3961 482 4070 ἆρ’
502 3965 566 4046 οῦκ
594 3966 667 4068 ε’ρεῖ
689 3999 744 4049 τις
771 3964 930 4068 εὐλόγως
956 3965 1021 4045 τὸν
1043 3966 1136 4044 οῦτοι
1163 3961 1349 4051 δυσωδέ-(ς

67 4137 99 4192 30
110 4123 255 4172 στατον
273 4089 495 4198 ἐξεμέσαντα
515 4087 629 4193 λόγον
648 4089 788 4170 ἐκείνων
806 4087 978 4194 ὑπάρχειν
995 4087 1058 4168 ἕνα
1081 4093 1154 4169 τῶν
1171 4085 1231 4167 διοί
1254 4093 1319 4166 τοῦ

151 4381 177 4420 ι.
199 4361 305 4432 napae
320 4359 353 4416 Ε.
368 4359 472 4432 Migne.
484 4359 631 4430 πνεύματος
643 4357 715 4413 Αυίι.
729 4357 776 4413 aed
791 4377 835 4429 γρ.
846 4358 944 4428 πατρὸς
959 4355 1011 4412 Εδ.
1023 4373 1079 4426 mg.
1091 4354 1146 4410 huc
1163 4357 1221 4411 nine
1239 4353 1319 4412 dubi·

114 4437 218 4490 mione
231 4443 366 4502 specum.
465 4448 491 4502 3.
509 4429 722 4501 διοκεκριμμίνηιι
734 4429 768 4484 Ε.
869 4441 909 4498 ¹7·
928 4424 1005 4498 κοτδ]
1022 4433 1049 4492 4
1064 4426 1111 4496 τὴν
1125 4425 1176 4482 Ed.
1187 4426 1273 4482 invito
1285 4427 1318 4483 Ε.

118 4507 158 4560 18.
178 4506 225 4560 τδν
236 4504 316 4558 οῦς-δν
327 4502 360 4558 Ε.
373 4505 424 4557 τῶν
435 4501 520 4556 αὐτῶν
533 4501 584 4557 Ed.
693 4516 736 4566 24.
755 4497 918 4569 παράδειγμα
931 4497 963 4554 Ε.
1074 4511 1117 4568 27.
1135 4500 1182 4552 τοῦ
1194 4500 1262 4552 Θεοῦ
1273 4498 1320 4568 τὴν

116 4577 209 4632 αἰσίαν
221 4574 274 4630 boc
286 4571 381 4630 ordine
394 4572 426 4627 Ε.
440 4571 486 4642 την
499 4573 591 4628 οῦσίον
603 4575 650 4626 τοῦ
662 4573 730 4625 θεοῦ
743 4567 795 4624 Ed.

671 4671 768 4738 3112
