3142 5118
390 317 452 380 196
691 317 729 380 Β.
754 315 964 380 CYRILLI
994 315 1282 382 ALEXANDR.
1466 311 1488 373 i]

342 559 429 623 34ςΑ
518 557 524 578 ι
696 557 702 580 ι
748 551 761 580 9
874 559 882 580 ς
916 561 961 582 a,
1043 557 1051 580 ι
1149 557 1155 578 ι
1260 557 1267 578 ι
1302 557 1309 580 ³
1398 555 1403 574 ι

430 573 628 647 πεκριθιιοαν
651 582 704 623 και
731 582 824 624 ειτιον
847 582 937 644 αυτῳ
971 557 1012 624 Εν
1035 581 1209 647 αμαρτιαια
1234 583 1271 624 ου
1298 568 1464 631 ετεννιιθιιι

520 683 573 748 καί
600 683 637 750 σὺ
665 681 828 750 διδάσκειο
856 685 961 766 ἡμᾶς,
998 685 1052 748 καὶ
1078 684 1234 761 ἐξέβαλον
1262 681 1359 752 αὐτὸν
1384 680 1456 746 ἔξω.

363 789 381 831 e

449 853 740 960 Δυσπαράδεκτα
759 863 832 940 τοῖς
851 863 1005 940 πολλοῖς
1024 854 1070 935 τὰ
1087 855 1131 962 ἐξ
1149 855 1309 958 ἐλέγχων
1327 850 1485 956 τραύματ

393 981 415 1080 ἡ
444 981 486 1058 δι’
516 981 633 1059 αῦτῶυ
660 979 917 1082 ἐπανόρθωσις.
972 977 1080 1058 οῖστά
1112 978 1178 1077 μέν
1205 977 1276 1081 γὰρ
1309 981 1365 1056 καὶ
1396 973 1480 1074 ἡδέα

393 1110 535 1210 σοφοῖς,
554 1104 696 1206 ἐπείπερ
722 1104 792 1208 ἕχει
818 1101 964 1202 πολλὴν
987 1105 1026 1182 ἐν
1048 1105 1184 1186 ἑαυτοῖς
1209 1099 1275 1200 τὴν
1297 1099 1419 1200 ὄνησιν
1437 1099 1488 1176 κα

392 1232 442 1310 είς
478 1224 520 1306 τῦ
558 1227 702 1325 ἀμεινον
735 1225 963 1325 ἀνακομιδὴν,
997 1222 1064 1306 κάν
1096 1225 1332 1330 σννεισβαίνῃ
1365 1222 1404 1303 τὸ
1441 1225 1488 1299 δοῖ

394 1347 507 1452 πικρὰ
524 1347 562 1428 δέ
580 1356 655 1432 τοῖς
674 1348 986 1456 φιλαμαρτήμοσι,
1003 1351 1061 1428 καὶ
1080 1347 1138 1428 διὰ
1156 1348 1262 1428 ποίαν
1280 1346 1413 1440 αῖτίαν;
1442 1347 1488 1447 ε’ῤ,

394 1505 524 1557 σαντες
552 1471 623 1575 γὰρ
652 1479 729 1556 ταῖς
757 1477 805 1556 είς
833 1471 875 1552 τὸ
904 1479 1049 1577 φαῦλον
1074 1473 1215 1572 ἡδοναῖς
1242 1470 1309 1572 τὴν
1332 1469 1488 1550 διάνοιαν

395 1598 556 1675 ἐντεῦθεν
591 1595 719 1680 αῦτοῦς
754 1596 1017 1699 ἀποκείρουσαν
1055 1597 1246 1676 νουθεσίαν
1281 1599 1329 1680 ὡς
1368 1592 1408 1672 τὸ
1450 1603 1488 1670 λι

395 1718 634 1821 ἐκτρέπονται,
660 1721 719 1798 καὶ
747 1719 875 1822 ζημίαν
903 1721 1073 1821 ἡγοῦνται
1101 1717 1167 1820 τὴν
1194 1722 1233 1799 ἐκ
1260 1726 1333 1800 τῶν
1359 1716 1471 1817 ἡδίων

229 1866 344 1924 om.
365 1881 385 1920 κ
397 1840 542 1943 δρομὴν,
561 1839 685 1920 οῦδένα
706 1850 771 1922 τοῦ
789 1851 996 1923 λυσιτελεῖν
1013 1841 1215 1950 πεφυκότος
1237 1842 1438 1941 ποιούμενοι
1465 1849 1488 1917 λ

397 1963 506 2067 ὅνπερ
542 1963 614 2068 γὰρ
654 1963 790 2067 τρόπον
828 1969 862 2044 οἱ
901 1965 986 2050 νεὼς
1023 1967 1296 2064 ἀποπίπτοντες,
1334 1971 1392 2046 καὶ
1430 1992 1488 2044 πο

396 2087 544 2193 ῥεύματι
582 2086 769 2191 γεγονότες
811 2089 994 2188 ἀλοίσιμοι
1035 2088 1283 2192 ἀντιπράττειν
1322 2086 1389 2189 μέν
1431 2089 1488 2167 οῦί

398 2212 580 2316 ἰσχύουσι,
605 2211 648 2291 τὸ
676 2210 714 2291 δέ
741 2210 995 2318 ἀντινήχεσθαι
1024 2219 1098 2296 τοῖς
1128 2215 1235 2292 ὕδασι
1263 2209 1455 2319 σφαλερὸν

397 2369 507 2434 μενοι,
525 2333 617 2440 μόνῃ
644 2333 815 2442 φέρονται
838 2341 884 2439 τῇ
909 2333 1016 2440 ῥύμῃ·
1048 2336 1111 2415 τὸν
1131 2333 1239 2415 αῦτῦν
1261 2333 1357 2435 οἶμαι
1383 2333 1488 2437 τρότπ

398 2459 505 2556 οῦτοι,
538 2459 619 2562 περὶ
653 2455 703 2537 ὦν
735 2458 864 2561 ἀρτίως
900 2460 922 2537 ό
954 2457 1077 2560 λόγος,
1109 2493 1154 2564 πρ
1186 2465 1260 2538 τεῦν
1292 2460 1430 2539 οἰκείων
1464 2460 1488 2557 ἡ

397 2581 576 2685 τυραννίδι
611 2580 806 2680 νικώμενοι,
838 2579 961 2666 πάσας
993 2581 1085 2686 ἐχειν
1118 2583 1241 2666 αὑταῖς
1272 2581 1488 2684 ἐπιτρέπουα

399 2705 507 2803 ἡνίας,
527 2701 570 2784 τὸ
595 2706 820 2784 ἀντιστατεῖν
843 2703 935 2784 κατά
959 2739 993 2784 τι
1019 2712 1108 2806 γοῦν
1126 2702 1412 2803 ἀπανδήσαντες.
1455 2707 1488 2781 δι

365 2955 573 3056 αεὶοηγητῇ
599 2955 846 3054 θηριοπρεπιῦς
871 2949 1112 3054 ἐπιτρίζουτες,
1131 2953 1189 3031 ἐπὶ
1217 2950 1263 3032 τῦ
1291 2956 1354 3051 τῆς
1383 2953 1485 3052 ὀργῆ

399 3107 506 3174 ρουσι
538 3073 717 3177 προοίμια,
749 3076 808 3153 καὶ
844 3074 972 3172 μανίας
1006 3073 1206 3176 ἀπρόσιτον
1238 3071 1408 3179 ἀπαργρδν
1442 3077 1488 3151 ἀι

400 3197 518 3302 ζοντες
550 3201 782 3300 λοιδοροῦσιν
809 3199 987 3296 ἀθέσμοις,
1015 3200 1265 3297 ἀναπηδῶντες
1293 3198 1330 3278 δέ
1359 3197 1487 3300 τρόπο

399 3321 492 3425 πρὸς
509 3320 574 3420 τὴν
593 3319 801 3425 σύντροφον
821 3321 939 3403 αὐτοῖς
959 3320 1170 3426 ὑπεροψίαν,
1190 3323 1219 3401 ἐν
1238 3325 1431 3426 ἁμαρτίαις
1450 3357 1488 3423 γΙ

400 3444 493 3523 σθαί
522 3450 617 3550 φασι
650 3442 714 3522 τὸν
741 3443 893 3550 τυφλὸν,
921 3446 1130 3528 Ἰουδαῖκαῖς
1162 3445 1340 3529 ὑπονοίαις
1374 3442 1478 3546 πρὸς

402 3565 674 3668 διαπαιζόμενοι,
693 3569 751 3647 καὶ
775 3565 972 3674 ἀσυστάτςρ
997 3565 1150 3668 δόγματι
1175 3567 1488 3670 συναγορεύοντες

403 3699 486 3790 θῶς.
538 3690 592 3770 ὅτι
621 3689 693 3794 γάρ
726 3689 941 3771 τῶνόντων
972 3693 1085 3776 οὐδεὶς
1117 3694 1197 3772 οὔτε
1227 3693 1269 3770 δι’
1301 3689 1433 3771 ἑαυτὸν
1472 3729 1488 3771 κ

404 3817 483 3896 οὔτε
512 3812 584 3914 μὴν
612 3812 671 3892 διά
699 3811 781 3898 τοῦς
809 3813 976 3898 τεκόντας
1004 3811 1113 3894 αὐτόν
1140 3813 1163 3916 ἢ
1191 3813 1332 3922 τυφλός
1359 3817 1488 3896 ἀποτί.

442 4069 465 4107 1.
484 4049 552 4108 ὅλως
565 4049 597 4104 Β.
730 4068 755 4116 4.
775 4049 851 4104 οίστίι
865 4049 922 4104 Ra.
935 4048 974 4106 οἶς
985 4051 1018 4104 τὰ
1031 4051 1122 4106 Holsst.
1136 4050 1204 4120 ἢστά
1215 4069 1230 4105 e
1243 4049 1302 4106 cat.
1317 4049 1399 4105 Harl.
1414 4069 1488 4105 eme

403 4122 514 4177 adnotat
525 4123 583 4191 ipse
595 4119 668 4174 Aub.
717 4120 758 4173 καὶ
770 4122 918 4190 assumpsit
929 4139 943 4174 e
957 4120 1017 4176 Cat.
1033 4123 1109 4176 Harl.
1119 4121 1193 4176 Aub.
1206 4131 1231 4176 et
1243 4122 1280 4176 ita
1291 4139 1315 4176 a.
1391 4121 1421 4174 6.
1443 4145 1488 4177 σο

405 4193 463 4248 Ba.
477 4188 652 4256 συνεισβαίνει
664 4188 725 4245 cat.
740 4191 815 4244 Harl.
829 4192 958 4260 συμβαίνῃ
974 4191 1022 4246 Ht.
1037 4191 1087 4246 Ed.
1261 4209 1285 4261 7.
1304 4189 1406 4262 αἰτίαν]
1428 4199 1465 4254 -λ-
1485 4221 1488 4245 ι

403 4263 494 4317 invitis
508 4261 568 4316 B.a.
615 4261 711 4316 statim
724 4260 908 4330 ἐρριζῶσαντες
920 4278 944 4314 a.
957 4262 1140 4332 ἐνριζῶσαντες
1153 4261 1185 4316 Β.
1200 4263 1387 4332 εῦριζίισαντες
1403 4263 1464 4316 Ed.

403 4334 503 4386 λυποῦν
514 4332 595 4386 habet
608 4331 641 4386 B.
654 4333 791 4386 λυποῦσαν
803 4349 827 4384 a.
842 4331 901 4386 Cat.
916 4331 992 4386 Harl.
1084 4332 1125 4386 16.
1144 4331 1255 4404 οἰκείων]
1271 4333 1342 4386 ἰδίων
1355 4332 1474 4387 οἰκείων

401 4399 540 4454 davith.
638 4419 679 4472 19.
698 4401 783 4456 τοίνυν
794 4419 819 4456 ιι.
916 4418 958 4456 20.
977 4402 1100 4472 χαίρουσι
1147 4401 1296 4473 ἐουσιΒ.]
1313 4402 1375 4456 Ba.
1391 4401 1488 4458 Can]

405 4472 522 4538 χωροῦσι
534 4471 607 4525 Aub.
692 4487 735 4524 21.
754 4469 885 4541 ἀπαρχὴν]
899 4471 1014 4543 ἀργὴνα.
1029 4472 1087 4527 Cat„
1132 4425 1179 4527 ατῖ.
1266 4490 1309 4540 24.
1328 4473 1405 4542 φασὶ
1420 4495 1488 4543 γεγε

405 4537 536 4594 ὑπονοίαις
549 4541 582 4594 Β.
595 4539 654 4594 Cat.
669 4541 745 4595 Harl.
759 4540 808 4595 Ht.
820 4541 952 4599 ἀπονοίαις
964 4542 1037 4597 Aub.
1146 4555 1189 4614 27.
1208 4541 1416 4614 '‘paesumpssum
1432 4561 1474 4598 ex
