3248 5112
241 313 307 380 470
395 375 397 380 .
547 320 586 385 B.
610 317 823 385 CYRILLI
852 319 1141 384 ALEXANDR.
1312 315 1376 380 xiv.
1393 308 1442 376 18.

244 478 487 586 ἀξιοζήλωτον
505 485 666 566 ἐντεῦθεν
684 482 978 590 ἀποκομιζόμενοι
994 484 1037 564 τὸ
1056 483 1174 588 γέρας.
1211 479 1354 585 ἆγιοίσει
1372 475 1445 578 γάρ

246 603 385 706 ούτοῦς,
412 611 471 688 καὶ
501 608 648 690 πάντων
676 610 767 709 ὁμοῦ
799 615 872 690 τῶν
900 609 1048 712 ἀγαθῶν
1075 603 1323 690 ἀποτελεστάς
1355 605 1445 682 ἀπο-

246 728 361 836 δείξει,
391 733 450 811 καὶ
487 729 530 813 τό
561 730 626 834 μὲν
657 737 722 834 τῆς
758 735 1085 837 ἀνθρωποπρεποῦς
1117 731 1279 815 δουλείας
1315 723 1446 832 αἶσχος

247 854 355 958 ἀφιεῖ,
372 860 424 962 τῷ
443 855 481 937 δὲ
499 861 564 957 τῆς
587 859 767 942 υἱοθεσίας
792 857 969 963 ἀξιώματι
993 863 1193 959 περιβαλεΐ.
1234 855 1292 934 καὶ
1310 883 1445 952 μαρτυ-

79 989 203 1044 entim.
246 975 351 1080 ρήσει
381 979 499 1082 λέγων
527 983 547 1062 ὁ
579 987 728 1066 Παῦλος
756 980 880 1061 “⁰Ort
908 981 951 1060 δέ
975 981 1057 1060 ε’στε
1087 982 1169 1077 υἱοὶ,
1192 976 1477 1085 έξαπέστειλεν5

247 1111 270 1148 “
288 1103 309 1181 ὁ
328 1101 421 1188 Θεός
444 1103 486 1184 τὸ
512 1113 655 1205 πνεῦμα
680 1114 745 1186 τοῦ
762 1109 854 1186 Υίοῦ
878 1105 987 1185 αὐτοῦ
1013 1109 1062 1188 είς
1086 1101 1151 1188 τάς
1170 1101 1316 1206 καρδίας
1336 1101 1445 1199 ὑμῶν,

249 1235 272 1274 “
289 1225 420 1332 κρᾶζον
436 1229 563 1326 Ἀθβᾶ
581 1230 600 1308 ὃ
619 1227 776 1333 πατήρ·”

216 1339 238 1404 d

200 1457 238 1515 ¹⁸
388 1477 456 1545 Οὐκ
481 1479 604 1568 ἀφήσω
630 1477 714 1558 ὑμᾶς
740 1479 919 1570 ὀρφανοὺς,
943 1477 1081 1570 ἔρχομαι
1108 1477 1191 1568 πρὸς
1218 1477 1312 1554 ὑμᾶς.

305 1639 529 1744 Ἀναγκαίως
557 1647 615 1724 καὶ
644 1651 707 1724 νῦν
729 1644 748 1724 ὁ
779 1642 911 1746 Κύριος
940 1644 1042 1744 ἡμῶν
1063 1643 1209 1743 Ἰησοῦς
1236 1643 1257 1720 ὀ
1285 1637 1448 1744 Χριστὸς

244 1763 314 1846 ’τὸν
342 1769 424 1871 περὶ
455 1771 519 1867 τῆς
551 1767 656 1871 ἁγίας
688 1801 726 1848 τε
760 1771 818 1848 καὶ
850 1768 1045 1866 ὁμοουσίου
1077 1764 1233 1870 Τριάδος
1266 1763 1448 1870 ε’ξυφαίνει
1464 1793 1503 1834 10

249 1889 373 1993 λόγον.
411 1890 543 1997 δέδειχε
561 1891 627 1992 μὲν
645 1889 717 1996 γάρ
736 1891 805 1992 ήδη
829 1890 1015 1996 πρότερον,
1033 1893 1206 1995 παραθεὶς
1230 1893 1279 1972 είς
1302 1897 1445 1988 πληρο-

251 2015 382 2122 φορίαν
407 2013 541 2118 λόγους
568 2051 606 2097 τε
634 2019 692 2097 καὶ
720 2015 919 2119 πράγματα
943 2023 1018 2100 τοῖς
1043 2018 1236 2116 ἀγαπῶσιν
1259 2011 1377 2110 αὐτὸν,
1395 2010 1449 2090 ὅτι

250 2173 289 2220 τε
316 2141 375 2220 καὶ
403 2138 557 2246 ὑπάρχοι
585 2138 676 2222 κατά
704 2139 818 2248 φύσιν
837 2138 941 2238 Θεὸς,
964 2143 1023 2221 καὶ
1050 2143 1089 2220 έκ
1118 2145 1214 2220 θεοῦ
1241 2137 1450 2242 γεγέννηται

221 2261 408 2364 ΘΠατρός,
426 2264 617 2366 ἔσοσθενής
644 2298 683 2345 τε
710 2267 789 2344 ἐστὶ
817 2269 875 2344 καὶ
903 2263 1118 2367 ίσογυῶμων
1143 2265 1249 2370 αὐτῷ.
1292 2259 1351 2340 διὰ
1377 2259 1450 2363 γὰρ

85 2374 191 2488 effi,
251 2394 358 2468 τοῦτο
377 2389 434 2467 καὶ
452 2386 595 2495 ἔφασκέ
607 2421 693 2469 ποτε
711 2387 787 2488 μέν,
798 2387 852 2468 ὅτι
867 2399 889 2436 “
900 2388 971 2490 ε’γῶ
990 2386 1010 2468 ἀ
1030 2395 1149 2480 λαλῶ,
1162 2385 1223 2468 ἀπ’
1238 2387 1391 2486 ἐμαυτοῦ
1409 2384 1450 2462 ού
1467 2408 1503 2468 ¹5

85 2511 208 2642 2⁰33&
254 2521 276 2560 ‘⁴
294 2512 430 2609 λαλῶ,”
450 2511 537 2592 ποτὲ
556 2511 593 2592 δὲ
611 2510 724 2593 πάλιν
742 2521 765 2559 “
780 2517 826 2592 Εἰ
847 2513 889 2593 ού
912 2519 1004 2593 ποιῶ
1031 2509 1078 2591 τά
1105 2511 1194 2614 ἔργα
1221 2517 1285 2597 τοῦ
1306 2507 1453 2611 Πατρός

255 2644 277 2684 “
293 2669 375 2735 μου,
393 2631 443 2734 μὴ
461 2635 651 2716 πιστεύετέ
663 2663 737 2735 μοι·
767 2641 798 2715 εἰ
816 2633 855 2714 δέ
872 2642 975 2733 ποιῶ,
994 2633 1061 2714 κάν
1080 2637 1158 2734 ἐμοὶ
1176 2633 1227 2735 μὴ
1246 2632 1450 2731 πιστεύητε,

256 2768 278 2807 “
295 2765 369 2843 τοῖς
388 2759 504 2862 ε’ργοις
522 2793 591 2858 μου
609 2758 830 2840 πιστεύετε.”
851 2761 936 2840 ἀλλ’
952 2755 997 2859 ἦν
1012 2762 1069 2840 ἐπὶ
1087 2759 1225 2842 τούτοις
1243 2758 1286 2837 ού
1303 2753 1453 2859 μετρίως

255 2885 450 2985 ἀναγκαῖον
472 2883 515 2962 τὸ
540 2885 599 2962 καὶ
627 2883 681 2963 ἐπ’
702 2869 798 2991 αὐτῷ
825 2887 877 2990 τῷ
899 2884 1015 2990 Ἀγίιρ
1041 2881 1224 2980 Πνεύματι
1237 2877 1318 2980 Χτήν
1339 2880 1454 2980 ὀρθῶς

255 3039 294 3085 τε
319 3008 378 3086 καὶ
402 3004 633 3108 ἀνεγκλήτως
657 3005 814 3112 ἔχουσαν
838 3006 1007 3111 δέχεσθαι
1031 3002 1154 3113 δόξαν.
1195 3007 1289 3086 οὕτω
1312 3003 1386 3108 γάρ
1410 3001 1454 3103 ἦν
1469 3035 1507 3074 20

255 3127 465 3234 ὁλοκλήρως
483 3136 531 3216 είς
549 3128 726 3234 ὀρθότητα
744 3131 900 3216 πίστεως
921 3129 985 3210 τὸν
1003 3137 1076 3210 τῶν
1094 3127 1326 3233 ἀκροωμένων
1344 3131 1453 3209 ἀπευ-

256 3252 429 3334 θύνεσθαι
456 3263 552 3335 νοῦν.
592 3255 631 3336 τί
654 3257 774 3336 τοίνυν
793 3255 885 3354 ἡμᾶς
913 3253 971 3334 διά
994 3261 1067 3336 τῶν
1088 3252 1328 3357 προκειμένων
1351 3250 1453 3332 διδά·

90 3391 202 3448 alu.
225 3405 335 3456 οσκει
357 3378 529 3480 Χριστὸς,
549 3381 597 3464 ὡς
624 3381 662 3459 έν
687 3380 825 3481 ὀλίγοις
851 3377 1061 3479 ἐκθήσομαι.
1099 3378 1219 3482 ἕτερον
1246 3378 1329 3478 ἡμῖν
1356 3375 1456 3478 παρὰ

254 3507 320 3580 τοῦ
349 3505 445 3581 Θεοῦ
473 3505 532 3582 καὶ
561 3500 707 3605 Πατρός
738 3501 1025 3608 πεμφθήσεσθαι
1058 3501 1188 3604 λέγων,
1215 3499 1456 3607 ἀσφαλίζεται

254 3623 368 3706 πάλιν
395 3629 623 3724 οἰκονομικῶς
651 3623 716 3706 τὸν
743 3627 801 3706 ε’πὶ
831 3627 1027 3732 τῇπίστει
1057 3625 1183 3728 λόγον.
1231 3624 1277 3726 ἦν
1304 3622 1377 3728 γὰρ
1411 3622 1508 3725 δήι5

254 3781 354 3832 τινας
386 3746 477 3832 εἰκὸς
509 3750 573 3828 οῦκ
605 3751 721 3853 ὀρθῶς
753 3758 922 3834 νοοῦντας
953 3751 996 3830 τὸ
1033 3747 1231 3852 εἰρημένον,
1266 3747 1457 3849 οὶήσεσθαι

255 3872 375 3976 λέγειν
397 3869 506 3952 αύτὸν
528 3873 591 3952 οὐκ
616 3874 655 3952 ἐκ
678 3876 742 3972 τῆς
767 3873 894 3957 οὐσίας
922 3869 1010 3954 εἶναι
1034 3881 1099 3954 τοῦ
1122 3877 1219 3953 Θεοῦ
1243 3871 1285 3953 τὸ
1308 3877 1459 3970 Πνεῦμα

256 3993 298 4076 τὸ
322 3993 466 4100 Ἀγιον,
497 3995 658 4099 καθάπερ
690 3997 753 4076 οῦν
784 3996 885 4104 ἔδοξε
914 4003 987 4077 τῶν
1017 3997 1203 4077 ἀσυνέτων
1231 3999 1339 4094 τισὶν,
1371 3997 1455 4075 ἀλλ’

257 4119 376 4224 ἕτερόν
394 4153 430 4200 τι
448 4119 540 4200 κατὰ
559 4119 675 4227 φύσιν
693 4118 866 4226 ὑπάρχειν
884 4121 984 4202 αύτό·
1016 4121 1058 4202 τὸ
1083 4120 1155 4224 γάρ
1166 4118 1315 4200 Ἀλλον
1334 4119 1456 4217 εἰπεῖν,

255 4243 355 4346 παρά
383 4277 426 4346 γε
454 4250 528 4329 τοῖς
556 4242 823 4347 ἀμαθεστέρας,
845 4245 1010 4346 τοιαύτης
1034 4243 1130 4329 τινὸς
1157 4245 1271 4328 αἰτίας
1298 4243 1459 4353 ἔμφασιν
1473 4273 1511 4330 30
1612 4281 1621 4304 ς

295 4472 319 4511 ι.
337 4457 368 4512 τὸ
381 4463 550 4527 assumptum
562 4473 594 4512 ex
608 4455 641 4512 E.
802 4476 828 4526 ⁴·
847 4455 934 4530 ἀφιιῖ]
948 4479 992 4528 γρ.
1004 4457 1101 4530 ἀφελεῖ
1113 4457 1165 4515 Εδ.
1178 4477 1234 4531 mg.
1246 4457 1322 4530 ἇφιεῖ
1333 4457 1414 4514 habet
1429 4458 1459 4513 F.

260 4527 301 4583 18.
318 4527 433 4598 μετρίοις
446 4526 479 4582 Ε.
587 4544 631 4585 20.
648 4526 728 4597 δόξαν
740 4527 865 4602 δέχεσθαι
877 4531 984 4586 inverso
997 4529 1090 4585 ordine
1104 4529 1136 4584 Ε.
