3248 5112
294 327 359 390 460
598 327 636 391 B.
660 325 874 392 cYRILM
903 324 1193 390 ALEXANDR.
1296 323 1360 386 xiv.
1378 338 1428 398 ια,
1443 333 1492 402 13.

296 488 430 570 διδόναι
455 497 527 574 τοῖς
551 495 713 593 γνησίοις·
737 491 782 573 τιί
803 492 933 595 ἀγαθά·
963 492 1051 594 ὅπερ
1069 489 1110 572 ιίν
1129 489 1287 584 αἰτήσητέ
1302 495 1417 596 φησιν
1436 484 1493 564 ἐπὶ

259 646 284 688 ς
297 622 344 722 τῷ
370 617 508 720 ὀνόματί
528 653 605 722 μιν,
623 619 715 697 τοῦτο
738 619 876 713 ποιήσω,
894 616 1147 715 τετελεσμένον
1172 621 1235 694 τοῦ
1259 617 1382 714 καιροῦ
1409 604 1493 688 καθ’

296 736 338 817 ὸν
360 738 438 838 ἔδει,
458 741 583 845 φησίν,
601 743 638 820 ἐν
662 746 714 847 τῷ
737 743 800 839 τῆς
827 739 1074 824 ταπεινώσεως
1103 739 1292 844 φαίνεσθαι
1320 731 1493 838 σχήματι.

294 861 469 965 τετήρηκα
497 863 539 944 τὸ
569 863 707 967 πρέπον
738 863 796 944 διὸ
828 861 895 962 τήν
927 865 1141 961 οἰκονομίαν·
1187 863 1263 941 νυνὶ
1293 857 1331 939 δέ
1364 851 1494 936 λοιπὸν

295 987 601 1070 ἀκατακαλύπτως
624 991 672 1070 ὡς
692 985 785 1072 Θεὸς
808 987 1014 1089 ἐνεργήσειν
1031 979 1370 1088 ἐπαγγέλλομαιτιί
1387 985 1526 1074 Θεοῦ,5

295 1111 338 1190 οῦ
365 1106 429 1189 τὸν
453 1111 601 1213 Πατέρα
629 1115 694 1210 τῆς
727 1111 820 1190 οὕτω
853 1116 1070 1213 θεοπρεποῦς
1103 1109 1212 1216 δόξης
1244 1103 1493 1215 ἐξωθούμενος,

295 1237 380 1312 ἀλλ’
404 1233 460 1313 ’ίνα
489 1229 634 1344 δοξασθῇ
660 1235 689 1314 ἐν
714 1232 761 1342 τῷ
789 1242 868 1342 Τὶᾦ.
909 1231 1147 1341 δοξαᾷνμένου
1174 1230 1246 1335 γὰρ
1273 1236 1338 1310 τοῦ
1363 1226 1490 1328 γεννή·
1577 1271 1582 1278 ·

294 1391 417 1455 ματος,
437 1357 708 1464 δοξασθήσεται
724 1357 868 1442 πάντως
887 1360 924 1437 ἐν
942 1359 1039 1465 αύτῷ
1057 1359 1115 1436 καί
1134 1357 1154 1436 ό
1173 1352 1351 1459 γεννήσας
1369 1348 1490 1430 αύτύν.

200 1506 203 1516 ’
296 1478 390 1564 Θεὸς
416 1478 488 1582 γιίρ
513 1478 558 1560 ἂν
576 1479 667 1560 κατὰ
688 1481 808 1585 Λφύσιν
831 1480 1002 1584 ῦποίρχων
1021 1482 1041 1559 ό
1062 1479 1150 1564 Υἱὸς
1178 1481 1236 1559 καὶ
1261 1476 1319 1559 διὰ
1341 1479 1495 1556 πολλῶν

294 1601 361 1701 μέν
397 1602 524 1706 ἐτέρων
562 1603 843 1709 καταπέφανται·
886 1604 987 1684 οὐδὲν
1020 1603 1058 1683 δὲ
1095 1603 1203 1703 ἧττον
1240 1605 1299 1681 καὶ
1335 1598 1394 1680 διὰ
1429 1605 1494 1678 τοῦ
1511 1625 1551 1665 10

296 1724 465 1830 δέχεσθαι
487 1725 552 1828 μέν
569 1725 634 1812 τὰς
656 1735 730 1807 τῶν
748 1729 860 1831 ἁγίων
877 1727 993 1832 εύχὰς,
1011 1733 1180 1832 χορηγεῖν
1198 1726 1236 1807 δέ
1260 1727 1378 1806 αὐτοῖς
1401 1718 1494 1823 όίπερ

261 1846 341 1930 θῦν
359 1855 486 1930 αἰτοῖεν
505 1853 563 1931 καί
581 1851 787 1947 βούλοιντο.
827 1859 905 1935 πῶς
929 1853 992 1932 οῦν
1010 1855 1073 1932 οὐκ
1090 1850 1134 1931 ἂν
1153 1854 1173 1930 ό
1195 1847 1324 1951 Πατὴρ
1342 1851 1379 1927 ἐν
1398 1847 1495 1949 αύτῷ

295 1971 502 2080 δοξάζοιτο;
527 1973 652 2078 ὥσπερ
669 1973 742 2078 γὸρ
760 1979 818 2055 καί
837 1974 979 2059 εἰκότως
997 1974 1043 2055 οἰν
1062 1975 1278 2079 κατεψέχθη,
1291 1977 1385 2052 Θεοῦ
1403 1967 1496 2050 κατιί

296 2099 411 2203 φύσιν
440 2100 503 2178 οὐκ
535 2097 639 2184 ὄντος
672 2107 737 2179 τοῦ
768 2100 1012 2203 προελθόντος
1042 2098 1087 2206 ἐξ
1121 2100 1229 2178 αὐτοῦ
1261 2093 1492 2200 γεννήματος·

295 2225 407 2306 οὕτως
425 2222 528 2303 ἐσται
545 2221 642 2304 πολῦ
661 2225 745 2303 λίαν
763 2225 920 2323 εὐκλεής,
939 2223 1032 2304 Θεὸν
1051 2224 1143 2328 ἔχων
1161 2220 1345 2322 ἀληθινὸν,
1365 2221 1424 2299 καὶ
1447 2215 1494 2298 τὸ
1511 2241 1552 2302 15

295 2345 414 2426 πάντα
433 2345 605 2452 ἰσχύοντα
624 2350 712 2450 δρᾶν
730 2383 767 2427 τε
793 2351 883 2444 ὁμοῦ
909 2350 968 2427 καὶ
991 2347 1120 2451 ἐτέροις
1139 2344 1357 2452 χαρίζεσθαι,
1374 2341 1439 2423 τὸν
1454 2343 1494 2422 ἐκ

294 2473 358 2568 τῆς
377 2470 502 2576 οὐσίας
520 2471 629 2549 αύτοῦ
647 2467 873 2572 προελθόντα
892 2467 1041 2572 καρπόν.

351 2598 396 2672 Εἰ
415 2590 452 2670 δέ
477 2599 525 2677 εἰς
551 2592 663 2699 δόξαν
681 2595 854 2674 συντείνει
873 2603 936 2674 τοῦ
956 2592 1102 2698 Πατρὸς
1124 2592 1166 2674 τὸ
1191 2595 1229 2673 ἐν
1248 2598 1322 2676 τοῖς
1341 2597 1491 2692 θεοπρε-

293 2716 401 2796 πέσιν
429 2715 633 2822 ἀξιώμασιν
661 2717 816 2819 ὁρᾶσθαι
843 2714 907 2797 τὸν
930 2718 1030 2815 Υίὸν,
1051 2725 1159 2800 ,ποῖος
1186 2724 1250 2796 τοῦ
1277 2713 1494 2816 κολάζεσθαι

266 2839 405 2942 ολόγος
446 2840 616 2946 ἐξελεῖται
657 2839 721 2920 τὸν
757 2840 941 2943 αἱρετικὸν,
980 2840 1230 2945 ἀναισχύντοις
1273 2839 1493 2946 δυσφημίαις
1509 2869 1552 2910 20

294 2964 591 3066 κατασμικρύνειν
609 2963 718 3044 αὑτὸν
734 2963 971 3068 πολυτρόπως
989 2967 1031 3044 ού
1048 2966 1331 3060 καταδείσαντας
1362 2965 1430 3066 ἐρῶ
1453 2961 1492 3041 δέ

293 3087 384 3191 πρὸς
411 3089 548 3172 τούτοις
575 3089 704 3191 ἕτερον,
727 3096 805 3172 ταῖς
832 3089 971 3168 ἐκείνων
994 3089 1238 3171 ἀπαιδευσίαις
1265 3087 1307 3166 ού
1332 3087 1492 3188 μετρίως,

295 3215 343 3294 ὡς
368 3215 511 3319 ἐγῷμαι,
533 3211 748 3316 μαχόμενον.
795 3217 825 3291 εἰ
850 3211 922 3314 γὰρ
946 3209 1121 3317 εύχόμεθα
1145 3218 1197 3320 τῷ
1218 3213 1296 3319 Υἰῷ
1325 3211 1382 3289 καί
1406 3211 1492 3313 παρ’

294 3336 403 3413 αύτοῦ
421 3335 591 3438 ζητοῦμεν
609 3335 655 3415 τὰ
670 3335 858 3435 αἰτήματα,
878 3339 935 3415 καί
954 3333 1061 3421 αὐτὸς
1083 3335 1217 3417 διδόναι
1239 3332 1489 3436 κατεπαγγέλ-

293 3467 405 3554 λεται,
426 3465 504 3542 πῶς
531 3460 595 3538 ούκ
610 3455 668 3570 Κᾶν
693 3459 747 3559 εἴη
775 3459 886 3564 φύσει
914 3458 1008 3545 Θεὸς
1036 3463 1094 3540 καί
1122 3463 1160 3540 ἐκ
1186 3466 1282 3540 Θεοῦ
1308 3467 1373 3539 τοῦ
1401 3457 1492 3537 κατιί
1509 3485 1551 3544 25

294 3582 409 3684 φύσιν
438 3581 720 3683 γεγεννημένος;
761 3588 790 3660 εἰ
823 3582 895 3686 γὰρ
925 3582 975 3683 μή
1009 3587 1120 3668 οὕτως
1153 3584 1245 3689 ἐχειν
1277 3582 1491 3682 ὑπολαμβά-

294 3737 418 3784 νουσιν
437 3703 555 3802 αύτὸν,
574 3703 724 3806 γενητὸν
742 3703 780 3786 δέ
799 3701 885 3786 εἶναι
903 3707 1064 3809 λέγουσι,
1079 3707 1169 3787 κατὰ
1188 3707 1225 3787 τί
1240 3709 1422 3804 διοίσομεν
1441 3707 1493 3786 ἔτι

129 3844 196 3899 805
208 3842 246 3897 A·
265 3833 367 3907 ντῶν
392 3827 679 3927 ἐπικαλουμένων
704 3829 768 3909 τὸν
793 3829 898 3930 ἥλιον
919 3828 942 3931 ή
970 3828 1033 3910 τὸν
1062 3829 1212 3934 οὐρανὸν
1239 3831 1350 3932 ἤγουν
1372 3829 1493 3933 ἕτερόν

294 3985 329 4030 τι
363 3958 437 4032 τῶν
464 3951 695 4052 κτισμάτωνς
737 3959 766 4032 εἰ
800 3953 873 4056 γὰρ
908 3957 967 4034 καί
1002 3953 1150 4060 σφόδρα
1187 3953 1394 4056 κακούργως
1428 3957 1494 4052 τῆς

294 4078 429 4156 ἑαυτῶν
463 4076 613 4179 ἀλογίας
651 4076 695 4157 τὸ
736 4075 894 4162 ἀκαλλές
935 4077 1215 4176 δυσωπούμενοι,
1253 4077 1388 4174 κτίσμα
1427 4077 1494 4176 μέν
1509 4105 1556 4162 30

295 4199 468 4303 λέγουσιν
493 4201 601 4281 αὑτὸν
625 4203 663 4280 ἐν
688 4199 759 4308 ίσιρ
785 4207 859 4284 τοῖς
887 4200 1016 4284 ἅλλοις
1044 4202 1251 4303 κτίσμασιν,
1275 4202 1495 4306 ἀσύγκριτον

333 4507 355 4544 ι.
373 4489 400 4543 αἶ
421 4490 509 4560 ὀηται
522 4491 555 4546 Ε.
681 4489 707 4545 6.
726 4491 885 4561 θεοπρεποῦς
897 4489 968 4545 cntt.
980 4491 1131 4562 πρεπούσης
1144 4491 1196 4548 Ed.
1325 4508 1366 4547 10.
1385 4491 1494 4547 καταπέ-

293 4563 375 4632 φοτιιι
389 4561 421 4617 E.
527 4579 572 4633 31.
592 4559 631 4632 ι’ν]
647 4561 838 4634 Legendumne
850 4563 896 4616 οὐκ
909 4564 955 4617 ἐν.)
