3274 5118
115 362 292 428 xvi.8-11.
330 363 387 429 IN
419 365 453 430 S.
477 363 734 432 JOANNEM.
779 366 875 430 LIB.
899 365 941 432 X.
986 365 1090 430 CAP.
1114 364 1162 430 11.
1251 365 1313 428 621

115 541 139 577 “
159 529 290 617 πάντες
333 533 658 641 ἀνακεκαλυμμείιῳ
699 533 888 642 προσώπῳ
925 531 991 633 τὴν
1029 532 1142 641 δόξαν
1181 531 1317 634 Κυρίου

115 667 139 703 “
159 654 479 759 κατοπτριζόμενοι,
505 655 572 758 τὴν
602 656 713 757 αὐτὴν
740 655 857 737 εἰκόνα
886 655 1214 764 μεταμορφούμεθα
1243 653 1316 736 ἀπό

115 791 140 827 “
159 780 267 888 δόξης
295 787 343 865 εἰς
371 778 495 887 δόξαν,
525 778 686 884 καθάπερ
713 779 785 862 ἀπὸ
807 781 941 884 Κυρίου
971 783 1191 880 Πνεύματος·
1230 781 1250 860 ό
1279 777 1317 859 δὲ

114 917 140 954 “
162 904 295 1007 Κύριος
329 903 371 986 τό
411 901 561 1004 Πνεῦρά
598 904 733 985 ἐστιν.”
777 905 863 1012 ὁρᾷς
901 905 956 986 ότι
997 903 1239 1005 μεταπλάττει
1274 903 1317 984 τὸ

80 1035 272 1128 5Πνεῦμα
295 1029 386 1133 πρὸς
411 1030 532 1132 ἑτέραν
550 1027 674 1132 ὥσπερ
696 1026 813 1109 εἰκόνα
838 1029 920 1114 τούς
946 1033 984 1110 ἐν
1006 1028 1057 1114 οίς
1083 1027 1130 1110 ἀν
1153 1031 1316 1137 φαίνοιτο

117 1153 363 1234 καταυλισθέν
375 1187 386 1251 ;
430 1155 626 1254 μεθίστησι
662 1152 733 1258 γάρ
770 1153 927 1238 εὐκόλως
960 1154 1032 1234 ἀπὸ
1068 1162 1132 1234 τοῦ
1170 1161 1351 1261 φρονεῖνδ

118 1275 255 1356 ἐθέλειν
272 1276 319 1356 τά
343 1279 401 1358 ἐπὶ
423 1281 486 1376 τῆς
504 1280 572 1380 γῆς
590 1283 638 1362 είς
656 1277 698 1357 τὸ
723 1275 817 1378 μόνα
842 1278 991 1374 βλέπειν
1016 1276 1063 1358 τά
1088 1281 1127 1358 ἐν
1145 1279 1316 1382 οὐρανοῖς,

118 1403 180 1480 καὶ
201 1401 246 1508 ἐξ
268 1399 444 1505 ἀνάνδρου
469 1402 603 1486 δειλίας
625 1407 674 1487 είς
699 1399 966 1504 εὐτολμοτάτην
992 1401 1163 1483 διάνοιαν.
1197 1401 1253 1482 ὅτι
1278 1399 1317 1482 δὲ

118 1529 178 1604 καὶ
197 1523 280 1610 τούς
297 1525 461 1628 μαθητάς
477 1534 584 1606 τοῦτο
601 1523 784 1612 παθόντας
807 1527 1017 1631 εὑρήσομεν,
1037 1529 1096 1607 καὶ
1120 1539 1316 1632 κεχαλκευ-

62 1681 104 1722 ιο
117 1648 245 1748 μένους
275 1649 333 1730 διὰ
359 1657 424 1730 τοῦ
455 1649 664 1751 Πνεύματος
685 1657 734 1736 εἰς
756 1650 799 1731 τὸ
822 1649 911 1752 μίγτε
933 1650 999 1736 τάς
1022 1657 1096 1731 τῶν
1117 1649 1318 1730 διωκόντων

117 1773 385 1858 ἐπαναστάσεις
413 1781 650 1877 καταναρκᾶν,
668 1773 769 1854 ἀλλά
796 1780 855 1856 καί
883 1780 947 1876 τῆς
971 1781 1019 1861 είς
1037 1773 1203 1878 Χριστὸν
1220 1773 1313 1876 ἀγά-

117 1935 191 1998 πης
212 1899 327 2006 ἀπρὶξ
343 1898 541 2004 ε’χομείιους,
558 1898 756 1998 οὐδαμόθεν
776 1900 996 2006 ἀμφίβολον.
1034 1901 1161 1980 οὐκοῦν
1179 1897 1319 1999 ἀληθὴς

119 2032 185 2103 τοῦ
201 2025 369 2124 Σωτῆρος
389 2024 409 2102 ὁ
429 2020 539 2124 λόγος
557 2021 724 2130 Συμφέρει
743 2027 817 2129 ὑμῖν
836 2021 1005 2124 λέγοντος
1023 2021 1066 2102 τὸ
1084 2023 1322 2122 ἀποδημῆσαί

120 2181 166 2244 με
198 2153 246 2231 εἰς
274 2145 454 2250 οὐρανούς·
492 2148 622 2229 ἐκεῖνος
648 2143 720 2250 γάρ
737 2144 820 2248 ἦνό
844 2145 964 2250 καιρὸς
986 2151 1050 2246 τῆς
1072 2143 1225 2227 καθόδου
1254 2153 1319 2226 τοῦ

68 2301 105 2357 15
122 2270 344 2368 Πνεύματος.
1330 2285 1349 2330 ⁰

123 2541 181 2606 Καὶ
208 2541 314 2607 ἐλθὼν
344 2537 469 2607 ἐκεῖνος
496 2541 621 2618 ὲλὲςξει
647 2541 704 2607 τὸν
734 2543 853 2619 κόσμον
878 2541 953 2630 περὶ
980 2540 1141 2631 ἁμαρτίας
1165 2540 1218 2605 καί
1243 2539 1350 2630 περίε

173 2667 378 2734 δικαιοσύνας
410 2669 463 2734 καί
494 2669 569 2757 περὶ
602 2667 749 2756 κρίσεως·
795 2667 870 2756 περὶ
901 2667 1063 2756 ἁμαρτίαι
1096 2665 1166 2746 μὲν,
1197 2668 1248 2732 ὅτι
1281 2666 1350 2752 οὐ9

173 2795 375 2860 πιστεύουσιν
412 2792 459 2859 εἰσ
498 2794 566 2871 ἐμὲ·
622 2793 697 2884 περὶ
733 2793 942 2861 δικαιοσύναι
977 2793 1024 2874 δὲ,
1059 2795 1109 2860 ὅτι
1144 2793 1227 2881 πρὸς
1262 2791 1319 2858 τὸν
1336 2820 1372 2860 10

172 2920 303 3008 Πατέρα
331 2923 445 2995 ὑπάτω
465 2919 517 2984 καὶ
545 2920 653 2986 οὐκέτι
681 2917 836 3010 θεωρεῖτέ
863 2943 912 2996 με·
947 2919 1021 3008 περὶ
1041 2917 1180 3008 κρίσεως
1204 2917 1250 2996 δὲ,
1269 2919 1318 2986 ὅτι
1337 2945 1370 2986 11

71 3078 109 3117 20
173 3045 191 3112 ὁ
218 3047 327 3134 ἄρχων
355 3051 412 3111 τοῦ
441 3047 561 3122 κόσμου
589 3045 705 3111 τούτου
734 3047 889 3135 κέκριται.

180 3216 317 3319 Καιρὸν
342 3215 519 3324 ἐπιδείξας
543 3214 607 3296 τόν
626 3215 750 3296 δέοντα
769 3219 833 3315 τῆς
850 3223 915 3296 τοῦ
934 3214 1145 3314 Πνεύματος
1166 3212 1355 3295 καθόδουά

123 3345 180 3422 καὶ
207 3343 431 3440 ἀποστολῆς,
460 3339 502 3421 τὸ
531 3342 763 3440 ἀποδημῆσαι
791 3338 882 3442 πρὸς
910 3337 973 3419 τόν
994 3337 1151 3441 Πατέρα,
1170 3345 1227 3418 καὶ
1256 3337 1322 3438 τὴν

123 3469 159 3546 ἐν
187 3473 261 3550 τοῖς
295 3465 408 3567 ἁγίοις
436 3470 612 3565 μαθηταῖς
645 3464 902 3568 ἀγριαίνουσαν
932 3463 1052 3564 λύπην
1081 3463 1323 3568 ἀποχρώντως

125 3590 181 3670 διὰ
212 3590 340 3670 τούτου
368 3587 643 3692 τεθεραπευκὼς,
681 3590 740 3668 καὶ
776 3588 883 3668 τίνων
913 3586 1017 3668 ἔσται
1053 3584 1269 3692 δημιουργός
1302 3588 1322 3666 ό

77 3736 113 3796 ²5
128 3712 364 3818 Παράκλητος
389 3715 576 3818 χρησίμως
597 3712 947 3818 προσεπιδείκνυσιν.
988 3711 1087 3794 ἐλθόν
1111 3713 1182 3817 γάρ
1207 3719 1324 3820 φησιν

125 3839 253 3946 ἐλέγξει
284 3838 335 3918 τδι
368 3841 490 3942 κόσμον
519 3845 593 3944 περὶ
622 3839 798 3943 ἁμαρτίας
830 3845 888 3917 καί
920 3845 993 3944 περὶ
1023 3831 1232 3930 δικαιοσύνης
1262 3843 1322 3916 καὶ

124 3969 195 4069 περὶ
227 3967 375 4070 κρίσεως.
417 3965 475 4042 καὶ
503 3963 583 4042 τίνα
609 3957 675 4060 μὲν
698 3959 833 4063 τρόπον
851 3961 871 4040 ό
890 3962 946 4067 ἐφ’
967 3959 1109 4067 ἑκάστῳ
1132 3965 1205 4038 τῶν
1224 3966 1320 4064 εἰρη-

124 4087 237 4186 μένων
259 4084 408 4192 ’έλεγχος
432 4087 546 4184 ἕσται,
571 4086 827 4187 διαμεμήνυκεν
855 4089 1025 4189 ἀκριβῶς·
1059 4083 1160 4186 πλὴν
1178 4087 1322 4190 ε’πείπερ

125 4211 164 4288 οὐ
193 4211 277 4290 λίαν
307 4211 462 4295 εὐκόλως
492 4209 747 4315 προσβάλλειν
777 4209 869 4294 είκὸς
900 4214 952 4317 τῷ
985 4207 1188 4312 θεωρήματά
1211 4243 1353 4308 τινας,ε

160 4481 185 4520 2.
204 4466 250 4535 τὴν
262 4465 294 4521 Ε.
308 4467 344 4523 είς
355 4467 401 4536 τὴν
414 4465 465 4522 Ed.
588 4483 628 4522 11.
648 4469 806 4590 κατανοριιῖιν
818 4465 849 4519 Ε.
863 4473 889 4519 et
902 4465 939 4518 ita
947 4465 1003 4536 jam
1016 4465 1203 4520 emendaverat
1216 4465 1323 4536 (Migue

127 4535 157 4591 ad
170 4537 233 4605 loc.)
247 4535 395 4593 cotelerius
408 4537 533 4593 Menum.
547 4537 620 4593 Eccl.
633 4537 682 4592 Gr.
695 4537 723 4591 ii.
754 4552 798 4606 53.
810 4539 945 4590 εατονιεᾶν
958 4534 1030 4590 Aub.
1159 4551 1199 4608 19.
1218 4533 1321 4608 ὑπάγω]

127 4605 265 4678 πορεύομαι
279 4607 311 4662 Ε.
491 4625 534 4680 ²3·
553 4608 720 4680 ἀποχρόντιις
733 4607 784 4664 Ed.
798 4605 937 4662 emendavi
950 4624 982 4661 ετ
996 4605 1028 4662 E.
