3118 5132
52 335 193 402 ximu.
258 337 323 402 IN
355 340 389 404 S.
412 337 669 408 JOANNEM.
713 340 810 405 LIB.
834 339 894 406 IX.
939 339 1043 406 cAP.
1067 339 1096 407 1.
1215 335 1282 404 489

53 504 146 606 ἔχειν
184 510 246 612 τῷ
282 539 374 586 ποτε
412 512 533 590 καλῶς
569 505 759 586 διιθύνοντι
792 512 888 616 Θεῷ·
931 505 977 608 ἦν
1007 507 1071 586 οῦν
1102 505 1175 608 ἀρα
1208 511 1283 585 τῶν

54 628 328 734 ἐνδεχομένων,
356 632 415 710 καὶ
443 629 502 707 διά
528 663 623 714 ταας
649 635 723 710 τιῦν
750 629 895 710 ἀτόπων
921 629 945 732 ἢ
979 633 1038 710 καὶ
1070 632 1186 734 ὀρθῶς
1218 630 1284 709 οὐκ

55 754 337 855 εἰργασμένων,
347 751 664 856 προσκεκρουκότα
681 758 733 862 τῷ
750 759 832 862 Θεῷ
850 753 915 834 τὸν
931 753 1107 858 μακάριον
1120 759 1282 850 Παῦλον,

56 875 174 978 ἤγουν
193 874 287 957 τινὰ
313 883 389 956 τῶν
406 877 482 957 κατ’
502 879 634 957 ἐκεῖνον
651 877 783 979 ἕτερον,
802 875 934 980 ἔρημον
952 876 1017 976 μέν
1034 881 1099 976 τῆς
1117 877 1284 978 δοθείσης

33 1003 159 1109 ιαἰτῷ
185 1001 350 1106 χάριτος
375 1002 532 1106 ὀφθῆναι
556 1002 744 1099 δύνασθαι,
763 1008 1004 1082 κατωθεῑσθαι
1031 1000 1069 1082 δὲ
1097 1002 1198 1085 αὖθις
1225 1004 1284 1080 καὶ

60 1127 293 1204 ὑπονοστεῖν
321 1129 372 1207 είς
404 1123 469 1224 τὴν
496 1123 578 1205 ὅθεν
606 1124 717 1225 ἀνέβη
744 1127 972 1207 ταπείνωσιν.
1019 1123 1061 1205 τὸ
1089 1124 1161 1228 γὰρ
1188 1123 1317 1208 ὅλωςὶι

60 1250 200 1354 ἔξωθεν
227 1243 293 1328 καὶ
321 1247 478 1328 ἐπακτὸν
499 1249 629 1356 ῥᾳδίως
654 1246 699 1328 ἀν
720 1249 941 1330 ἀποπτύοιτο
961 1253 1020 1328 καὶ
1045 1245 1284 1354 ἀναφαίρετόν

59 1378 174 1471 ἐστιν,
196 1377 255 1457 ὡς
276 1370 399 1452 δοτόν.
439 1369 494 1476 ἀρ’
515 1373 577 1452 οῦν
594 1370 624 1452 ὦ
641 1367 826 1468 βέλτιστε·
857 1372 1074 1480 παρόψεται
1096 1369 1168 1474 γάρ
1193 1369 1285 1476 πρὸς

58 1497 100 1577 σέ
129 1499 153 1578 ό
189 1495 317 1598 λόγος
346 1495 469 1577 πάλιν·
502 1502 533 1576 εἰ
559 1493 651 1576 κατά
677 1494 745 1596 τὴν
770 1495 863 1601 πρὸς
889 1496 934 1580 σέ
963 1497 1198 1578 ἀπαιδευσίαν
1225 1499 1285 1576 καὶ

25 1619 337 1720 ινιὶσεβεοπιὶτην
355 1618 555 1725 ὑπόληψιν,
572 1619 736 1724 καθάπερ
760 1619 805 1722 ἦν
823 1623 931 1728 ἐντῷ
958 1618 1098 1728 Παύλῳ
1122 1617 1285 1724 Χριστὸς

62 1753 197 1826 λαλῶν
219 1747 288 1824 καὶ
305 1751 565 1848 τερατουργιῦν,
584 1745 696 1828 οὕτως
717 1741 806 1824 εἶναι
834 1744 913 1845 δοίη
938 1780 992 1830 τις
1018 1745 1064 1825 ἀν
1081 1747 1119 1825 ἐν
1138 1751 1189 1853 τῷ
1208 1750 1286 1852 Υὶηῦ

62 1869 123 1950 τὸν
144 1868 324 1970 Πατέρα,
346 1875 425 1952 πῶς
452 1868 517 1947 οὐκ
541 1869 751 1975 ἀμφίλογον
776 1873 825 1954 ὡς
852 1867 945 1953 Θεὸς
972 1868 1038 1969 μέν
1063 1869 1167 1950 ἐσται
1193 1867 1287 1950 κατὰ

65 1995 185 2096 φύσιν
207 1995 391 2092 οὐδαμῶς,
409 1993 495 2072 ἀλλ’
516 1992 636 2094 ἕτερόν
654 2025 689 2072 τι
707 1991 807 2097 παρά
824 1991 889 2073 τὸν
906 1996 1108 2073 ἐνοικοῦντα
1127 1993 1285 2096 Πατέρα,

66 2119 166 2198 Θεὸν
200 2115 297 2196 ὄντα
329 2113 421 2195 κατὰ
452 2114 646 2216 ἀλήθειαν,
691 2119 784 2196 οὕτω
816 2115 889 2220 γὰρ
920 2115 966 2218 ἦν
995 2119 1112 2224 ἐντῷ
1144 2115 1315 2224 Παύλιρο

32 2259 57 2316 ¹5
66 2239 257 2344 Χριστός.
299 2239 455 2344 ὄργανον
477 2240 540 2320 οῦν
562 2241 634 2345 ἀρα
658 2243 717 2320 καὶ
741 2237 869 2346 ὥσπερ
896 2275 932 2322 τι
958 2239 1088 2325 σκεῦός
1114 2242 1214 2320 ἐστιν
1236 2245 1286 2324 εἰς

68 2367 190 2474 δόξαν
219 2364 510 2467 κατηρτισμένον
538 2367 559 2446 ό
591 2362 815 2467 Μονογενὴς,
844 2368 902 2446 καὶ
931 2365 1058 2446 διοίσει
1090 2363 1156 2463 μέν
1186 2361 1286 2445 οὐδέν

69 2495 193 2572 αὐλοῦ
223 2491 287 2569 καὶ
312 2487 436 2591 λύρας,
456 2491 567 2570 ἐκεῖνο
593 2495 736 2596 φωνῶν,
760 2489 849 2594 ὅπερ
873 2485 919 2570 ἀν
941 2489 1134 2591 ἐμπνέηται
1157 2486 1284 2595 τυχὸν,

71 2618 191 2718 ἤγουν
210 2612 398 2718 εὐρύθμως
417 2615 660 2722 ἀναμελιρδεῖν
677 2617 729 2721 τῷ
749 2612 927 2722 πλήκτρῳ
945 2613 1144 2714 κελεύηται·
1182 2611 1287 2693 ἐσται

73 2742 110 2822 δέ
142 2743 249 2821 οὕτω
277 2736 500 2841 παραδεκτὸς
528 2743 577 2822 εἰς
606 2738 899 2840 θαυματουργίαν
926 2743 978 2846 τῷ
1007 2741 1136 2842 Πατρλ,
1165 2740 1214 2824 ὡς
1241 2735 1287 2818 ἀν

33 2896 62 2936 ²0
75 2873 197 2946 νοοῖτο
216 2859 333 2967 τυχὸν
350 2861 466 2966 πρίων
483 2858 511 2964 ἢ
530 2861 739 2964 σκέπαρνον
757 2869 832 2946 τοῖς
854 2861 969 2942 εἰδόσι
991 2861 1033 2942 τὸ
1057 2862 1284 2968 ξυλουργεῖν.

73 2987 152 3071 εἶτα
181 2987 225 3070 τί
253 2985 382 3066 τούτου
409 2986 740 3091 παραλογωτερον;
779 2989 873 3066 οὕτω
903 2988 975 3089 γάρ
1004 2986 1097 3090 ἔχων
1125 2985 1285 3092 φύσεως,

71 3113 247 3213 καθάπερ
271 3110 398 3190 ἐκεῖνοί
420 3116 548 3217 φασιν,
566 3109 762 3213 ἀλλότριος
779 3110 884 3191 ἔσται
901 3115 1090 3194 παντελῶς
1107 3116 1172 3188 τοῦ
1190 3113 1288 3188 Θεοῦ

72 3241 132 3318 καὶ
169 3230 336 3335 Πατρός,
368 3232 459 3313 ὅσον
488 3239 538 3318 εἶς
568 3231 611 3314 τὸ
643 3231 732 3314 εἶναι
763 3233 876 3340 φύσει
908 3231 1002 3317 Θεὸς
1033 3235 1072 3312 ἐν
1101 3233 1198 3333 ἡμῖν,
1228 3233 1322 3312 scald

71 3363 197 3464 ἕτερος
224 3357 312 3459 παρ’
332 3353 441 3437 αὐτὸν
463 3357 587 3442 οὐδείς.
631 3363 662 3438 εί
687 3354 727 3436 δέ
754 3361 819 3458 τῆς
846 3365 911 3438 τοῦ
937 3355 1085 3459 Πατρὸς
1113 3357 1239 3439 οὐσίας
1267 3357 1287 3435 ό

32 3486 164 3570 ’ὅγἰὸς
184 3480 491 3585 ἀπυσχοινίζεται,
510 3480 602 3562 κατά
628 3516 671 3585 γε
694 3479 738 3562 τὸ
763 3479 851 3562 εἶναι
877 3481 989 3588 φύσει
1007 3479 1112 3578 Θεὸς,
1128 3485 1206 3563 πῶς
1224 3477 1289 3558 οὐκ

73 3613 231 3710 ἀληθῶς
250 3603 320 3706 ἤδη
337 3603 467 3712 φαμέν,
486 3604 604 3712 ὅτιτῇ
626 3605 742 3686 κτίσει
766 3605 1014 3704 συντέτακται,
1033 3610 1092 3686 καὶ
1110 3605 1285 3709 συνηρίθ·

72 3767 190 3836 μηται
217 3735 295 3813 τοῖς
320 3727 510 3830 ποιήμασι,
528 3733 587 3811 καὶ
612 3733 649 3810 ἐν
667 3730 822 3833 ὀργάνου
846 3730 1068 3841 παρελήφθη
1093 3731 1208 3836 χρείᾳ,
1230 3725 1289 3808 καὶ

74 3853 267 3959 ι’πτουργῦς
298 3852 384 3954 ἡμῖν
412 3856 491 3935 ἀντὶ
522 3851 703 3935 δεσπότου
732 3853 893 3960 πέφηνεν
921 3855 990 3956 ἤδη
1024 3851 1156 3934 λοιπὸν
1185 3854 1206 3930 ὁ
1238 3857 1290 3958 τῷ

75 3988 161 4090 Θεῷ
182 3979 247 4058 καὶ
268 3978 387 4080 Πατρὶ
405 3977 628 4080 συνεδρεύων
646 3974 745 4062 Υἱός·
776 3976 980 4075 μᾶλλονδὲ
1004 3975 1085 4057 οὐδὲ
1110 3973 1184 4059 υἱός
1208 3975 1289 4053 ἐστι

37 4104 171 4192 ςοκιιτιὶ
192 4098 397 4201 ἀλήθειανς
428 4101 471 4180 οὐ
496 4099 568 4205 γὰρ
596 4099 638 4181 τὸ
663 4103 701 4181 ἐν
719 4099 874 4204 όργάνου
895 4098 998 4206 τάξει
1016 4097 1127 4196 τεθέν,
1145 4103 1193 4181 εἰς
1212 4096 1289 4178 υἱόν

76 4265 129 4318 τις
148 4227 289 4327 νοῆσαι
306 4226 366 4304 καὶ
383 4224 637 4332 παραδέξοιτο.
679 4221 867 4328 ἐργαλεῖον
885 4223 950 4302 οῦν
967 4222 1039 4326 ἀρα
1056 4225 1121 4322 τῆς
1136 4219 1317 4322 ἐνούσηςο

114 4525 139 4566 1.
158 4527 230 4562 ποτε
242 4504 275 4560 Ε.
287 4505 372 4560 πάντα
385 4503 437 4560 Ed.
608 4519 633 4578 7.
651 4503 691 4560 ἰ’σ.
704 4501 876 4574 ’ἀναφαίρετον
888 4501 940 4557 Ed.
952 4519 1009 4575 mg.
1022 4501 1196 4574 ἀνοῲαιριτιίν
1207 4501 1288 4559 habet

80 4581 109 4636 1².
120 4583 168 4652 (ε
180 4575 255 4635 cod.
269 4575 299 4632 Β.
309 4575 398 4632 Marci
407 4575 476 4632 ven.
487 4577 559 4644 ιιι.)
666 4591 710 4647 ²3·
727 4575 764 4633 τίς
777 4574 809 4630 Ε.
822 4573 882 4629 ἐστὶ
895 4573 947 4630 Ed.
992 4661 994 4668 Ι
