3118 5132
297 323 363 390 428
601 327 640 392 Β.
663 327 873 393 CYRILLI
903 325 1194 392 ALEXANDR.
1367 315 1431 382 xiv.
1446 330 1511 377 10.

300 525 413 572 νεσιν.
452 491 589 590 οὐκοῦν,
608 490 700 594 ἅπερ
726 491 772 572 ῦν
797 494 910 600 φαίην
933 491 1015 596 ἐγὼ,
1037 503 1151 573 ταῦτα
1178 489 1221 591 δὴ
1248 487 1391 569 πάντως
1417 479 1513 558 ἐστὶ

300 624 365 696 τοῦ
389 614 545 719 Πατρός,
566 619 623 696 καί
649 614 741 720 άπερ
767 615 813 697 οἰν
839 618 1066 720 έργασαίμην
1083 615 1204 720 ἐγὼ,ό
1230 609 1360 712 Πατὴρ
1384 600 1507 707 ε’ργᾶ·

300 735 404 840 ζεται.
445 743 539 846 φησί
559 739 596 820 δέ
614 749 728 821 ταῦτα
753 740 969 844 ὁΧριστὸς,
987 743 1053 847 οὐχ
1077 745 1126 826 ὡς
1147 746 1220 824 τοῖς
1243 736 1362 837 ἐτέρου
1386 727 1514 832 τυχὸν

300 863 588 968 ἀποκεχρημένος
619 863 789 969 ῥήμασιν,
819 867 899 946 οὔτε
932 863 1005 965 μὴν
1034 869 1082 949 ὡς
1113 868 1151 944 ἐν
1177 858 1366 966 προφήτου
1398 851 1512 958 τάξει

301 989 361 1065 καὶ
395 987 512 1094 μέτριρ
549 986 613 1073 τὰς
650 987 785 1068 ἄνωθεν
817 992 875 1068 καί
912 987 1012 1092 παρὰ
1045 985 1190 1090 Πατρός
1227 975 1546 1082 διαπορθμεύωνε

273 1109 439 1217 θφωνάς·
479 1110 636 1192 ἐλάλουν
662 1111 733 1216 γάρ
763 1114 804 1192 οὐ
833 1112 878 1192 τὰ
906 1115 1042 1194 ἑαυτῶν
1067 1115 1189 1192 ἐκεῖνοι
1217 1107 1370 1201 πάντως,
1397 1098 1513 1180 ἀλλὰ

301 1242 366 1314 τοῦ
393 1234 553 1320 διδόντος
580 1241 703 1316 τεκαὶ
730 1237 944 1334 ἐμπνέοντος
971 1239 1091 1322 αὐτοῖς
1119 1241 1225 1316 Θεοῦ·
1268 1227 1433 1326 ἀπονέμει
1462 1223 1511 1305 δέ

302 1356 416 1438 πάλιν
431 1364 484 1465 τῷ
509 1361 586 1468 ἰδίῳ
606 1364 725 1462 Πατρί
750 1367 824 1440 τῶν
846 1359 1066 1468 παραδόξων
1086 1359 1152 1460 τὴν
1173 1359 1337 1455 ἔκβασιν,
1357 1353 1423 1456 οὐχ
1451 1353 1511 1434 ὦς

302 1482 445 1590 ἐπακτῷ
469 1483 614 1582 δυνάμει
640 1490 934 1587 θαυματουργιῦν,
942 1487 1029 1568 κατ’
1050 1487 1200 1568 ἐκείνους
1225 1477 1392 1581 δηλονότι
1415 1472 1512 1559 τοῦς

133 1605 255 1736 miss·
302 1603 489 1707 λέγοντας,
509 1606 563 1686 ὅτι
583 1608 667 1708 ἡμῖν
684 1607 735 1708 μὴ
753 1609 951 1713 προσέχετε
971 1619 992 1656 “
1006 1613 1054 1693 ὡς
1078 1609 1151 1715 ἰδίᾳ
1174 1605 1320 1705 δυνάμει
1343 1600 1366 1704 ἰγ
1390 1600 1507 1679 εὐσε-
1531 1637 1546 1678 1

137 1749 174 1786 ¹²·
303 1737 325 1777 “
342 1729 448 1835 βείᾳ”
469 1732 758 1834 τεθεραπευκόσι,
783 1731 952 1832 δηλονότι
980 1733 1044 1812 τὸν
1069 1733 1261 1831 κάμνοντα.
1302 1727 1511 1830 κεχρῆσθαι

301 1850 374 1955 γὰρ
392 1861 465 1938 τοῖς
484 1855 598 1956 ἁγίοις
618 1855 698 1939 ἔθος
717 1857 781 1935 οὐκ
808 1856 879 1962 ἰδίᾳ
903 1856 1046 1941 πάντως
1069 1856 1174 1960 ἰσχύϊ
1194 1851 1285 1957 πρὸς
1308 1849 1354 1930 τὰ
1376 1846 1505 1947 παρά·

302 1977 403 2084 δοξα,
423 1984 570 2077 μᾶλλον
591 1978 630 2058 δέ
653 1985 699 2085 τῇ
725 1987 790 2059 τοῦ
817 1985 926 2060 Θεοῦ·
967 1981 1124 2060 διάκονοι
1148 1978 1219 2082 γὰρ
1244 1980 1302 2056 καί
1328 1974 1511 2074 ὑπουργοὶ

301 2098 426 2202 λόγων
458 2136 496 2181 τε
530 2103 620 2200 ὁμοῦ
653 2109 727 2182 τῶν
759 2105 863 2184 θείων
894 2107 953 2183 καί
984 2101 1234 2206 ἐνεργημάτων
1264 2099 1509 2201 εὑρίσκονται.

135 2251 201 2309 '182
210 2249 250 2306 Δ.
272 2223 421 2325 ιε’πειδὴ
454 2226 492 2305 δέ
524 2225 716 2324 ὀμοούσιός
747 2230 826 2307 ἐστι
858 2233 909 2336 τῷ
944 2231 1062 2331 Πατρί
1095 2231 1115 2307 ό
1145 2225 1242 2323 Υἱὸς,
1270 2223 1345 2304 κατ’
1375 2219 1510 2300 οὐδένα
1529 2253 1552 2306 τ,

301 2348 437 2453 τρόπον
474 2349 715 2443 διαλλάττων,
753 2352 866 2453 ἤγουν
903 2355 951 2436 ὡς
991 2352 1150 2454 ἐτεροίως
1177 2349 1284 2454 ’ἔχων
1320 2350 1367 2429 ὡς
1408 2341 1509 2447 πρὸς

301 2472 420 2570 αὐτὸν,
440 2471 572 2575 λόγους
600 2471 692 2553 εἷναί
716 2481 812 2578 φησι
839 2473 923 2560 τούς
950 2476 1061 2559 ἰδίους
1086 2482 1151 2554 τοῦ
1178 2471 1333 2575 Πατρός,
1358 2472 1406 2553 ὡς
1434 2469 1511 2572 οὐχ

300 2595 431 2699 ἑτέροις
459 2593 503 2674 ἂν
526 2605 589 2676 τοῦ
615 2595 762 2701 Πατρός
789 2599 1023 2704 χρησαμένου
1051 2597 1174 2702 λόγοις
1202 2595 1225 2696 ἢ
1254 2594 1383 2696 οἷσπερ
1410 2591 1455 2671 ἂν
1486 2594 1509 2670 ὁ

300 2716 400 2803 Υἱός.
450 2718 550 2798 ἀλλὰ
583 2721 641 2799 καί
673 2724 710 2800 ἐν
742 2727 788 2827 τῇ
820 2729 893 2802 τῶν
926 2723 1043 2826 ἔργων
1074 2719 1323 2825 μεγαλειότητι
1360 2715 1509 2816 νοήσεις

301 2841 484 2926 ὦσαύτως.
523 2846 572 2928 ὡς
599 2843 671 2947 γάρ
699 2843 802 2924 οὐδέν
824 2846 945 2950 ἕτερον
970 2850 1123 2951 ἐνεργεῖν
1146 2841 1349 2952 πεφυκότος
1375 2873 1413 2920 τε
1441 2844 1508 2919 καί
1526 2873 1553 2910 2⁴

302 2966 492 3072 ἰσχύοντος
525 2976 590 3048 τοῦ
624 2966 770 3073 Πατρός
802 2969 825 3070 ἢ
858 2970 946 3075 ὅπερ
976 2969 1021 3050 οἰν
1039 2972 1152 3070 ἐἰδείη
1186 3003 1225 3049 τε
1255 2971 1313 3049 καὶ
1342 2966 1508 3068 ἐνεργοίη

302 3088 413 3195 τυχὸν
440 3094 460 3171 ό
491 3091 588 3191 Υἱὸς,
614 3095 724 3174 αὐτοῦ
752 3093 798 3174 τὰ
826 3095 916 3198 ἔργα
944 3097 1072 3202 φησίν.
1111 3093 1220 3174 ἐννόει
1247 3091 1318 3195 γὰρ
1346 3091 1510 3189 λέγοντα

303 3211 502 3320 φανότερον
535 3219 649 3300 οὕτως
682 3221 767 3318 Εἰμὶ
799 3224 852 3326 τῷ
888 3215 1115 3320 γεγεννηκότι
1150 3214 1242 3296 κατὰ
1277 3221 1351 3296 πᾶν
1383 3213 1510 3292 ὁτιοῦν

303 3336 470 3442 ἐμφερὴς,
489 3343 548 3418 καί
573 3338 676 3420 εἰκίον
693 3347 757 3440 τῆς
775 3343 901 3427 οὐσίας
920 3344 1040 3440 αὐτοῦ,
1059 3333 1101 3422 οὐ
1124 3339 1253 3440 μόνοις
1270 3335 1509 3442 ὡραῖζόμενος

270 3458 475 3564 δσχήμασι
503 3465 562 3541 καί
586 3471 662 3548 ταῖς
687 3464 820 3570 ἔξωθεν
846 3465 977 3572 δόξαιὲ,
1001 3464 1087 3544 ἀλλ’
1107 3464 1195 3545 ὅλον
1217 3463 1309 3569 ἔχων
1331 3465 1369 3542 ἐν
1389 3461 1509 3568 ἐαυτῷ
1525 3489 1553 3544 22

303 3579 367 3662 τὸν
386 3581 558 3689 φύσαντα
576 3584 635 3666 διὰ
653 3584 720 3682 τὴν
737 3591 801 3687 τῆς
820 3589 947 3674 οὐσίας
964 3586 1176 3689 ταυτότητά.

304 3839 353 3908 Τὰ
383 3840 511 3932 ῥήματα
539 3843 559 3907 δ
587 3841 653 3918 ἰτὼ
680 3843 774 3909 λολῶ
797 3846 848 3912 ἀπ’
871 3847 1013 3924 ἐμαυτοῦ
1041 3849 1078 3914 οὐ
1106 3847 1209 3928 καλῶ,
1228 3846 1314 3912 ἀλλὰ
1341 3847 1359 3914 ὁ
1388 3845 1507 3935 Πατείρ

558 3968 593 4034 ἐν
621 3968 695 4045 ἐμοὶ
721 3970 829 4046 μένων
857 3973 955 4039 αὐτὸς
982 3969 1068 4040 ποιεῖ
1094 3974 1134 4040 τὰ
1162 3975 1251 4066 ἒρτα.

363 4143 409 4217 Εἰ
436 4135 508 4239 γάρ
535 4137 626 4242 πρὸς
654 4139 745 4238 ὑμᾶς
773 4173 817 4238 τι,
835 4144 961 4247 φησίν,
981 4139 1164 4243 ἐλάλησεν
1183 4151 1198 4224 ί
1220 4138 1346 4248 Πατίγρ,
1365 4139 1509 4226 τούτοις

305 4262 425 4346 αὐτοῖς
457 4259 586 4367 οἷσπερ
617 4262 687 4366 ἐγὼ
716 4265 802 4362 νυνί,
832 4266 896 4344 οὐκ
925 4262 970 4344 ἂν
997 4265 1125 4370 ἑτέροις
1153 4265 1335 4372 ἐχρήσατο
1363 4261 1506 4366 λόγοις.
1523 4303 1553 4362 3ο

345 4497 387 4536 12.
406 4483 435 4538 ἰσ
455 4483 492 4538 ὐει
505 4484 537 4540 Ε.
732 4499 774 4554 23.
793 4485 878 4540 ὁτιοῦν
890 4483 922 4539 Ε.
937 4483 989 4540 ὅτι
1001 4484 1046 4542 οῦν
1058 4483 1109 4540 Ed.
1299 4501 1342 4556 30.
1362 4481 1459 4555 οἰσπιρ
1475 4487 1507 4542 Ε.

306 4553 396 4623 ὅσπερ
410 4507 453 4608 Εὐ
