3274 5118
130 349 231 412 xv.4.
309 334 367 398 IN
397 335 429 400 S.
454 334 713 400 JOANNEM.
758 334 855 400 LIB.
878 335 920 400 X.
966 335 1138 402 cAP.11.
1272 333 1337 398 557

132 528 275 594 σονται,
303 481 362 577 καὶ
389 498 533 602 ἀγάπης
560 503 624 600 τῆς
651 505 701 584 εἰς
727 498 789 600 ἐμέ
816 498 1046 608 ἐξηρτημένοι
1073 497 1337 600 πιανθήσονται

133 617 204 718 τὴν
234 621 384 723 καρδίαν
412 630 489 708 ταῖς
520 632 585 704 τοῦ
615 622 826 723 Πνεάματος
856 625 1058 728 ἐπιῤῥοίαις,
1085 625 1144 704 καὶ
1176 621 1243 722 τὴν
1272 625 1337 720 τῆς

134 744 224 843 ἐμῆς
249 744 472 847 ἀγαθότητος
496 748 696 832 ἐκπίνοντες
722 747 827 852 χάριν
850 747 1165 852 διαζήσονταηκαί
1188 743 1333 853 τραφή-

135 901 267 948 σονται
297 867 389 973 πρὸς
422 871 622 968 ειίσέβειαν·
672 875 705 952 οἰ
737 869 775 950 δέ
806 869 878 972 μὴν
905 872 950 978 ἐξ
974 869 1140 976 Ἰσραὴλ,
1171 869 1259 950 ὅταν
1290 873 1371 975 τῇδ

95 1007 117 1068 5
135 991 259 1072 πίστει
276 1000 548 1097 προσηλωθεῖεν
566 997 653 1095 ἐμοὶ,
671 991 866 1094 κλημάτων
884 993 922 1075 δέ
947 997 1005 1074 καὶ
1029 997 1129 1075 αὐτοὶ
1147 1027 1334 1097 παραρτη-

135 1120 230 1195 θεῖεν
248 1118 358 1217 δίκην,
378 1117 459 1198 τότε
481 1117 526 1218 δὴ
547 1117 629 1198 τότε
646 1117 713 1219 τὴν
730 1114 789 1200 διίι
807 1119 859 1199 τὶν
875 1115 961 1218 ἐμὸν
978 1119 1081 1222 λόγον
1099 1118 1337 1220 διακάθαρσιν

136 1244 187 1323 εἰς
206 1247 290 1320 νοῦν
306 1238 505 1348 δεξάμενοι,
523 1243 638 1323 οάκέτι
655 1240 723 1340 μέν
738 1247 783 1347 τῇ
807 1251 872 1323 τοῦ
892 1239 1104 1345 γράμματος
1120 1241 1337 1348 προσεδρείᾳ

135 1361 395 1466 σχολάζουσιν,
414 1365 494 1446 οάδέ
512 1372 586 1450 τοῖς
604 1368 642 1446 ἐν
659 1367 749 1474 σκιᾷ
764 1365 1042 1474 προσπήξαντες
1067 1365 1204 1462 τόποις,
1223 1364 1336 1445 καθά-

136 1521 206 1591 περ
230 1491 315 1586 νυυί,
333 1487 399 1587 τὸν
416 1489 574 1591 καρδίαν,
593 1489 660 1590 τὴν
681 1492 800 1590 ἀληθῆ
825 1492 884 1570 καί
908 1493 946 1570 ἐν
963 1488 1138 1589 πνεύματι
1165 1488 1335 1592 λατρείαν
1447 1475 1450 1480 ⁵

78 1645 121 1688 ιο
137 1617 414 1718 καρποφοροῦσι
444 1615 496 1721 τῷ
528 1617 623 1720 Θεῷ·
657 1623 678 1661 “
695 1618 845 1712 Πνεῦμα
873 1612 946 1716 γάρ
977 1615 998 1693 ό
1030 1615 1220 1712 Θεὸς,καί
1252 1610 1335 1698 τοῦς
1380 1617 1466 1746 {⁰¹22

136 1745 160 1781 ‘⁶
178 1745 471 1838 προσκυνοῦντας
496 1736 604 1816 αὐτὸν
626 1739 664 1816 ἐν
681 1736 855 1835 πνεύματι
879 1740 937 1817 καὶ
961 1739 1111 1844 ἀληθείᾳ
1136 1741 1191 1817 δεῖ
1210 1769 1332 1840 προσ·

139 1868 160 1906 “
179 1860 330 1940 κυνεῖν.”
368 1861 459 1952 ὁμοῦ
485 1868 676 1963 τοιγαροῦν
694 1863 753 1941 καί
775 1865 848 1941 τῶν
864 1859 1077 1961 μελλόντων
1094 1857 1366 1962 διακαθαρθή-ιι

137 1987 273 2062 σεσθαι
305 1990 437 2090 σαφῶς
469 1985 614 2064 δεικνύει
644 1983 687 2064 τὸ
720 1983 891 2083 ἐσόμενον
924 1985 1061 2069 κάλλος
1093 1987 1142 2067 ὡς
1172 1986 1210 2063 ἐν
1242 1985 1331 2064 ῦπα-

138 2106 301 2209 δείγματι
337 2115 412 2192 τοῖς
449 2109 575 2188 ἐαυτοῦ
611 2114 797 2210 μαθηταῖς,
834 2110 893 2188 καί
931 2107 1058 2192 αῦτοῦς
1095 2104 1132 2187 δέ
1169 2103 1336 2209 μειζόνως

82 2257 121 2319 15
137 2231 408 2333 παραθαρσύνει
429 2230 519 2334 πρὸς
540 2231 727 2338 ἀνάληψιν
743 2236 807 2332 τῆς
826 2232 877 2312 ἐτι
900 2231 1170 2334 πλουσιωτέρας
1191 2233 1334 2334 ἀρετῆς,

137 2355 203 2434 οῦκ
228 2355 361 2434 εἰκαίαν
384 2356 502 2438 αὐτοῖς
530 2359 747 2457 γεγενῆσθαι
775 2353 842 2456 τὴν
865 2355 1101 2459 προσεδρείαν
1124 2357 1182 2435 καὶ
1209 2353 1275 2454 τὴν
1297 2357 1336 2434 ἐκ

137 2481 203 2577 τῆς
230 2477 466 2580 γεγενημεῦης
491 2479 727 2562 διδασκαλίας
751 2479 943 2586 ἀποδείξας
967 2479 1166 2576 παίδευσιν,
1184 2479 1330 2581 εὐαγγε-

135 2606 241 2702 λικῆς
268 2600 307 2681 δέ
335 2601 502 2703 δηλονότι
530 2600 661 2708 φαμέν,
687 2605 729 2682 δι’
757 2603 799 2704 ἧς
827 2603 983 2704 ἔμελλον
1009 2603 1109 2682 αὐτοὶ
1135 2599 1218 2685 ποῦς
1245 2600 1338 2682 κατὰ
1414 2597 1419 2610 ⁸

134 2732 263 2805 πᾶσαν
277 2723 382 2810 ὄντας
400 2724 544 2826 ὀνήσειν
557 2724 624 2826 τὴν
642 2727 859 2827 οἰκουμένην,
873 2724 1017 2812 ἐαυτοῦς
1036 2731 1085 2811 εἰς
1103 2725 1337 2806 ὑποτύπωσιν

82 2856 211 2932 αυτοῖς
239 2853 289 2934 εἰς
316 2849 481 2951 Χριστὸν
507 2847 720 2931 πιστεύουσι
748 2849 995 2954 παρεχόμενοι.
1036 2848 1235 2952 γέγραπται
1263 2833 1335 2952 γὰρ

135 2976 217 3075 περὶ
244 2979 316 3052 τῶν
344 2975 466 3075 ἁγίων,
495 2977 544 3058 ὡς
570 2971 747 3078 προσήκει
773 2971 839 3072 μὲν
863 2975 982 3052 αὐτῶν
1004 2974 1215 3076 ἀναθεωρεῖν
1235 2972 1364 3072 “rhua
1386 2991 1504 3050 sm.

137 3108 160 3144 “
178 3097 330 3193 ἔκβασιν
356 3101 421 3198 τῆς
452 3097 717 3204 ἀνασπροφῆς,”
747 3099 806 3176 καὶ
838 3095 950 3196 αὐτὴν
979 3094 1018 3175 δέ
1048 3101 1234 3195 μιμεῖσθαι
1268 3095 1335 3195 τὴν
1378 3067 1469 3198 Εἶθ’,

136 3220 274 3302 πίστιν.
314 3223 439 3302 ἑαυτοῦ
465 3219 503 3300 δέ
529 3221 694 3322 γίνεσθαι
718 3218 873 3321 μιμητάς
898 3218 981 3303 τοὺς
1006 3223 1057 3328 τῷ
1075 3219 1159 3326 Θεηῖ
1176 3219 1332 3322 λατρεύ·
1379 3225 1460 3341 2⁰2³*-

137 3377 245 3428 οντας
261 3344 450 3449 προτρέπει
469 3347 527 3424 καὶ
545 3345 565 3422 ὁ
585 3349 746 3428 Παῦλος.

84 3653 282 3724 2ὅλλείνοτε
309 3656 344 3723 ἐν
370 3654 454 3737 ἐμοὶ,
482 3655 572 3731 κάτώ
597 3656 632 3723 ἐν
660 3650 744 3732 ὑμῖν.
784 3654 893 3720 καθὼς
925 3655 962 3720 τὸ
994 3659 1102 3732 κλῆμα
1135 3655 1172 3720 οὐ
1200 3654 1366 3740 δύναται4

190 3783 304 3870 φέρειν
335 3779 460 3870 καρπὸν
496 3781 549 3868 ἀφ’
583 3781 708 3860 ἑαυτοῦ,
743 3779 802 3846 ἐὰν
833 3779 876 3856 μιί
913 3777 1007 3870 μείνιρ
1041 3779 1077 3844 ἐν
1108 3787 1148 3870 τῇ
1183 3779 1335 3864 ἀμπέλῳ,

189 3909 295 3972 οὕτως
322 3906 398 3972 οὐδὲ
426 3903 526 3988 ὑμεῖς,
552 3907 610 3972 ἐὰν
637 3906 680 3982 μιί
709 3905 744 3972 ἐν
771 3905 843 3982 ὲμοί
869 3903 1010 3982 μείνιιτε.

1347 3986 1369 4052 b

196 4077 383 4177 Εἰσόμεθα
409 4075 523 4158 πάλιν
547 4080 606 4157 καὶ
634 4074 692 4158 διά
720 4079 783 4175 τῆς
809 4078 942 4160 ἐντοῖς
969 4073 1209 4176 προκειμέιιοις
1236 4075 1336 4177 ἀκρι-

137 4209 227 4298 βοῦς
263 4203 421 4306 θεωρίας,
456 4206 505 4286 ὡς
541 4201 612 4304 ἀρα
648 4203 727 4282 ἐστὶ
762 4205 907 4302 πρῶτον
938 4196 1005 4298 μέν
1037 4197 1142 4298 ἔργον
1172 4200 1335 4294 σπονδῆς

86 4363 126 4420 30
139 4325 335 4429 ἀναγκαίας
362 4329 420 4405 καὶ
450 4329 652 4432 θεοφιλοῦς,
679 4323 722 4404 τῦ
749 4327 975 4430 εἰσδεχθῆναι
1003 4319 1061 4401 διά
1088 4323 1152 4420 τῆς
1178 4320 1336 4403 πίστεως

212 4577 237 4626 ⁴·
258 4553 361 4629 δὶμηυ]
376 4555 677 4630 [κρεοδααιοογιμὴνῖ
875 4565 902 4626 5.
921 4552 1187 4622 κοίιιιιιιιαρῑυαιει
1200 4549 1233 4606 Ε.
