3184 5104
857 1115 1100 1193 ΚΕΦΑΛΗ
1142 1117 1187 1193 Α.

416 1361 491 1432 Ὀτι
510 1362 563 1430 οίνκ
582 1364 616 1429 ἐκ
635 1363 877 1448 προγενεστέρων
891 1369 942 1446 τῆς
961 1371 1063 1452 ψνχῆς
1082 1367 1298 1450 ἁμαρτημάτων
1315 1372 1352 1434 τδ
1370 1395 1486 1448 σωματιι

509 1485 721 1566 ίπισνμβαίνει
745 1485 834 1564 πάθη,
860 1487 929 1549 ἀλλ’
952 1488 1020 1551 οὐδὲ
1046 1491 1189 1569 ἁμαρτίας
1214 1489 1347 1571 πατέρων
1373 1489 1474 1573 ἐπάγει

387 1601 409 1666 b
509 1604 601 1686 Θεὸς,
622 1605 690 1672 τοὺς
711 1605 797 1670 οὐδὲν
818 1605 1020 1688 ἡμαρτηκότας
1042 1607 1185 1688 κολάζων,
1205 1610 1286 1674 δλλδ
1307 1611 1419 1676 δίκαιον
1438 1610 1486 1694 ἐφ’

509 1725 630 1808 θκφίρει
651 1724 686 1789 τὸ
709 1730 804 1808 κρῖμα.

391 1952 484 2022 νΚαί
518 1950 694 2043 ιίρώτιισαν
726 1951 826 2020 αὐτὸν
861 1949 899 2019 οἷ’
927 1954 1070 2031 μαθιιταί
1105 1954 1204 2021 αὐτοῦ
1240 1956 1389 2031 λέγοντες
1418 1955 1486 2035 ‘Pul

473 2085 628 2172 ιίμαρτεν,
663 2079 759 2148 οὗτος
795 2081 816 2148 ιί
851 2079 882 2148 οί
918 2078 1023 2158 κονεῑο
1060 2082 1169 2164 αὐτοῦ,
1205 2083 1258 2148 ίνα
1298 2086 1422 2172 τυφλὸς
1461 2109 1486 2159 τι

390 2235 408 2294 3
473 2207 633 2298 ἀπεκρίθη
652 2208 671 2274 ὁ
688 2206 817 2274 Ἰιισοΰο
836 2207 921 2274 Οὔτε
940 2204 1036 2274 οὔταε
1061 2209 1205 2296 ιίμαρτεν
1225 2209 1301 2275 οὔτε
1326 2205 1356 2274 οί
1381 2205 1484 2284 σονεῐα

472 2334 541 2400 ἀλλ’
573 2333 626 2400 ίνα
654 2341 833 2426 φανερωθῇ
861 2334 901 2400 τὰ
928 2335 1008 2424 ἔρσα
1035 2341 1092 2400 τοῦ
1119 2333 1204 2400 Θεοῦ
1232 2335 1268 2401 ὲν
1295 2335 1396 2420 αὐτῷ.

392 2599 411 2645 α
477 2571 901 2650 ΧΡΗΣΤΟΜΑΘΕΙΣ
919 2566 985 2669 μίν
1003 2571 1062 2649 καί
1080 2570 1165 2650 λίαν
1183 2571 1342 2652 ἐπιεικῶς
1359 2572 1393 2648 οί
1412 2575 1485 2674 σοφ

421 2693 589 2792 μαθηταί,
618 2699 764 2792 μᾶλλον
795 2690 901 2773 δὲ’
862 2691 926 2774 ουκ
959 2695 1053 2773 ἀθεεὶ
1083 2691 1175 2796 πρὸς
1202 2691 1245 2772 τὸ
1277 2690 1481 2789 βούλεσθαι

421 2821 547 2914 μαθεῖν
573 2815 885 2920 παρωρμήθησαν,
915 2819 974 2897 καί
1009 2821 1300 2922 φιλοπενστοῦσι
1332 2816 1485 2920 χρησίμι

420 2939 557 3024 εαντοῖς
584 2947 772 3038 τοσοῦτον,
800 2939 891 3020 ὅσον
917 2940 1004 3039 ἡμῖν
1032 2937 1098 3038 τὴν
1125 2938 1335 3020 ἐντεῦθεν”
1312 2973 1441 3037 ονησιν
1469 2941 1484 3018 εΙ

420 3091 531 3150 οντες
562 3061 865 3170 ὠφελούμεθα
820 3098 891 3168 γαρ
910 3064 953 3144 οὐ
970 3063 1130 3168 μετρίως,
1147 3062 1247 3167 παρὰ
1265 3071 1330 3144 τοῦ
1347 3097 1472 3143 ποντα

419 3189 480 3266 καί
504 3185 570 3288 τὴν
592 3189 630 3268 ἐν
650 3187 788 3273 τούτοις
813 3190 932 3287 ἀληθῆ
957 3187 1070 3294 δόξαν
1088 3185 1316 3291 ἀκροώμενοι,
1336 3190 1396 3266 καί
1420 3185 1484 3288 πρί

419 3345 493 3396 τοις
518 3311 570 3392 ἔτι
593 3311 785 3416 βδελυρίας
809 3309 987 3418 ἐξιτήλων
1005 3312 1197 3412 δογμάτων
1215 3308 1483 3412 ἀποκρουόμενο

420 3433 520 3538 παρὰ
544 3433 665 3534 μόνοις
689 3435 734 3538 ἦν
749 3435 944 3534 Ἰουδαίοις,
963 3432 1064 3515 ἀλλὰ
1089 3437 1149 3514 καὶ
1173 3435 1242 3536 ἤδη
1266 3431 1358 3518 τινὲς
1384 3437 1446 3514 καὶ
1471 3468 1483 3514 τ

420 3557 556 3661 γνώσει
572 3562 637 3658 τῆς
660 3558 901 3640 θεοπνεύσταν
926 3563 1072 3666 γραφῆς
1096 3557 1286 3666 ἀφορήτως
1311 3557 1482 3665 ἐξωφρυο

387 3683 480 3762 δκαί
495 3681 695 3762 δοκούντων
707 3689 823 3764 τελεῖν
833 3688 882 3768 είς
896 3679 1148 3786 Χριστιανούς,
1164 3681 1429 3782 ἁπετόλμησαν
1444 3687 1482 3762 είι

421 3807 522 3887 ε’στίν
540 3801 681 3906 ἀληθὲς,
700 3813 778 3891 ταῖς
796 3807 899 3890 ίδίαις
917 3813 1063 3906 μᾶλλον
1081 3805 1343 3908 εὑρεσιλογίαις
1368 3804 1482 3904 ἡδόμε

421 3935 495 4011 τῶν
524 3929 622 4010 ίδίων
650 3928 846 4030 ἡττώμενοι
878 3927 1102 4030 θελημάτων,
1134 3929 1194 4009 καί
1227 3926 1373 4028 πλάνην
1400 3929 1481 4008 Ἑλ.

420 4060 495 4139 τοῖς
518 4057 583 4155 τῆς
600 4053 825 4154 Ἐκκλησίας
849 4051 1046 4161 ἀναφύρειν
1064 4053 1245 4155 δόγμασιν
1263 4053 1305 4132 οὐ
1330 4055 1481 4133 καταδεί

476 4375 524 4430 λδς
534 4396 609 4445 γε
657 4373 699 4430 Ed
823 4391 852 4430 11
882 4373 990 4429 σθεείΒ
1012 4373 1084 4428 ἄθεοι
1128 4375 1189 4428 olflt.
1202 4337 1275 4427 unde
1286 4368 1346 4426 αθει
1356 4371 1480 4425 emenda

422 4445 516 4499 ποντα
510 4459 567 4514 ιρις
578 4445 624 4500 Au
770 4446 802 4501 18
830 4445 1040 4517 ι’ξωφρυωμίνων
1051 4443 1176 4500 emendat
1190 4443 1290 4513 Ησγισ.
1303 4441 1467 4566 ε’ξωφρυομὲ
1468 4464 1480 4495 ν

421 4513 637 4652 Ενέέμνιῗωίίοίέ
645 4515 839 4639 ἐυφρνίιμκνοι
850 4511 1402 4586 Αιιί).19.δςίστίνιίληθκς
1417 4511 1479 4584 [ιίλν

477 4301 604 4374 ποτίρω
566 4301 1241 4501 ιέἕ-Ι-ίπίτεκνοθτινιινκλώαίιαηῶ
1382 4300 1480 4355 8.αὗτ
