3238 5114
300 291 364 354 662
612 293 651 358 Β.
676 292 881 359 CYRILLI
911 293 1201 358 ALEXANDR.
1385 290 1458 356 xvii.
1472 310 1493 352 1.

298 453 517 556 γεννήματος
548 457 648 563 δόξῃ,
676 458 838 562 καθάπερ
872 457 999 562 ἔλεγον
1027 459 1166 560 ἀρτίως,
1195 455 1312 542 διδοὺς
1340 453 1414 554 μὲν
1438 453 1493 552 τὴν

300 577 411 685 δόξαν
439 583 476 660 έν
502 586 553 690 τῷ
581 589 740 664 νοεῖσθαι
770 581 828 664 διὰ
859 583 1083 686 πραγμάτων
1112 584 1215 663 ποίου
1243 617 1283 663 τε
1316 585 1381 662 καὶ
1413 582 1497 662 τίνος

299 702 410 809 ἐξέφυ
438 705 584 809 Πατρὸς
612 708 632 786 ὁ
662 707 884 809 Μονογενὴς,
912 707 1217 810 ἀνακομιζόμενος
1245 705 1283 786 δὲ
1312 704 1443 804 ὥσπερ
1466 705 1497 781 έν

300 834 352 934 τῷ
380 833 538 910 νοεῖσθαι
565 831 679 912 πάλιν
702 832 797 916 τίνος
823 867 863 912 τε
893 835 950 911 καὶ
975 833 1050 912 οἵου
1075 830 1204 934 Πατὴρ
1232 829 1389 935 ὑπάρχει
1418 825 1498 907 κατὰ

301 950 482 1052 ἀλήθειαν.
531 956 702 1041 οὐσιῶδες
734 956 797 1036 οὖν
830 956 901 1057 ἀρα
933 961 990 1036 καὶ
1022 952 1179 1062 φυσικὸν
1207 954 1307 1056 παρὰ
1339 953 1413 1052 μὲν
1444 960 1521 1040 τοῖς

268 1073 448 1180 ἆΠατρδς
476 1082 526 1162 εῖς
543 1076 644 1178 Υίδν,
660 1077 760 1180 παρὰ
786 1077 825 1158 δὲ
847 1087 912 1160 τοῦ
930 1085 1020 1162 Υίοῦ
1047 1077 1139 1184 πρὸς
1160 1077 1224 1160 τὸν
1243 1079 1399 1182 Πατέρα
1427 1083 1498 1157 δια·

301 1198 455 1300 βήσεται
474 1204 537 1300 τῆς
556 1201 665 1309 δόξης
682 1201 725 1282 τὸ
743 1203 922 1308 καύχημα.

359 1329 404 1404 Εἰ
428 1324 471 1404 δέ
487 1359 541 1410 τις
567 1329 643 1425 δοίη
661 1324 772 1431 τυχὸν
791 1332 849 1406 καὶ
875 1327 933 1407 διὰ
957 1325 999 1404 τὸ
1022 1329 1086 1424 τῆς
1107 1323 1418 1429 ε’νανθρωτὴσεως
1441 1358 1499 1402 τα·

189 1503 195 1515 ·
302 1449 433 1545 πεινὸν,
461 1447 637 1530 ἐλάττονά
668 1485 746 1536 πως
777 1449 799 1552 ἢ
828 1451 911 1531 καθ’
941 1449 1068 1532 ἑαυτὸν
1097 1449 1248 1530 κάνθάδε
1280 1455 1415 1528 λαλεῖν
1446 1446 1502 1527 τὸν

280 1573 450 1676 Κύριον·
498 1575 718 1655 κατείθισται
745 1575 816 1677 γὰρ
850 1579 908 1654 καὶ
940 1583 1047 1654 τοῦτο
1080 1575 1188 1681 αὐτῷ·
1226 1581 1417 1675 λογισμοῦ
1447 1579 1503 1651 τοῦ
1514 1607 1538 1646 10

302 1696 498 1798 πρέποντος
525 1699 713 1802 ἀμοιρήσει
740 1698 805 1795 μέν
824 1701 997 1797 οὐδαμῶς,
1019 1704 1092 1778 τῶν
1114 1697 1228 1799 γεμὴν
1254 1697 1297 1804 ἐξ
1322 1696 1504 1800 ἀκριβείας

302 1820 542 1921 θεωρημάτων
568 1824 610 1901 οὐ
638 1825 721 1902 λίαν
748 1821 939 1928 ἐφάψεται.
982 1829 1012 1901 εῖ
1045 1821 1110 1921 μέν
1143 1821 1214 1924 γὰρ
1243 1820 1363 1927 ἐξῄτει
1398 1819 1505 1918 μόνον

303 1943 409 2029 αὐτὸς
436 1944 501 2044 τὴν
520 1946 620 2049 παρὰ
637 1955 701 2026 τοῦ
728 1944 876 2048 Πατρδς
895 1946 1017 2052 δόξαν,
1044 1942 1145 2025 οὐδὲν
1169 1945 1310 2029 ἀπεικὸς
1338 1953 1419 2030 τοῖς
1446 1931 1504 2042 τῆς
1602 1999 1603 2008 1

304 2067 577 2170 ἀνθρωπάτητος
597 2070 737 2174 μέτροις
763 2068 830 2170 τὴν
847 2069 991 2170 αἴτησιν
1009 2072 1184 2173 ἐγκαλεῖν·
1226 2069 1347 2169 ἐπειδὴ
1377 2069 1419 2149 δὲ
1451 2071 1504 2148 καὶ

304 2193 540 2300 ἀντιδοξάζέιν
561 2194 825 2296 ἐπαγγέλλεται
852 2193 915 2273 τὸν
934 2193 1092 2297 Πατέρα,
1114 2200 1190 2278 πῶς
1218 2195 1281 2274 οὐκ
1309 2197 1540 2296 ἀναγκαῖονις
1602 2238 1603 2302 γ

276 2315 372 2416 θῆδη
403 2317 567 2422 φαίνεται
598 2324 671 2402 τοῖς
703 2318 831 2419 ἀρτίως
868 2319 953 2418 ἡμῖν
983 2319 1264 2432 τροαποδοθεῖρι
1296 2320 1504 2423 θεωρήμασι
1602 2355 1603 2397 3

304 2440 572 2546 προθνμθιερον
593 2445 790 2543 ε’πιπιγδάν;
1402 2435 1405 2441 ’
1602 2446 1603 2470 ’

340 2670 365 2725 6.
383 2667 433 2741 εἷς]
450 2677 478 2736 -Ι-
493 2672 538 2726 τὸν
551 2669 621 2726 Catt.
755 2689 796 2726 10.
815 2674 862 2726 τοῦ
875 2670 907 2726 Ε.
920 2693 948 2726 τε
962 2670 1013 2726 Ed.
1153 2687 1193 2742 13.
1211 2670 1284 2740 παρὰ
1297 2668 1331 2725 E.
1344 2672 1407 2742 περὶ
1421 2669 1471 2725 Ed.
