3248 5112
291 329 357 394 αν
595 333 635 400 n.
658 333 868 400 cmm
899 333 1191 400 ALEXANDR.
1361 327 1494 397 xima.
1593 287 1605 304 ’

294 489 387 574 εἶναί
411 501 537 601 φησιν·
572 499 614 578 οὐ
636 498 709 603 γάρ
731 499 834 585 οὗτος
857 497 902 599 ἦν
924 502 962 580 ε’ν
987 500 1106 609 ἐκείνῳ
1134 497 1287 598 σκοπὸς,
1309 497 1394 576 ἀλλ’
1414 491 1496 575 οὐδὲ

294 619 408 703 οὕτως
423 622 651 722 πιστεύομεν.
692 619 765 704 οἶδε
793 621 865 726 γάρ
889 627 953 724 τῆς
979 626 1084 726 ἀγίας
1110 626 1169 704 καὶ
1193 622 1387 722 ὃμοουσίου
1406 625 1497 720 Τρι-

294 740 380 828 ἀδος
404 741 470 844 τὴν
492 748 751 849 ἀπαρίθμησιν,
771 751 829 827 καὶ
857 749 929 854 ίδίᾳ
956 746 1022 845 μὲν
1043 747 1198 828 ἕκαστον
1220 753 1293 827 τῶν
1313 777 1492 844 σημαινο·

294 865 410 965 μένων
447 867 649 975 ὑφεστάναι
690 869 863 951 διδάσκει·
911 870 954 952 τὸ
994 869 1108 974 γεμὴν
1141 873 1180 953 ἐν
1223 865 1497 977 ἀπαραλλάκτῳ

295 995 437 1072 κεῖσθαι
468 993 658 1094 ταυτότητι
690 992 757 1094 την
789 995 897 1098 ἁγίαν
926 995 1066 1098 Τριάδα
1099 993 1319 1098 διακηριίττει
1348 999 1531 1096 σαφῶς.5

130 1134 235 1260 ΒὲῗΑ.
266 1115 371 1196 ιε’πεὶ
396 1124 475 1202 πῶς
500 1116 544 1198 τὸ
568 1123 719 1220 Πνεῦμα
740 1119 834 1204 Θεός
857 1115 936 1199 ’ἐστι
960 1121 1019 1200 καί
1044 1117 1277 1223 ὀνομάζεται;
1303 1129 1325 1166 “
1339 1118 1420 1197 Οῦκ
1445 1115 1507 1196 οί-“

128 1225 211 1327 {ima
296 1249 318 1286 “
336 1243 421 1322 δατε
443 1238 528 1345 γάρ,
546 1243 674 1348 φησὶν,
693 1241 748 1324 ὅτι
774 1239 858 1327 ναὸς
875 1247 973 1324 Θεοῦ
997 1245 1091 1343 ἐστε,
1109 1246 1169 1323 καὶ
1194 1241 1236 1322 τὸ
1257 1248 1408 1340 Πνεῦμα
1431 1247 1496 1320 τοῦ

296 1373 318 1412 “
332 1369 428 1445 Θεοῦ
445 1367 484 1444 ἐν
503 1367 586 1464 ὑμῖν
604 1367 735 1463 οίκεῖ;”
755 1369 786 1444 εί
805 1364 842 1446 δὲ
859 1366 1002 1469 ἐπείπερ
1017 1369 1056 1447 ἐν
1073 1366 1157 1465 ἡμῖν
1175 1371 1264 1446 οίκεΐ
1277 1363 1320 1444 τῦ
1333 1371 1494 1462 Πνεῦμα,

296 1491 374 1568 ναοὶ
391 1485 588 1591 γεγόναμεν
605 1496 671 1569 τοῦ
690 1494 796 1586 Θεοῦ,
812 1495 890 1573 πῶς
909 1489 973 1569 οὐκ
992 1492 1031 1570 ἐκ
1048 1495 1144 1570 Θεοῦ
1161 1487 1204 1570 τὸ
1219 1495 1379 1586 Πνεῦμα,
1392 1521 1496 1602 τουτ-

295 1612 405 1710 έστιν,
423 1614 462 1693 ἐκ
483 1616 548 1712 τῆς
570 1613 695 1698 οὐσίας
719 1613 838 1711 αῦτοῦ,
858 1610 953 1694 Θεδν
970 1615 1008 1694 ε’ν
1025 1613 1109 1714 ἡμῖν
1126 1613 1255 1717 οίκίζον
1273 1614 1317 1694 δι’
1337 1612 1491 1708 ἑαυτοῦ;
1513 1640 1555 1681 10

295 1736 423 1815 οὐκοῦν
440 1737 505 1817 οῦκ
524 1735 720 1840 ἀλλότριον
739 1741 802 1837 τῆς
821 1738 910 1821 ἰδίας
928 1735 1075 1842 φάσεως
1091 1735 1226 1822 δεικνὺς
1244 1735 1286 1817 τὸ
1306 1741 1455 1832 Πνεῦμα
1475 1735 1495 1814 ὁ

297 1857 518 1962 Μανογενὴς,
534 1858 634 1964 παρὰ
652 1868 716 1942 τοῦ
737 1857 883 1964 Πατρδς
902 1861 1145 1960 ἐκπέμπεσθαι
1164 1868 1237 1944 ταῖς
1255 1861 1369 1960 ἀγίοις
1386 1856 1496 1939 εἰπὼν

296 1981 360 2063 τδν
380 1979 633 2086 Παράκλητον,
651 1982 759 2068 αὐτὸς
775 1983 874 2091 ἥξειν
893 1979 1158 2088 ἐπαγγέλλεται
1182 1986 1241 2063 καί
1263 1983 1329 2084 τὴν
1351 1979 1496 2084 Πατρδς

263 2106 401 2215 δτάξιν
419 2109 538 2192 αὐτοῖς
556 2110 803 2212 ἀποπληροῦν,
821 2111 880 2188 ἵνα
903 2107 954 2208 μὴ
980 2106 1139 2211 καθάπερ
1162 2105 1255 2191 τινές
1274 2109 1411 2214 ὀρφανοὶ
1432 2109 1496 2204 τῆς

295 2239 361 2311 τοῦ
391 2229 657 2334 προεστηκότος
687 2231 887 2336 ἐπικουρίας
919 2232 1053 2334 ἔρημοι,
1081 2231 1140 2312 διό
1167 2267 1205 2312 τε
1232 2240 1339 2312 τοῦτο
1366 2227 1496 2310 λοιπὸν
1513 2252 1551 2313 15

295 2361 373 2440 ταῖς
404 2364 469 2435 τοῦ
500 2355 676 2450 διαβόλου
708 2357 862 2457 παγίσιν
890 2353 1065 2436 εὐάλωτοι
1100 2358 1159 2436 καὶ
1196 2363 1271 2441 τοῖς
1301 2357 1339 2435 ε’ν
1368 2355 1496 2462 κόσμῳ

295 2476 515 2564 σκανδάλοις
540 2479 792 2584 εῦεπιχείρητοι
819 2479 904 2559 λίαν
931 2479 1176 2582 εῦρίσκωνται,
1201 2481 1315 2559 καίτοι
1342 2485 1497 2562 πολλοῖς

295 2602 380 2682 οὖσι
404 2606 463 2682 καὶ
489 2606 537 2686 ὡς
562 2603 606 2709 ἐξ
627 2603 785 2704 ἀνάγκης
809 2602 1012 2707 ἐρχομένοις
1037 2601 1096 2683 διά
1120 2601 1186 2704 τὴν
1208 2600 1405 2683 ἀκάθεκτον
1422 2608 1497 2682 τῶν

296 2725 503 2827 ἐπαγόντων
526 2727 670 2827 μανίαν.
710 2725 827 2807 ὅπλον
852 2727 915 2806 οὖν
938 2726 1009 2830 ἀρα
1036 2728 1094 2806 καὶ
1122 2725 1331 2833 ἀσφάλειαν
1356 2727 1495 2830 ἀῤῥαγῆ

296 2857 375 2934 ταῖς
392 2848 575 2953 ἡμετέραις
593 2857 729 2958 ψυχαῖς
748 2851 897 2931 δέδωκεν
914 2852 935 2930 ὃ
951 2849 1080 2954 Πατὴρ
1097 2850 1140 2932 τὸ
1156 2857 1305 2949 Πνεῦμα
1319 2854 1497 2952 Χριστοῦ,
1510 2878 1549 2918 20

268 2972 364 3073 οτὴν
381 2975 490 3064 αὐτοῦ
511 2971 616 3078 χάριν
632 3009 670 3054 τε
696 2977 754 3055 καὶ
778 2975 983 3077 παρουσίαν
1000 2979 1058 3054 καὶ
1077 2974 1227 3071 δύναμιν
1245 2976 1283 3053 ἐν
1300 2973 1385 3073 ἡμῖν
1403 2973 1493 3052 ἀπο·

297 3105 472 3200 πληροῦν.
517 3097 703 3204 ἀμήχανον
731 3097 804 3203 γάρ
831 3098 1022 3202 ἀνθρώπου
1051 3098 1177 3206 ψυχὴν
1204 3097 1436 3200 κατορθῶσαί
1462 3131 1496 3176 τι

297 3227 370 3300 τῶν
387 3223 534 3324 ἀγαθῶν
552 3221 665 3325 ἤγουν
682 3229 756 3304 τῶν
777 3225 913 3306 οἰκείων
937 3227 1115 3328 κρατῆσαι
1139 3218 1318 3321 παθῶν,ἢ
1343 3225 1407 3320 τῆς
1432 3227 1497 3300 τοῦ

296 3345 472 3438 διαβόλου
496 3349 648 3449 παγίδος
673 3347 791 3454 ὀξείας
818 3351 1004 3451 διαδρᾶναι
1031 3345 1074 3427 τδ
1102 3346 1263 3450 μέγεθος,
1281 3343 1332 3445 μὴ
1359 3350 1405 3448 τῇ
1432 3351 1496 3424 τοῦ

294 3467 423 3569 Ἀγίου
442 3469 653 3569 Πνεῦματος
680 3471 946 3575 τετειχισμένην
971 3470 1100 3576 χάριτι,
1120 3473 1179 3551 καὶ
1207 3467 1317 3550 αὑτὸν
1340 3467 1496 3573 ἔχουσαν
1511 3496 1546 3556 25

293 3594 332 3672 έν
358 3592 465 3698 ἑαυτῇ
493 3591 552 3672 διά
578 3602 686 3674 τοῦτο
713 3591 889 3696 Χριστόν.
934 3597 994 3674 καὶ
1021 3603 1110 3697 γοῦν
1138 3596 1158 3674 ὁ
1188 3591 1383 3676 θεσπέσιος
1412 3591 1497 3690 ἡμῖν

294 3714 457 3824 μελῳδὸς
480 3714 527 3796 τά
552 3714 642 3820 ὑπὲρ
665 3716 795 3798 τούτου
819 3717 1037 3822 χαριστήρια
1059 3717 1118 3798 διά
1144 3722 1208 3817 τῆς
1226 3714 1376 3816 ἐνούσης
1401 3716 1497 3823 αὐτῷ

127 3857 199 3910 Pm.
211 3868 248 3920 ις·
295 3841 431 3946 σοφίας
449 3843 626 3925 συντιθεὶς
644 3841 817 3949 ἀνεφαίνει
834 3840 925 3946 πρδς
941 3841 1005 3924 τὸν
1025 3841 1121 3922 Θεόν
1139 3852 1161 3889 “
1178 3840 1299 3945 Κύριε,
1318 3843 1366 3924 ὡς
1391 3837 1496 3947 ὅπλῳ

262 3971 319 4038 d“
336 3965 494 4050 εὐδοκίας
511 3963 771 4071 ἐστεφάνωσας
788 3966 911 4066 ἡμᾶς·”
942 3965 1059 4048 όπλον
1077 3967 1237 4050 εὐδοκίας
1256 3963 1358 4045 οῦδὲν
1376 3965 1495 4068 ἕτερον

295 4087 384 4170 εἶναι
415 4089 546 4193 λέγων,
573 4088 596 4192 ἢ
628 4087 671 4171 τό
699 4089 926 4195 προασπίζον
956 4091 1058 4191 ἡμῶν
1080 4086 1214 4192 Ἀγιον
1244 4095 1404 4189 Πνεῦμα,
1438 4090 1495 4168 καὶ
1509 4117 1544 4176 30

296 4211 459 4323 ἀδοκήτῳ
477 4213 631 4320 συνέχον
647 4212 750 4320 ὶσχιίῖ
763 4213 854 4319 πρὸς
875 4215 918 4296 τδ
940 4220 1069 4296 δοκοῦν
1087 4221 1139 4323 τῷ
1158 4220 1254 4322 Θεῷ.
1294 4214 1422 4292 οὐκοῦν
1441 4210 1495 4292 ὅτι

332 4437 358 4491 5.
376 4423 549 4495 διοτηρῦττεις
561 4424 594 4480 Ε.
720 4426 746 4480 8.
765 4425 824 4494 ὑμῖν
837 4425 869 4481 Ε.
885 4425 987 4498 Migne.
999 4424 1059 4496 ἡμῖν
1070 4425 1143 4482 λῑὼ.
1266 4437 1306 4494 17.
1325 4423 1494 4495 εὑρίσκονται

297 4493 331 4550 Ε.
343 4495 505 4564 εὑρίσκοντα
517 4493 569 4550 Εδ.
668 4497 711 4550 28.
728 4497 839 4552 τδνοω.
855 4495 958 4568 Mlgne.
1065 4514 1109 4568 3¹·
1127 4495 1319 4568 αυνέχονΕοκ
1332 4495 1495 4550 correctione

297 4583 380 4620 manu
393 4565 485 4634 prima.
503 4565 531 4620 F.
545 4565 662 4637 συνέχων
675 4567 726 4622 Ed.
738 4589 782 4639 γρ.
796 4567 908 4640 συνέχον
922 4568 972 4625 Ed.
986 4587 1041 4639 mg.
