3248 5112
287 363 363 464 ‘⁵06
601 357 874 426 B.0YR1LL1
904 355 1194 423 λοακλκοιι.
1298 355 1364 420 xiv.
1377 367 1432 437 25,
1446 352 1501 418 ιο.

194 593 232 658 ²5
249 583 286 640 26
299 580 411 647 Ταῦτα
442 581 611 646 λελὰλιικα
637 575 711 658 ὑμῖν
737 579 810 668 παρ’
841 573 914 656 ὑμῖν
941 579 1058 655 μένων·
1095 580 1114 648 ὁ
1142 577 1179 644 δὲ
1209 577 1433 666 παράκλητοο,
1460 573 1503 640 τὸ

348 707 480 783 Πνεῦμα
503 705 541 773 τὸ
556 705 678 785 Ἀτιον,
700 705 718 772 ὂ
743 705 866 784 πέμψει
891 699 964 781 ὑμῖν
981 705 1000 773 ὀ
1019 701 1135 794 Πατιίρ
1153 703 1188 770 ἐν
1207 707 1255 788 τῷ
1269 698 1406 778 ὀνόματί
1424 720 1504 780 μου,

347 829 472 899 ἐκεῖνον
506 832 589 910 ὑμᾶο
625 829 750 900 διδάξει
781 831 898 910 πάντα,
927 829 981 896 καί
1011 829 1191 908 ὑπομνήσει
1222 829 1305 906 ὐμᾱο
1335 827 1446 893 πάντα
1479 827 1503 890 ἃ
1587 913 1588 928 ρ

348 949 441 1022 εἶπον
468 955 545 1031 ὲτὼ.

265 1120 287 1186 b
347 1118 455 1226 Ἔχει
479 1119 593 1202 πάλιν
614 1122 635 1200 ὁ
659 1118 772 1222 λόγος
797 1118 840 1202 τὸ
865 1118 1100 1224 ἀνθρώπινον,
1122 1121 1181 1200 καὶ
1204 1125 1278 1200 τῶν
1301 1114 1384 1198 καθ’
1402 1115 1535 1216 ἦμᾶτο

297 1244 340 1324 οὐ
359 1244 443 1324 λίαν
461 1242 693 1343 ἀπήλλακται
710 1243 860 1347 με’τραιν,
879 1243 970 1324 ὅσον
988 1243 1071 1345 ἧκεν
1088 1248 1137 1328 είς
1154 1250 1239 1323 νοῦν
1257 1247 1331 1325 τοῖς
1348 1273 1497 1343 προκει-

296 1366 414 1466 με’νοιτ
430 1365 494 1448 τὸν
508 1366 704 1471 πρέποντα.
734 1367 823 1449 πότε
840 1365 924 1472 γάρ,
942 1367 1102 1470 εὐλόγως
1120 1369 1192 1471 ἐρεῖ
1205 1401 1270 1464 τις,
1284 1367 1333 1449 ὡς
1352 1365 1394 1445 οῦ
1411 1367 1500 1468 παρ’

296 1490 381 1590 ἡμῖν
407 1491 508 1571 ἐστιν
534 1493 557 1571 ό
584 1489 747 1594 Χριστὸν
774 1490 866 1572 κατά
893 1525 935 1593 γε
963 1489 1029 1592 τὴν
1051 1494 1116 1590 τῆς
1142 1489 1309 1590 θεότητος
1336 1484 1502 1586 δύναμιν,

296 1614 411 1693 καίτοι
433 1622 572 1717 πληροῖ
595 1613 663 1714 μὲν
686 1613 732 1695 τά
759 1614 894 1712 πάντα,
916 1617 974 1696 καὶ
999 1611 1141 1700 οῦδενῦο
1165 1610 1208 1694 τῦ
1231 1611 1383 1714 σύμπαν
1400 1613 1499 1692 ἀπυ-

296 1739 410 1836 δημεῖ,
444 1737 600 1840 περιέπει
636 1737 674 1818 δὲ
710 1745 857 1838 μάλλου
893 1737 1035 1847 ἀρῤήτφ
1075 1737 1219 1839 δυνάμει
1255 1740 1325 1839 γῆν
1361 1769 1400 1815 τε
1438 1737 1503 1815 καὶ
1519 1777 1557 1820 ιο

296 1859 458 1963 οὐρανὸν,
486 1863 544 1941 καὶ
571 1867 644 1941 τῶν
670 1861 841 1958 ἀβύσσου
871 1860 909 1942 δὲ
935 1868 1062 1967 μυχῶν
1089 1862 1153 1942 οῦκ
1184 1855 1501 1960 ἀπολιμπάνεταις

296 1992 369 2065 ποῦ
396 1985 468 2090 γάρ
496 1987 560 2066 οὐκ
584 1985 664 2066 ἔστι
689 1985 782 2072 θεός
794 2018 805 2084 ;
841 1985 928 2067 ὅταν
950 1986 1014 2066 οὖν
1035 1987 1126 2092 λε’γη
1149 1987 1269 2066 Ταῦτα
1293 1983 1377 2090 τρὶς
1401 1987 1504 2088 ὑμᾶς

269 2105 389 2191 οεῖντιν
407 2114 489 2214 ,παρ’
507 2112 582 2216 ὑμῖν
599 2107 711 2216 μόνον,
731 2107 824 2190 κατὰ
849 2107 892 2190 τῦ
916 2111 1141 2214 ἀνθρώπινον
1158 2105 1405 2215 ε’κληψάμεθα·
1438 2109 1502 2186 καὶ

296 2232 439 2335 ε’πείττερ
457 2232 608 2332 ἔμελλεν
626 2232 671 2340 ἐξ
692 2234 896 2338 ὀφθαλμῶν
913 2234 1083 2337 γενέσθαι
1105 2239 1179 2314 τιῦν
1196 2231 1386 2335 ἡμετέραν,
1403 2229 1503 2312 κατά

295 2390 339 2459 γε
356 2355 422 2456 τὴν
439 2355 560 2459 σάρκα
579 2360 686 2462 φημὶ,
705 2355 772 2457 τὴν
789 2359 828 2438 ἐν
845 2365 920 2442 τοῖς
938 2359 1099 2462 οὐρανοῖς
1120 2356 1323 2457 ἀποδημίαν
1340 2352 1497 2435 στειλάέ
1517 2393 1554 2451 15

295 2513 401 2579 μενοι·
425 2478 473 2559 τὰ
496 2477 642 2560 τοιαῦτά
666 2487 772 2588 φησι·
801 2479 868 2580 τὴν
890 2479 930 2561 δὲ
954 2488 1019 2562 τοῦ
1043 2482 1244 2584 μυστηρίου
1270 2480 1501 2581 τελειοτάτην
1587 2501 1588 2508 ’

294 2604 355 2682 καὶ
391 2601 657 2706 ἀκριβεστάτην
688 2605 773 2704 ἡμῖν
805 2603 1041 2710 ἀποκάλυψιν
1074 2603 1133 2686 ἃιά
1162 2613 1227 2686 τοῦ
1260 2603 1502 2707 παρακλήτου

294 2725 463 2828 γενέσθαι
495 2725 603 2829 λε’γει,
632 2727 807 2826 τουτέστι,
837 2737 901 2808 τοῦ
927 2730 1053 2832 Ἀγίου
1088 2728 1298 2828 Πνεῦματοι
1325 2729 1501 2810 ἀποστα-

294 2847 420 2934 λέντος
436 2848 538 2953 παρὰ
559 2859 623 2930 τοῦ
643 2849 789 2954 Πατρός
807 2854 864 2932 ε’πὶ
882 2861 929 2960 τῷ
947 2850 1081 2958 ὀνόματι
1101 2853 1220 2950 αὐτοῦ,
1240 2851 1336 2954 λέγω
1362 2850 1406 2952 δὴ
1431 2863 1501 2935 τοῦ

294 2977 395 3055 Υὶοῦ.
434 2977 482 3058 ὡς
501 2973 572 3078 γὰρ
590 2973 753 3078 Χριστὸς
776 2978 814 3056 ἐν
833 2977 917 3076 ἡμῖν
936 2973 977 3056 τὸ
998 2981 1146 3077 Πνεῦμα
1164 2977 1283 3056 αὐτοῦ·
1312 2975 1371 3057 διὰ
1388 2976 1500 3059 τοῦτό
1514 3021 1553 3062 20

295 3104 411 3204 φησιν
441 3097 497 3180 ότι
531 3101 650 3187 ἐκεῖνος
683 3095 810 3208 ἀιάἀξει
849 3103 941 3208 ὑμεῖς
979 3099 1097 3181 πάντα
1126 3095 1154 3182 ἀ
1184 3097 1274 3182 εἶπεν
1303 3105 1378 3206 ὑμῖν
1411 3102 1496 3204 ἐγώ.

129 3222 210 3342 ᾗῖθᾶ·
263 3222 414 3324 ᾶέπειδὴ
442 3221 514 3327 γάρ
538 3225 617 3304 ε’στι
639 3228 789 3324 Πνεῦμα
814 3228 980 3327 Χριστοῦ
1003 3225 1061 3305 καὶ
1089 3231 1171 3309 νοῦς
1198 3225 1317 3322 αὐτοῦ,
1335 3223 1428 3305 κατά
1452 3224 1498 3307 τό

294 3345 552 3451 γεγραμμένον,
569 3347 637 3452 οὐχ
663 3343 783 3449 ἕτερόν
807 3380 843 3427 τι
869 3348 953 3451 παρ’
973 3345 1081 3427 αὑτὸν
1107 3344 1160 3445 ὃν,
1178 3345 1270 3427 κατά
1299 3381 1341 3449 γε
1368 3347 1433 3428 τὸν
1457 3349 1498 3428 ἐν

294 3469 484 3569 ταυτότητι
511 3474 651 3578 φυσικῇ
678 3466 803 3571 λόγον,
827 3472 942 3550 καίτοι
967 3469 1158 3571 νοούμενόν
1179 3505 1218 3552 τε
1246 3473 1305 3551 καὶ
1333 3469 1499 3577 ἀπάρχου

296 3593 400 3690 ἰδίως,
431 3589 504 3672 οἶδε
533 3591 653 3674 πάντα
682 3591 730 3672 τὰ
759 3594 797 3672 ἐν
829 3595 936 3702 αὐτῷ.
965 3597 1043 3676 ’καὶ
1074 3593 1295 3699 μαρτυρήσει
1326 3595 1445 3698 λε’γων
1476 3599 1553 3694 ὁι5

297 3721 446 3800 Παῦλος
465 3725 487 3764 “
500 3716 566 3800 Τίτ
584 3715 657 3818 γάρ
679 3711 752 3795 οἶδε
776 3714 823 3797 τά
846 3725 911 3798 τοῦ
936 3717 1137 3822 ἀνθρώπου,
1156 3725 1186 3799 εί
1210 3717 1261 3820 μὴ
1287 3716 1330 3799 τό
1353 3727 1499 3818 πνεῦμα

295 3851 317 3888 “
335 3847 399 3920 τοῦ
428 3838 619 3943 ἀνθρώπου
651 3836 693 3920 τό
726 3834 768 3920 ῦν
794 3841 833 3920 ἐν
858 3842 954 3950 αὐτῷ
966 3873 977 3940 ;
1018 3844 1111 3922 οῦτω
1141 3844 1199 3923 καὶ
1229 3839 1275 3922 τά
1304 3849 1369 3922 τοῦ
1397 3847 1497 3923 Θεοῦ

293 3975 316 4012 “
335 3964 448 4048 οὐδεὶς
475 3962 639 4068 ἔγνωκεν,
664 3967 694 4043 εί
720 3959 771 4064 μὴ
799 3960 842 4044 τό
866 3970 1017 4066 Πνεῦμα
1043 3971 1107 4046 τοῦ
1131 3965 1258 4048 θεοῦ.”
1288 3966 1427 4062 οῦκοῦν,
1445 3969 1497 4051 ὧν

293 4086 386 4173 εἶδός·
421 4084 468 4166 τὰ
503 4088 543 4166 ἐν
578 4092 624 4194 τῇ
657 4087 836 4188 βουλήσει
871 4096 936 4170 τοῦ
974 4094 1214 4192 Μονογενυῦτ,
1250 4086 1369 4170 πάντα
1410 4088 1497 4188 ἡμῖν

294 4208 526 4314 ἀναγγέλλει,
558 4212 622 4292 οὐκ
657 4213 696 4292 εἰι
731 4210 925 4313 μαθήσεων
961 4212 1044 4318 ἕχον
1076 4211 1142 4314 τὴν
1174 4211 1323 4313 εἴδησιν,
1353 4211 1412 4293 ἵνα
1441 4209 1494 4312 μὴ
1510 4257 1553 4314 30

295 4335 465 4442 φαίνηται
482 4333 647 4416 διακόνου
665 4335 769 4443 τάξιν
786 4337 1034 4439 ἀποπληροῦν,
1052 4339 1110 4418 καὶ
1135 4333 1218 4421 τοῦς
1240 4334 1361 4440 ἑτέρου
1382 4336 1496 4442 τυχὸν

334 4537 375 4576 11.
393 4521 435 4574 καὶ
446 4525 497 4576 τῶν
508 4520 631 4584 ἀβύσσου
643 4519 672 4574 δῦ
684 4520 717 4575 Ε.
729 4523 781 4574 τῦν
792 4519 822 4574 δὲ
833 4519 957 4585 ἀβύσσου
970 4520 1022 4576 Ed.
1106 4539 1147 4594 19.
1166 4521 1237 4595 λόγον
1249 4519 1294 4593 δη]
1307 4520 1394 4593 λέγειν
1405 4522 1448 4577 ῦιά
1463 4523 1495 4578 Ε.

296 4604 392 4662 25-27.
411 4591 455 4647 Ab
467 4592 535 4663 αὐτῷ
549 4591 584 4646 ad
595 4591 664 4663 αὐτῷ
676 4590 790 4647 uwsilit
802 4591 834 4646 E.
