3238 5114
106 359 292 446 κοίλη-ιτ.
316 363 373 427 IN
396 363 430 430 S.
447 363 704 429 JOANNEM.
742 363 837 430 LIB.
854 363 916 429 XI.
955 363 1167 430 CARVIII.
1241 363 1303 426 691

106 521 153 623 δὴ
189 525 248 604 καὶ
284 525 483 632 φιλήδονον
511 534 560 615 είς
596 530 772 634 ἁμαρτίαν
803 532 862 610 καὶ
894 526 937 616 τό
969 530 1053 610 λίαν
1085 525 1225 611 εῦπετές
1257 531 1306 610 είς

107 647 288 749 κωμικὴν
305 650 446 753 ἡδονὴν,
465 656 524 734 καὶ
547 653 639 758 πρός
663 651 800 738 τούτοις
825 653 876 733 έτι
900 651 966 752 τὴν
986 649 1131 751 ἀπάσης
1159 646 1302 757 φαυλό-

106 803 215 872 τητος
250 773 387 880 μητέρα
418 779 477 857 καὶ
508 775 657 886 τροφόν,
689 775 892 858 ἀλλόκοτον
927 775 1084 876 πλάνην,
1118 775 1239 855 οἰκεῖοί
1266 805 1306 854 τε

108 899 169 975 καὶ
204 899 309 1004 φίλοι
339 901 568 1002 γενησόμεθα
599 911 664 984 τοῦ
695 907 872 1000 Χριστοῦ,
902 904 960 981 καὶ
992 899 1059 1001 τὴν
1087 897 1179 1002 πρός
1210 896 1306 980 Θεόν

71 1017 251 1122 δείρῆνην
286 1022 529 1125 συνθήσομεν,
566 1027 662 1135 αὐτῷ
696 1033 749 1135 τῷ
785 1027 904 1127 Πατρὶ
944 1025 988 1106 δι’
1027 1029 1118 1104 Υίοῦ
1161 1022 1306 1104 κολλά-

109 1176 222 1243 μενοι,
247 1142 310 1226 ἀτε
336 1146 381 1247 δὴ
409 1151 467 1228 καὶ
495 1148 669 1246 λαβόντες
697 1152 735 1229 έν
762 1151 897 1236 ἑαυτοῖς
924 1147 989 1229 τόν
1016 1147 1059 1254 ἐξ
1084 1148 1193 1228 αὐτοῦ
1220 1158 1340 1249 γεν·1ι

111 1268 262 1368 νηθέντα
289 1270 412 1375 Λόγον
439 1275 498 1353 καὶ
525 1275 564 1354 έν
589 1277 642 1381 τῷ
670 1273 854 1374 Πνεῦματι
881 1269 1067 1376 κράζοντες
1094 1280 1116 1318 “
1133 1271 1306 1367 Ἀββῦό

111 1399 134 1438 ιι
151 1391 303 1496 πατήρμ

168 1521 218 1598 Οἱ
243 1519 403 1606 δοθέντες
427 1522 491 1603 οῦν
508 1523 579 1626 ἀρα
596 1527 760 1630 Χριστῷ,
778 1521 953 1624 γεγόνασι
975 1519 1042 1620 μὲν
1059 1527 1124 1600 τοῦ
1143 1519 1305 1622 Πατρός,

51 1673 97 1722 το
110 1638 211 1740 πλὴν
228 1643 292 1723 οῦκ
310 1643 381 1752 ἔξω
399 1645 458 1725 διό
476 1653 582 1726 τοῦτο
600 1651 776 1749 Χριστοῦ.
813 1645 1001 1743 βασιλεύει
1026 1643 1098 1748 γὰρ
1120 1642 1192 1724 σῦν
1212 1645 1309 1752 αὐτῷ

111 1766 171 1843 καὶ
197 1765 365 1873 κατάρχει
388 1771 431 1848 δι’
450 1769 560 1850 αὐτοῦ
577 1776 650 1851 τῶν
669 1771 766 1850 ἰδίων
782 1772 802 1850 ό
821 1769 914 1854 Θεός
932 1773 990 1850 καὶ
1009 1766 1152 1871 Πατήρ.
1191 1775 1305 1865 βασι·

112 1889 192 1968 λεία
208 1888 282 1994 γάρ
299 1892 322 1992 ἡ
341 1891 430 1993 αὐτὴ
449 1893 578 1994 κράτος
603 1929 642 1975 τε
667 1893 710 1975 τό
734 1893 827 1974 κατὰ
848 1895 994 1976 πάντων
1011 1893 1049 1974 ἓν
1066 1897 1129 1992 τῆς
1148 1893 1252 1994 ἁγίας
1269 1925 1309 1974 τε

112 2015 172 2094 καὶ
200 2015 394 2112 ὃμοουσίον
421 2015 588 2122 Τριάδος,
615 2021 674 2098 καὶ
702 2018 790 2123 ὅπερ
817 2017 862 2099 ἀν
886 2018 1023 2122 γένοιτο
1050 2023 1115 2096 τοῦ
1139 2021 1310 2120 Υἱοῦ,τῄ

112 2145 179 2217 τοῦ
197 2144 288 2219 Υἱοῦ
311 2146 370 2220 καὶ
389 2141 535 2244 Πατρός
561 2143 785 2223 ὑποκείσεται
810 2141 910 2250 δόξῃ,
930 2144 988 2222 καὶ
1010 2137 1133 2238 πάλιν,
1154 2137 1242 2241 ὅπερ
1262 2137 1310 2218 ἀν

58 2287 100 2348 15
115 2263 326 2344 ὑποπίπτειν
346 2265 488 2367 λέγεται
516 2271 568 2372 τῷ
592 2271 720 2367 Πατρὶ,
743 2267 872 2347 τοῦτον
899 2263 943 2366 δὴ
971 2263 1120 2380 πάντας.
1141 2264 1311 2370 κατάρξει

114 2388 173 2466 καὶ
195 2390 215 2466 ό
233 2385 331 2472 Υἱός.
373 2387 432 2469 διὰ
456 2388 528 2493 γάρ
552 2423 607 2470 τοι
631 2390 736 2470 τοῦτό
764 2396 860 2495 φησι
878 2400 947 2471 Καὶ
970 2388 1018 2470 τό
1035 2388 1106 2495 ἑμῦι
1124 2390 1242 2470 πάντα
1260 2386 1341 2468 τάν

114 2512 185 2592 ἐστι
206 2520 267 2593 καὶ
287 2512 334 2593 τό
352 2511 402 2594 τό
421 2513 504 2620 ἐμά·
533 2511 625 2594 ὅπου
649 2512 721 2618 γάρ
747 2513 893 2620 φύσεως
918 2515 940 2615 ἡ
965 2513 1120 2595 εἶσάπαν
1137 2511 1312 2613 ταυτότης

115 2633 309 2734 διαλάμπει
346 2640 405 2718 καὶ
436 2639 611 2743 φαίνεται,
641 2641 713 2718 ε’κεῖ
740 2643 805 2739 τῆς
837 2639 942 2746 ἀξίας
972 2636 1254 2742 ἀπαράλλακτος
1289 2637 1345 2737 ἡ.

115 2759 217 2867 δόξα,
236 2761 279 2841 οῦ
304 2761 571 2864 μεμερισμένας
598 2763 651 2842 ἑνί
675 2796 710 2844 τι
736 2769 810 2844 τῦν
831 2760 946 2843 όντων
970 2766 1179 2843 ἀνατιθεῖσα
1202 2757 1314 2866 τυχόν

60 2914 102 2957 20
116 2887 175 2963 καὶ
202 2885 463 2988 παρωθουμεῦη
492 2883 556 2966 τόν
585 2885 715 2989 ἕτερον,
745 2885 831 2966 ἀλλ’
859 2886 946 2986 ἰ’σην
973 2887 1059 2985 μίαν
1088 2920 1127 2966 τε
1157 2889 1216 2966 καὶ
1247 2884 1313 2984 τὴν

115 3006 228 3108 αὐτὴν
245 3007 378 3108 τὴνιεὶς
397 3007 495 3090 ἅπαν
513 3011 632 3090 ὁτιοῦν
650 3011 856 3090 ἐκτείνουσα
874 3010 997 3117 δόξαν.
1029 3011 1049 3088 ὁ
1067 3009 1140 3113 γὰρ
1157 3015 1230 3089 τῶν
1248 3017 1313 3088 τοῦ

115 3133 206 3212 ἰδίου
226 3131 374 3236 Πατρός
391 3139 517 3214 θεῖκιῦν
534 3131 750 3242 ἀξιωμάτων
767 3133 949 3218 οῦσιωδιῦς
968 3129 1202 3236 κληρονόμος,
1221 3132 1314 3237 έχων

114 3255 181 3355 μέν
210 3256 317 3342 αῦτός
346 3257 465 3338 πάντα
498 3263 662 3365 φανεῖται
690 3256 736 3337 τὰ
768 3265 832 3337 τοῦ
858 3257 1080 3360 γεννήτορας,
1114 3257 1243 3362 έχοντα
1275 3255 1314 3336 δὲ

115 3381 223 3488 δείξει
259 3381 380 3462 πάντα
415 3380 462 3461 τό
495 3383 605 3462 αὐτοῦ
634 3379 699 3460 τόν
731 3379 938 3486 γεννήτορα.
991 3379 1138 3485 θάτερος
1170 3378 1244 3484 γάρ
1275 3382 1314 3460 έν

63 3532 103 3594 25
117 3506 255 3616 θατέρῳ
284 3511 448 3612 φυσικῶς
474 3507 708 3612 διαφαίνεται,
728 3506 786 3584 καὶ
814 3504 1007 3604 διαλάμπει
1034 3507 1100 3605 μέν
1120 3507 1141 3586 ὁ
1164 3503 1251 3590 Υἱός
1276 3508 1314 3585 έν

119 3633 248 3733 Πατρὶ,
270 3629 399 3732 Πατὴρ
427 3628 465 3710 δὲ
493 3629 538 3709 αῦ
564 3625 679 3710 πάλιν
701 3631 739 3708 έν
760 3633 812 3736 τῷ
836 3634 924 3737 Υἱῴ.
966 3637 1094 3710 τοῦτον
1121 3627 1195 3733 γάρ
1221 3629 1349 3729 ἡμᾶςδ

117 3752 182 3834 τόν
204 3751 340 3856 τρόπον
365 3759 402 3834 αἱ
429 3753 662 3834 θεόπνευστοι
689 3753 1046 3856 μεμυσταγωγήκασι
1073 3754 1225 3860 γραφαί·
1256 3751 1315 3832 ὅτε

117 3879 236 3958 τοίνυν
266 3878 304 3958 έν
336 3879 417 3958 ε’στι
448 3881 506 3957 καὶ
539 3883 611 3958 τῶν
642 3876 857 3984 ἀξιωμάτων
886 3886 950 3958 τοῦ
984 3877 1139 3980 Πατρός,
1172 3877 1214 3956 τό
1248 3875 1315 3975 τὴν

118 3999 209 4081 κατὰ
241 4000 387 4082 πάντων
419 4001 511 4106 ἔχειν
536 3999 661 4106 ἀρχὴν,
687 4001 892 4104 προσέσται
922 4009 1027 4082 τοῦτο
1056 4005 1116 4080 καὶ
1146 4007 1198 4107 τῷ
1226 4004 1313 4106 Υίῷ·

62 4123 302 4230 ηοχαρακτὴρ
338 4123 411 4228 γάρ
447 4127 527 4204 ε’στι
562 4129 626 4225 τῆς
663 4126 788 4211 οὐσίας
825 4127 944 4223 αὐτοῦ,
982 4120 1218 4225 ἀνομοιότητα
1243 4115 1315 4202 καὶ

117 4245 362 4352 παραλλαγὴν
394 4255 443 4332 εἰς
480 4249 582 4329 οὐδέν
610 4283 645 4328 τι
682 4246 724 4328 τό
760 4247 933 4350 παράπαν
964 4245 1056 4352 ἔχειν
1087 4245 1310 4352 ἀνεχόμενος.

118 4370 337 4481 δεδοξάσθαι
380 4369 494 4474 γεμὴν
535 4375 573 4452 έν
615 4378 689 4456 τοῖς
733 4367 836 4477 ἅπαξ
874 4375 1010 4452 δοθεῖσι
1050 4369 1315 4476 δασχυρίσατο,

173 4611 214 4664 ¹4·
233 4591 479 4666 Υίοῦ]1ιοηεοδυιο
495 4593 537 4663 (ut
549 4591 616 4662 vid.)
631 4594 707 4646 θεοῦ.
886 4589 928 4646 ι8.
947 4589 988 4645 καὶ
1001 4599 1170 4662 assumptum
1183 4609 1215 4648 ex
1230 4591 1261 4646 E.

672 4695 694 4756 4
708 4693 726 4737 τ
743 4692 761 4740 α

1352 1262 1426 1314 Rom.
