3184 5104
404 317 466 379 142
707 315 981 381 Β.ΟΥ1δΙΙαΙιΙ
1011 313 1304 380 ALEXANDR.
1478 311 1485 374 i

402 514 509 582 μενος
527 481 669 581 νόμους,
686 488 764 566 πῶς
783 479 829 562 ἀν
847 483 954 582 ἁλοίη
978 487 1091 580 τιμῶν
1108 487 1181 559 τῶν
1199 483 1259 562 καὶ
1283 481 1367 583 παρ’
1388 479 1471 579 ἡμῖν

403 609 446 686 οῦ
472 607 624 708 μετρίως
652 606 983 709 κατεγνωσμέυωυ;
1012 603 1089 686 εἶτα
1113 609 1254 685 κάκεῖνο
1279 601 1371 708 πρὸς
1392 602 1485 684 τοότι

405 731 594 811 σκεπτέον.
644 731 791 834 μυρίους
823 729 890 830 μέν
923 729 996 833 γάρ
1033 729 1092 810 διά
1124 731 1314 813 Μωυσέως
1346 731 1485 832 ἐχρησμ

407 853 544 952 νόμους,
567 857 626 934 καὶ
653 861 856 960 πολλαχῶς
883 855 1068 960 διατέταχε
1095 854 1315 957 κολάζεσθαι
1341 852 1424 937 τοῦς
1451 855 1485 930 ἀι

371 977 590 1082 δσυζῶισας
617 977 777 1084 τρόποις·
808 980 894 1058 ἀλλ’
914 980 1073 1078 οὐδαμοῦ
1099 977 1341 1081 προστάττων
1364 979 1485 1080 ὁρᾶται

407 1101 617 1184 κινδυνεύειν
639 1111 713 1187 τοῖς
738 1101 988 1204 ἁμαρτάνουσι
1012 1107 1141 1208 χρῆναι
1168 1100 1251 1202 τοῦς
1278 1101 1322 1208 ἐξ
1347 1103 1476 1181 αῦτῶν.

406 1224 479 1329 γάρ
496 1233 568 1306 τῶν
586 1225 752 1307 ἁλόντων
770 1227 793 1327 ἡ
813 1227 904 1326 δίκη,
924 1230 1075 1310 καὶτοῖς
1098 1227 1343 1307 ὑποπίπτουσι
1367 1229 1419 1332 τῷ
1445 1224 1485 1302 υό

406 1348 530 1451 μόνοις
552 1351 773 1456 κολάζεσθαι
794 1351 943 1453 πρέπειν
969 1352 1142 1455 ῶρίσατο.
1183 1347 1365 1445 δυσσεβὲς
1388 1349 1485 1428 οὖνὸ

408 1483 501 1568 νοεῖν
526 1476 739 1574 Ἰουδαϊκῶς,
767 1475 891 1582 σοφὸν
921 1475 959 1556 δὲ
993 1480 1048 1557 δεῖ
1075 1473 1222 1560 πάντως
1252 1471 1295 1555 τδ
1326 1476 1385 1554 καὶ
1418 1477 1481 1571 τῆς

409 1599 744 1706 καταστοχάζεσθαι
781 1599 939 1701 γνώμης,
977 1603 1036 1680 καὶ
1078 1597 1289 1704 πανταχόσε
1324 1605 1446 1702 τηρεῖν
1483 1635 1485 1648 ¹

408 1722 554 1804 πάντων
582 1724 750 1822 βασιλίδι
781 1725 966 1827 πρέποντα
999 1724 1123 1832 φύσει.
1172 1725 1345 1822 ἐννοῶμεν
1371 1724 1485 1803 τοίνυν

410 1857 531 1932 οῦντες
546 1849 672 1952 ὀρθῶς,
690 1852 740 1934 ῶς
758 1850 822 1928 οῦκ
840 1846 885 1927 ἀν
904 1849 1015 1928 ὁτῶν
1034 1847 1132 1928 όλωυ
1147 1846 1242 1932 Θεὸς
1259 1845 1325 1945 τὴν
1342 1849 1485 1926 ἐνοῦσαι

380 1973 641 2077 ογαληυότητιι
664 1975 846 2077 προτιθεὶς
872 1969 998 2076 ὥσπερ
1021 1977 1070 2058 είς
1095 1971 1220 2072 μέσον,
1241 1975 1299 2052 καὶ
1324 1973 1377 2054 ἐπ’
1396 1971 1485 2074 ἀκρά

240 2091 341 2209 {2¹¹3
410 2099 664 2207 φιλανθρωπίᾳ
683 2093 928 2200 θαυμάζεσθαι
946 2095 1076 2196 θέλων,
1087 2095 1148 2177 διά
1165 2133 1203 2178 τε
1218 2104 1325 2177 τοῦτο
1337 2103 1485 2194 βοῶυ“]

410 2235 431 2274 “
448 2223 678 2326 μακρόθυμος
696 2227 755 2302 καὶ
776 2218 977 2306 πολυέλεος
1001 2225 1060 2301 καὶ
1081 2221 1263 2322 ἀληθινὸς,
1281 2224 1446 2328 ἀφαιρῶν
1463 2223 1485 2298 ἀ

408 2359 430 2396 “
448 2353 506 2429 καὶ
526 2344 730 2452 ἀμαρτίιις,”
744 2348 837 2428 οὕτω
855 2348 1077 2448 μνησίκακος
1094 2345 1283 2448 ἠβουλήθη
1301 2345 1485 2449 γνωρίζεσί

409 2475 467 2552 καὶ
487 2478 534 2556 είς
553 2469 726 2576 τετάρτην
744 2481 964 2576 παραπλοῦυ
981 2469 1109 2574 γευεάν
1127 2471 1193 2571 τὴν
1212 2471 1337 2575 ὀργήν.
1374 2478 1452 2555 πῶς
1470 2506 1484 2573 2

409 2595 638 2699 μακρόθυμος
671 2599 730 2676 καὶ
761 2597 971 2694 πολυέλεος,
1001 2594 1024 2697 ἢ
1057 2603 1134 2682 πῶς
1166 2597 1314 2694 ἀνομίας
1345 2601 1405 2676 καὶ
1436 2597 1484 2694 ἀμ

409 2724 586 2826 ἀφαιρῶν,
608 2722 628 2800 ό
653 2721 742 2821 μηδὲ
766 2723 870 2826 μεχρὶ
895 2726 960 2822 τῆς
987 2730 1050 2802 τοῦ
1074 2722 1265 2805 πταίοντος
1289 2725 1452 2827 κεφαλῆς
1476 2755 1484 2800 τ

410 2847 510 2945 δίκης
533 2853 750 2948 συμμετρεΐν
773 2844 996 2950 ἀνεχόμενος,
1015 2847 1099 2926 ἀλλ’
1120 2846 1283 2926 ε’κτείνων
1307 2845 1466 2925 ἐπέκεινα

375 2977 542 3074 όγενεάς,
561 2973 620 3050 καὶ
646 2977 813 3066 σκηπτοῦ
838 3003 934 3055 τινος
959 2971 1059 3070 δίκην
1077 2973 1136 3049 καὶ
1161 2976 1235 3054 τοῖς
1253 2969 1385 3077 ἀθῴοις
1403 2974 1484 3051 ἐπιπ

411 3095 537 3175 οῦκοῦυ
550 3095 726 3175 ἀπίθανον
739 3097 879 3198 κομιδῇ,
891 3095 950 3172 καὶ
968 3097 1031 3193 τῆς
1049 3091 1208 3197 ἐσχάτης
1226 3091 1384 3193 εῦηθείας
1402 3096 1444 3174 οῦ
1460 3131 1484 3194 μ

410 3225 449 3304 έν
467 3225 586 3331 ταύτῷ
603 3225 662 3302 καὶ
680 3223 958 3328 φιλανθρωπίαν
977 3223 1035 3300 καὶ
1055 3219 1256 3323 ἡμερότητα
1280 3225 1338 3302 καὶ
1359 3221 1483 3326 μακρά

410 3351 469 3427 καὶ
497 3345 734 3448 ἀλογωτάτηυ
758 3343 872 3451 ὀργὴν
896 3345 1010 3454 ἑαυτῷ
1037 3353 1228 3448 προσεῖναι
1255 3354 1447 3449 μαρτυρεῖν
1473 3381 1483 3426 ι

396 3468 601 3552 τὸνθεόν.

468 3591 561 3674 Εἶτά
584 3629 619 3674 τι
641 3593 733 3698 πρὸς
759 3595 897 3680 τούτοις
920 3595 1041 3698 ἕτερον
1064 3599 1098 3676 οἱ
1123 3603 1284 3680 νοοῦντες
1302 3597 1483 3676 Ἰουδαῖκῶ

411 3715 536 3799 εἰδέναι
559 3717 721 3800 δώσουσι
742 3719 806 3800 τὸν
824 3717 921 3800 Θεὸν
938 3717 1003 3801 τὸν
1021 3718 1164 3827 ἑκάστῳ
1188 3725 1261 3799 τῶν
1278 3718 1480 3823 πραγμάτω

437 3899 472 3984 ¹1.
491 3933 572 3998 τιμῶν
585 3929 617 3985 Β.
629 3937 757 4002 τιμωριῶν
769 3930 921 3986 emendavit
934 3932 981 3987 sed
994 3949 1132 4004 perperam
1148 3931 1239 3986 Holtt.
1360 3948 1384 3986 ς.
1403 3953 1482 4003 κοτεχ

412 4000 445 4055 Β.
458 4001 610 4055 emendavit
624 4001 672 4056 Ht.
817 4042 823 4055 .
842 4001 959 4058 ἁλόντων
971 4003 1095 4057 emendat
1109 4002 1208 4074 Heyse.
1221 4002 1310 4056 ἄλλων
1321 4005 1373 4056 τῶν
1387 4003 1419 4056 Β.
1434 4002 1482 4056 Ht.

411 4073 506 4127 νόντων
518 4071 631 4127 conexit
644 4073 725 4138 Aub„
737 4073 784 4145 qui
794 4075 930 4128 ολλόντων
942 4091 970 4128 ne
982 4075 1011 4128 in
1023 4074 1179 4145 apographo
1191 4075 1278 4144 legere
1290 4072 1408 4127 adnotat.
1479 4077 1482 4123 1

413 4142 447 4196 Β.
463 4143 510 4197 Ht.
521 4146 616 4213 μόνους
628 4143 681 4198 Εδ.
776 4161 803 4215 9.
821 4147 916 4217 σοφῶν
930 4145 961 4199 Β.
974 4143 1128 4200 emendavit
1141 4145 1190 4199 Ht.
1250 4144 1290 4198 δεῖ
1301 4143 1397 4198 retinui
1411 4141 1453 4214 (δὴ
1466 4162 1482 4197 ο

412 4229 496 4284 quum
508 4214 559 4286 χρυ)
572 4214 678 4269 exhibet
690 4233 714 4270 fl.
920 4232 962 4270 11.
982 4215 1108 4287 έννοῶμεν
1119 4233 1143 4270 a.
1156 4215 1292 4286 έννοοῦμεν
1304 4213 1354 4268 Ht.
1367 4216 1393 4283 (e
1404 4219 1482 4285 φυσει

412 4284 489 4406 guni
500 4283 583 4356 φόσιι
595 4285 730 4356 ἐννοοῦμεν
743 4284 790 4354 Β.)
803 4285 877 4360 quod
890 4305 945 4342 om.
957 4304 1022 4342 casu
1034 4297 1066 4341 ut
1077 4285 1133 4342 vid.
1145 4285 1219 4340 Aah.
1327 4299 1369 4356 15.
1386 4286 1482 4354 μακρόό

434 4375 448 4407 ν
460 4371 485 4407 ι.
618 4370 660 4428 17.
678 4360 834 4428 πιιραπλοῦν
846 4357 879 4412 Β.
893 4356 945 4412 Ed.
959 4357 1089 4427 έξσπλοῦν
1101 4375 1125 4411 a.
1139 4356 1199 4412 Cat.
1213 4355 1291 4411 Harl.
1419 4373 1458 4424 19.
1477 4379 1482 4423 ι

413 4439 473 4477 mm
493 4432 552 4480 tum
564 4445 596 4482 ex
609 4445 634 4482 a.
722 4445 765 4482 Μ.
783 4429 814 4483 οῦ
825 4451 876 4498 μοκ
893 4429 925 4484 ἀν
936 4429 965 4484 έν
976 4427 1243 4502 ταύτᾷ-ἡμερότητα
1255 4427 1296 4481 καὶ
1308 4437 1445 4498 assumpta
1457 4445 1482 4481 ες

413 4441 493 4564 quot?
505 4511 554 4563 pro
592 4498 599 4520 '
626 4502 638 4516 ⁸
659 4497 732 4569 quod
749 4498 856 4554 exhibet
870 4450 913 4567 θ,
926 4499 953 4555 όν
964 4500 1050 4574 ταύτῷ
1066 4517 1099 4556 οι
1111 4517 1135 4555 α.
1151 4495 1221 4555 ῦόόί.
1235 4497 1360 4554 ἀπίθανον
1370 4495 1416 4554 οῦν
1427 4498 1455 4554 ἐν
1465 4521 1481 4554 τ

411 4562 577 4631 λαυθροπίον
589 4589 619 4622 κο
642 4567 788 4638 ἡμερότητα
799 4571 841 4624 καὶ
853 4587 877 4624 ι.
