3184 5104
394 335 458 398 150
695 337 734 402 B.
758 335 971 401 OYRILLI
1000 333 1289 402 ALEXANDR.

394 503 489 578 θεῖον
507 499 670 581 ἀναίττειν
692 509 903 601 τολμῶντας
928 499 1200 604 θυσιαστήριον,
1219 503 1277 580 καὶ
1300 497 1448 605 βεβήλῳ
1469 531 1495 576 Τ·

229 619 349 669 ¹⁰⁰'·¹¹·
394 623 525 731 ἀνοσίᾳ
543 628 633 730 χειρὶ
652 629 716 726 τῆς
734 629 912 725 μυστικῆς
931 626 1096 727 εὐλογίας
1115 621 1357 726 ἐπιθιγγάνειν
1368 633 1389 671 ‘⁴
1398 619 1470 702 Διὰ
1487 655 1495 698 ι

242 699 276 734 0·
293 699 316 736 2·

228 697 242 748 3
275 700 290 747 ³
395 759 417 797 “
435 750 472 829 ἐν
506 752 588 848 ὑμῖν
618 753 755 830 πολλοὶ
792 754 954 836 ἀσθενεῖς
991 752 1050 830 καὶ
1086 750 1279 854 ἅῤῥωστοι,
1311 751 1369 828 καὶ
1405 781 1495 844 κοιμι

361 879 418 944 d“
436 874 562 953 ἱκανοί.
617 880 648 954 εἰ
685 873 756 977 γὰρ
788 871 933 958 ἑαυτούς
968 875 1163 976 ε’κρίνομεν,
1197 875 1261 953 ούκ
1297 871 1343 951 ἂν
1372 867 1495 974 ἐκρινόγ

396 1007 418 1045 “
436 995 636 1100 κρινόμενοι
666 996 704 1078 δὲ
735 997 804 1080 ὑπὸ
835 999 972 1102 Κυρίου
1002 995 1251 1098 παιδευόμεθα,
1279 998 1337 1076 ἵνα
1365 995 1415 1095 μὴ
1445 993 1494 1074 σὺ

395 1130 417 1170 “
435 1119 563 1229 κόσμῳ
587 1124 888 1228 κατακριθῶμευ.”
917 1120 1014 1203 ὥστε
1038 1129 1113 1207 τοῖς
1137 1121 1401 1227 ἀρρωστήσασι
1425 1123 1481 1199 καὶ

396 1251 526 1325 νεῶσιν
554 1245 635 1328 ἔσθ’
665 1246 724 1328 ὅτε
758 1245 816 1326 διὰ
849 1247 946 1332 θείας
978 1248 1089 1350 ὀργῆς
1120 1243 1346 1345 ἐπενήνεκται
1378 1244 1420 1324 τὸ
1453 1280 1495 1325 πο

396 1368 497 1449 ἀλλὰ
521 1371 580 1450 καὶ
605 1370 712 1456 αὐτὸς
736 1373 756 1451 ὃ
778 1369 912 1474 Κύριος
938 1371 1040 1472 ἡμῶν
1056 1373 1200 1471 Ἰησοῦς
1223 1370 1434 1474 ὀΧριοτὸς,
1453 1369 1494 1449 ὅτ

395 1491 552 1597 πάρετον
569 1499 632 1595 τῆς
650 1503 789 1600 μακρᾶς
813 1493 976 1576 ἀπέλυσε
1003 1493 1125 1591 νόσου,
1144 1500 1203 1574 καὶ
1228 1492 1442 1602 παραδόξως
1466 1495 1495 1574 e?

262 1705 269 1717 ,
336 1635 342 1650 ’
398 1621 482 1721 ύγιᾶ
499 1629 521 1666 “
533 1616 620 1718 Ἴδε,
640 1622 767 1726 φησὶν,
784 1618 887 1722 ύγιὴς
909 1618 1074 1722 γε’γονας·
1105 1618 1230 1719 μηκέτι
1255 1618 1449 1722 ἁμάρτανε,
1470 1620 1495 1698 ’ίι

397 1753 419 1791 “
438 1743 556 1847 χεῖρόν
570 1777 632 1823 σοι
650 1745 826 1846 γίνηται.”
851 1747 899 1828 ὡς
918 1743 1149 1848 ἐνδεχομένου
1167 1741 1239 1846 γὰρ
1258 1747 1316 1822 καὶ
1334 1744 1495 1842 συμβαίν

367 1875 461 1948 ατοῦ
494 1869 552 1946 καὶ
585 1870 622 1947 ἐν
655 1867 816 1972 χείροσιν
846 1867 955 1948 αὐτὸν
987 1867 1156 1969 γενέσθαι
1189 1865 1232 1947 δι’
1266 1867 1451 1970 ἁμαρτίας,
1484 1904 1495 1948 ι

399 1989 616 2100 φυλάξαιτο,
645 1989 833 2098 διαφυγὼν
860 1989 963 2099 ἅπαξ
990 1995 1048 2072 καὶ
1075 1992 1380 2091 ἀνασεσωσμένας
1406 1989 1495 2096 χόρι

397 2117 480 2220 παρ’
502 2117 622 2215 αὐτοῦ,
640 2115 685 2196 τὰ
712 2115 859 2196 τοιαῖσοῖ
884 2121 1011 2222 φησιν.
1053 2115 1248 2199 ἀλλ’ἴσως
1272 2114 1385 2221 ταύτῃ
1409 2116 1474 2215 μὲν

397 2245 487 2320 σθαι
515 2247 636 2324 καλῶς
663 2238 966 2345 συγχωρήσομεν·
1004 2246 1078 2323 τοῖς
1102 2237 1140 2319 δὲ
1166 2241 1205 2320 ἐκ
1229 2238 1453 2342 σπαργάνων
1475 2274 1495 2319 κ

397 2364 551 2466 πρῶτων
572 2368 636 2460 τῆς
662 2363 835 2467 γενέσεως
860 2360 1001 2469 χρόνων
1024 2361 1226 2444 πεπονθόσι
1249 2397 1285 2442 τι
1308 2370 1381 2444 τῶν
1398 2367 1495 2444 ἀπευι

397 2491 456 2568 καὶ
481 2493 555 2572 τοῖς
579 2486 766 2589 νοσήμασι
791 2494 1115 2593 συναποτεχθεῖσιν
1132 2489 1172 2566 ε’κ
1194 2486 1341 2590 μήτρας,
1361 2496 1495 2569 ποῖονι

397 2609 605 2717 ἐφαρμόσαι
627 2611 751 2715 λόγον,
770 2613 812 2693 ού
834 2610 960 2719 ῥᾴδιον
977 2615 1145 2694 συνιδεῖν.
1183 2618 1343 2715 προεῖναι
1361 2609 1428 2710 μὲν
1446 2611 1494 2713 γᾶ

398 2733 524 2842 ψυχὴν
554 2736 595 2814 ού
628 2737 856 2834 πιστεύομεν,
889 2737 974 2815 ἀλλ’
1010 2734 1090 2815 οὐδὲ
1122 2733 1194 2838 πρό
1228 2735 1399 2835 σώματος
1431 2738 1494 2835 ἁμι

401 2858 610 2960 οἰησόμεθα·
647 2865 727 2944 ’πῶς
754 2859 826 2962 γὰρ
853 2857 897 2940 ἂν
922 2862 981 2939 καὶ
1008 2856 1162 2962 ἁμάρτοι
1189 2857 1231 2938 τὸ
1259 2861 1479 2960 κεκλημένον

235 3010 303 3066 508
314 3007 353 3063 A.
371 2982 491 3087 ατρὸς
509 2983 674 3086 γίνεσιν;
703 2984 877 3087 ἁμαρτίας
897 2983 935 3064 δὲ
954 2985 1017 3062 οὐκ
1036 2985 1159 3083 οὔσης,
1178 2985 1264 3064 ἀλλ’
1284 2983 1364 3064 ου’δῖ
1382 2993 1447 3064 τοῦ
1466 3021 1493 3066 π

399 3107 701 3212 προηγησαμένου
719 3109 958 3207 πταίσματος,
976 3109 1057 3187 τίνα
1079 3106 1209 3188 λοιπὸν
1227 3111 1374 3211 ἐροῦμεν
1392 3117 1458 3187 τοῦ
1477 3143 1493 3189 τ

399 3232 466 3334 τὴν
485 3231 698 3342 πρόφασιυ;
729 3234 814 3312 ἀλλ’
834 3231 935 3312 ἔστιν
953 3231 1087 3312 ἀθέατα
1104 3239 1291 3316 παντελῶς
1316 3239 1394 3316 ταῖς
1420 3233 1492 3332 ἡμε·

401 3358 571 3440 διανοίαις
588 3356 634 3437 τὰ
651 3355 750 3437 πολύ
768 3358 852 3436 λίαν
870 3355 958 3458 ὑπὲρ
977 3356 1079 3455 ἡμᾶς,
1097 3359 1156 3436 καὶ
1180 3355 1223 3435 τὸ
1247 3358 1329 3458 περὶ
1351 3355 1492 3435 τούτων

400 3481 572 3579 ἐθελῆσαι
591 3479 705 3583 ζητεῖν
723 3479 1034 3579 συμβουλεύσαιμ’
1056 3478 1101 3559 ῶν
1120 3479 1235 3582 ἔγωγε
1254 3485 1491 3583 παραιτεῖσθο

402 3602 587 3706 σώφροσι,
608 3605 665 3683 καὶ
683 3603 756 3707 πρό
775 3603 981 3705 γεπάντων
999 3605 1152 3712 ἐμαυτῷ.
1192 3603 1262 3710 χρὴ
1288 3603 1360 3707 γὰρ
1386 3609 1491 3684 διανο

401 3733 548 3826 μᾶλλον
571 3724 595 3806 ἃ
621 3727 933 3830 προστετοίγμεθα,
957 3731 1015 3808 καὶ
1041 3727 1223 3831 βαθύτερα
1247 3725 1312 3826 μὲν
1334 3725 1386 3828 μή
1413 3729 1491 3835 ἐξετ

403 3850 640 3955 χαλεπώτερα
665 3851 702 3932 δὲ
726 3851 777 3952 μὴ
803 3852 928 3956 ζητεῖν,
946 3852 1036 3954 μηδὲ
1055 3853 1259 3956 ἀνορύττειν
1276 3859 1473 3956 πειρᾶσθαι

404 3972 572 4060 κινδύνοις
608 3973 654 4055 τὰ
690 3975 952 4080 ἐγκεκρυμμίνα
988 3975 1080 4082 μόνη
1119 3981 1164 4080 τῇ
1204 3976 1283 4084 θείᾳ
1321 3978 1381 4057 καὶ
1425 3979 1490 4082 ἀφγ

401 4105 532 4205 βουλῇ,
563 4099 760 4204 ε’πιτρέπειν
793 4099 830 4181 δὲ
863 4107 1010 4200 μᾶλλον
1042 4103 1203 4198 εὐσεβῶς
1233 4099 1360 4180 εἰδέναι
1392 4100 1489 4208 μόνιρ

442 4384 465 4422 1.
477 4368 594 4425 ἀνόπιιν
610 4369 642 4424 Β.
658 4370 745 4426 ἀνατεὶ
764 4370 855 4426 Ηοὶιι.
871 4371 974 4427 ἀναθεῖν
991 4371 1144 4428 emendavit
1161 4381 1193 4428 ut
1210 4370 1322 4427 aduolat
1339 4372 1398 4442 ipse
1417 4369 1489 4426 Aub.

402 4437 544 4496 haecina.
642 4459 669 4511 9.
686 4443 799 4512 πάρετον
814 4443 846 4497 B.
861 4444 910 4498 Ht.
922 4444 1072 4514 παράλυτον
1085 4442 1159 4498 Aub.
1258 4458 1300 4497 10.
1317 4441 1394 4513 ιἰγίιιν
1408 4442 1442 4496 Β.
1456 4460 1488 4496 en

405 4507 456 4562 Ht.
612 4527 654 4567 11.
672 4511 774 4584 χεῖρόν]
792 4519 821 4576 ÷
835 4535 860 4567 n
873 4513 946 4568 Aub.
1104 4531 1148 4568 τα.
1166 4514 1329 4583 πταίσματος
1341 4523 1488 4584 ”sumptu

405 4593 448 4643 ²⁴·
467 4577 564 4634 τούτων
576 4581 719 4636 emendant
733 4583 782 4637 Ht.
797 4581 897 4653 Ηογιο.
909 4587 1003 4640 τοῦτον
1016 4583 1049 4640 B.
1061 4583 1155 4640 τούτου
1167 4583 1240 4640 Aub.
