3238 5114
315 333 380 400 ⁷26
624 339 663 404 B.
686 337 900 404 CYRILLI
929 338 1219 406 ALEXANDR.
1314 337 1398 402 xvii.
1415 337 1464 414 18,
1481 352 1526 418 ¹9·

314 497 480 581 τεθνάναι
501 508 621 602 σῶμα,
638 503 753 586 πάλιν
770 507 867 614 αὐτῷ
891 502 958 605 τὴν
982 506 1074 586 ἰδίαν
1096 503 1310 612 ἐνεφῦτευσε
1334 499 1445 607 ζωὴν,
1463 501 1527 604 οὐχ

313 623 440 704 ἑαυτὸν
477 624 644 726 δηλονότι
680 635 753 708 τῶν
784 637 849 708 τοῦ
885 627 1040 708 θανάτου
1078 633 1224 726 δεσμῶν
1259 624 1526 734 ἐξαιρούμενος,

315 746 406 830 καθὸ
432 755 562 830 νοεῖται
590 749 692 835 Θεάς.
732 749 934 852 ἐπεδήμησε
962 751 1034 854 γάρ
1063 754 1122 831 καὶ
1149 751 1297 854 γέγονεν
1320 749 1526 850 ἅνθρωπος,

316 873 358 952 οῦ
376 873 418 950 δι’
437 869 573 953 ἑαυτόν·
613 875 789 956 ὁδοποιῶν
812 875 849 956 δὲ
876 882 1023 973 μᾶλλον
1049 880 1095 980 τῇ
1119 874 1323 980 ἀνθρωπείᾳ
1347 873 1465 978 φύσει
1485 873 1526 952 δι’

283 995 443 1075 ἀέαυτοῦ
470 1029 510 1076 τε
538 1001 598 1078 καὶ
619 1001 657 1078 ἐν
679 1001 794 1107 ἐαυτῷ
819 997 885 1099 τήν
902 1001 942 1080 ἐκ
970 998 1126 1080 θανάτου
1154 995 1348 1103 διαφυγὴν,
1370 999 1434 1076 καὶ
1463 993 1551 1094 τήν5

316 1123 365 1203 είς
392 1117 459 1219 τὴν
485 1123 547 1203 ἀπ’
576 1125 689 1228 ἀρχῆς
716 1123 928 1230 ἀφθαρσίαν
956 1121 1143 1204 ἐπάνοδον.
1177 1123 1227 1202 ’ίθι
1256 1123 1301 1222 δὴ
1332 1121 1401 1200 οῦν
1432 1118 1525 1199 κατὰ

317 1241 385 1342 τήν
402 1243 487 1345 ἴσην
504 1252 577 1327 τῶν
599 1247 791 1350 εἰρημένων
813 1247 1013 1348 ἀναλογίαν
1041 1252 1089 1330 εἰς
1116 1243 1181 1326 τὸν
1208 1251 1291 1348 περὶ
1317 1253 1385 1326 τοῦ
1416 1241 1525 1347 ἁγιά-

319 1364 443 1468 ζεσθαι
467 1367 610 1472 τρόπεον.
649 1366 720 1474 ἆρα
747 1370 819 1474 γάρ
847 1370 942 1454 ὅλως
968 1369 1088 1478 φαμὲν
1105 1365 1209 1472 άγιον
1227 1367 1415 1473 ὑπάρχειν,
1436 1367 1528 1448 κατά

318 1525 362 1593 γε
388 1489 588 1595 τὸνλόγον
618 1497 681 1593 τῆς
708 1495 797 1578 ίδίας
820 1492 977 1601 φάσεως,
995 1493 1037 1574 τὸ
1065 1493 1139 1574 ἀπὸ
1167 1497 1234 1595 γῆς
1262 1501 1386 1591 σῶμα,
1411 1495 1474 1572 καὶ
1500 1497 1529 1570 εἰ

319 1609 369 1713 μή
388 1615 527 1720 δέχοιτο
550 1614 614 1697 τὸν
632 1617 816 1720 ἀγιασμὸν
833 1615 933 1722 παρὰ
950 1625 1014 1699 τοῦ
1033 1616 1125 1697 κατά
1144 1617 1258 1721 φύσιν
1277 1615 1382 1719 ἁγίου
1403 1622 1505 1696 θεοῦ
1518 1649 1528 1710 ;
1542 1661 1571 1703 ιο

319 1739 378 1817 καὶ
404 1745 481 1824 πῶς
509 1739 624 1842 ἀνείη
651 1740 758 1822 τοῦτό
784 1775 850 1844 γε;
876 1742 963 1822 ποία
989 1739 1061 1844 γάρ
1083 1739 1128 1820 ἀν
1147 1741 1197 1820 ἐτι
1223 1747 1340 1820 νοοῖτο
1366 1737 1530 1844 διαφορὰ

319 1861 455 1966 σαρκός
479 1897 519 1944 τε
543 1869 607 1963 τῆς
635 1873 809 1968 γηγενοῦς
835 1867 894 1946 καὶ
923 1869 988 1965 τῆς
1012 1863 1104 1945 κατὰ
1129 1864 1243 1971 φύσιν
1268 1866 1373 1965 ἁγίας
1398 1897 1442 1943 τε
1469 1865 1529 1942 καὶ

320 1987 532 2087 ἁγιαστικῆς
563 1989 713 2084 οῦσίας;
752 1995 781 2068 εί
814 1989 858 2068 δέ
883 1991 984 2069 ἐστιν
1013 1993 1121 2069 είπεῖν
1152 1985 1296 2088 ἀληθές,
1328 1986 1384 2066 ὅτι
1419 1993 1528 2067 πᾶσα

320 2109 436 2196 κτίσις
454 2111 582 2214 λογικὴ
602 2115 659 2192 καῖ
679 2113 907 2219 ἁπαξαπλῶς
929 2111 971 2193 τὸ
991 2111 1209 2212 κεκλημένον
1226 2117 1275 2196 είς
1299 2109 1446 2214 γένεσιν
1467 2114 1526 2190 καὶ

320 2242 447 2315 τελοῦν
475 2237 513 2316 ἐν
536 2245 707 2340 γενητοῖς,
736 2238 881 2342 φύσεως
906 2234 971 2337 μέν
997 2237 1086 2320 ἰδίας
1107 2237 1172 2316 οῦκ
1195 2235 1266 2339 ἔχει
1291 2233 1434 2337 καρπὸν
1459 2233 1525 2314 τὸν
1540 2275 1570 2332 15

292 2359 515 2462 εὰγιασμδν,
534 2363 721 2467 δανείζεται
739 2361 777 2442 δέ
803 2359 929 2466 ῶσπερ
946 2360 1047 2465 παρὰ
1068 2369 1132 2442 τοῦ
1158 2358 1249 2441 κατά
1273 2359 1388 2466 φύσιν
1416 2359 1523 2460 ἁγίου

320 2483 387 2585 τὴν
411 2485 525 2591 χάριν,
543 2493 620 2572 πῶς
646 2488 710 2568 οῦκ
738 2484 783 2567 ἀν
806 2485 944 2588 γένοιτο
967 2491 1040 2566 τῶν
1065 2482 1305 2566 ἀτοπωτάτων
1332 2485 1523 2587 ἀπροσδεᾶ

321 2607 387 2708 τὴν
413 2607 535 2712 σάρκα
562 2617 654 2692 νοεῖν
684 2618 748 2691 τοῦ
777 2607 932 2714 ἀγιάζειν
953 2607 999 2689 τά
1025 2607 1145 2690 πάντα
1171 2607 1373 2716 πεφυκότος
1393 2614 1517 2702 Θεοῦ,

321 2730 439 2831 ἐπειδὴ
464 2734 582 2814 τοίνυν
607 2735 674 2840 οῦχ
696 2736 783 2837 ἁγία
806 2735 888 2815 καθ’
920 2732 1049 2833 ἑαυτὴν
1079 2735 1102 2834 ή
1131 2733 1240 2840 σάρξ,
1268 2732 1431 2835 ἡγιάσθη
1461 2731 1521 2811 διὰ

321 2862 429 2936 τοῦτο
455 2859 514 2936 καὶ
542 2859 580 2937 ἐν
609 2863 774 2963 Χριστῷ,
803 2865 868 2937 τοῦ
897 2859 936 2936 ἐν
965 2858 1056 2962 αὐτῇ
1085 2854 1365 2956 κατοικήσαντος
1396 2854 1520 2958 Λάγου
1533 2901 1566 2939 20

323 2977 382 3059 διά
402 2989 467 3061 τοῦ
492 2980 621 3084 Ἀγίου
641 2980 849 3081 Πνεῦματος
873 2979 937 3061 τὸν
962 2986 1089 3062 οἰκεῖον
1116 2979 1202 3062 ναὸν
1225 2977 1442 3081 ἁγιάζοντος,
1461 2983 1519 3060 κοῦ

322 3109 370 3189 εἰς
393 3103 568 3207 ἐνέργειαν
586 3104 694 3186 αὐτὸν
715 3109 779 3205 τῆς
803 3105 893 3190 ἰδίας
919 3113 1194 3204 μεταποιοῦντος
1220 3103 1377 3210 φύσεως.
1414 3102 1520 3207 ἅγιον

156 3252 273 3312 om
294 3225 396 3330 αγὰρ
426 3225 484 3306 διὰ
515 3236 621 3308 τοῦτο
650 3235 780 3310 νοεῖται
812 3231 871 3309 καὶ
900 3228 1113 3332 ἁγιαστικὸν
1139 3229 1182 3309 τὸ
1205 3235 1315 3328 σῶμα
1343 3233 1520 3331 Χριστοῦ,

323 3349 385 3431 ἀτε
409 3348 463 3449 δή,
483 3349 644 3453 καθάπερ
661 3349 790 3454 ἐλεγον
807 3354 947 3456 ἀρτίως,
967 3351 1051 3438 ναὸς
1076 3349 1225 3455 γεγονὸς
1243 3361 1307 3434 τοῦ
1331 3353 1520 3436 ἐνωθέντος

154 3499 208 3554 001.
219 3501 245 3552 ii.
253 3515 278 3568 η.
322 3475 418 3582 αὐτῷ
445 3472 569 3576 Λόγου
595 3483 819 3572 σωματικῶς,
850 3478 898 3562 ὡς
928 3477 948 3555 ἁ
976 3474 1127 3560 Παῦλάς
1156 3484 1284 3582 φησιν.
1326 3473 1385 3556 διὰ
1412 3483 1519 3555 τοῦτο
1533 3515 1565 3574 ²5

323 3595 462 3678 κάτεισι
489 3596 555 3696 μέν
581 3597 635 3680 ἐπ’
654 3599 764 3680 αι’πὸν
791 3599 835 3706 ἐξ
860 3601 1010 3703 οὐρανοῦ
1032 3599 1074 3680 τὸ
1099 3605 1248 3698 Πνεῦμα
1270 3597 1313 3679 τὸ
1326 3597 1461 3700 Ἀγιον
1482 3602 1520 3679 ἐν

322 3719 402 3801 ε’ίδὲι
436 3727 659 3823 περιστερᾶς·
705 3721 952 3826 μεμαρτύρηκε
984 3721 1022 3802 δέ
1058 3731 1165 3802 τοῦτο
1201 3721 1321 3823 λέγων
1350 3723 1370 3801 ὁ
1401 3721 1519 3828 σοφὸς

321 3841 500 3945 Ἰωάννης·
537 3843 597 3925 ἵνα
626 3851 769 3948 γνῶμεν
795 3843 923 3942 πάλιν,
951 3844 1006 3924 ὅτι
1031 3843 1192 3948 καθάπερ
1218 3848 1256 3924 ἐν
1282 3848 1431 3951 ἀπαρχῇ
1458 3851 1520 3946 τῆς

321 3967 577 4069 ἀνανεουμένης
595 3969 751 4076 φάσεως,
770 3971 808 4048 ἐν
826 3967 958 4076 πρῶτερ
977 3973 1130 4075 Χριστῷ
1148 3968 1190 4048 τὸ
1212 3974 1359 4066 Πνεῦμα
1377 3969 1519 4070 κατέβη,

320 4089 409 4172 καθὸ
433 4092 593 4199 πέφηνεν
612 4093 800 4194 ἅνθρωπος
820 4092 840 4172 ὁ
858 4101 923 4172 τοῦ
948 4089 1159 4195 ἁγιάζεσθαι
1187 4091 1355 4176 δεκτικός.
1395 4095 1455 4172 καῖ
1480 4095 1519 4174 οῦ
1531 4131 1562 4188 30

320 4213 435 4314 δήπου
462 4214 575 4295 πάλιν
596 4215 707 4295 ἐκεῖνό
735 4223 866 4322 φαμεν,
885 4214 941 4295 ὅτι
963 4215 1043 4295 τότε
1067 4217 1214 4319 γέγονεν
1232 4213 1333 4316 ἁγιος
1359 4216 1403 4296 τὸ
1429 4215 1519 4296 κατὰ

150 4335 232 4466 {21³³
240 4335 258 4386 ἱ·
319 4335 440 4441 σάρκα
463 4337 635 4442 Χριστὸς,
662 4336 720 4418 ὅτε
747 4349 769 4387 “
782 4337 825 4419 τὸ
856 4345 1003 4440 Πνεῦμα
1029 4339 1190 4420 τεθέαται
1217 4342 1464 4436 καταβαῖνον”
1494 4344 1513 4422 ὁ

571 4581 613 4632 24.
631 4565 743 4636 γεγονὸς
757 4566 789 4620 Ε.
1021 4583 1064 4639 31.
1084 4564 1126 4638 τὸ]
1140 4569 1154 4622 δ
1169 4566 1271 4638 Migne.
