3274 5118
333 293 398 357 696
636 293 676 360 B.
699 292 906 358 GYRILLI
936 291 1224 363 ALEXANDR.
1411 309 1466 350 xv.
1481 301 1534 348 αο.

333 467 355 504 “
368 455 593 561 ἐκομισάμην
618 455 663 540 ἂν
685 458 727 540 τὸ
756 458 842 560 ἐμὸν
869 460 941 541 σὺν
965 458 1090 569 τόκιρ.”
1121 458 1230 562 όνπερ
1244 455 1326 562 γὰρ
1343 452 1482 558 τρόπον
1500 454 1535 532 οἱ

332 581 424 686 πρὸς
460 581 507 663 τά
537 587 601 682 τῆς
632 585 806 686 γηπονίας
842 585 931 686 ἔργα
967 583 1269 687 γεγυμνασμένοι,
1306 583 1366 661 καὶ
1402 585 1535 658 τοῦτον

332 707 473 812 ἔχοντες
501 705 565 788 τὸν
592 707 745 806 σκοπὸν,
773 707 1026 808 ἀνατέμνοντες
1057 717 1131 794 τοῖς
1160 706 1322 810 ἀρότροις
1353 703 1421 804 τὴν
1448 705 1533 803 γῆν,

332 829 408 911 εἶτα
435 837 487 938 τῷ
514 831 627 941 βάλω
651 830 715 912 τὸν
733 831 874 936 σπόρον
892 831 1130 938 ἐγχῶσαντες,
1149 830 1263 912 οὐκέτι
1289 835 1366 912 ταῖς
1394 829 1535 907 ἑαυτῶν

334 957 527 1059 ἐμπειρίαις
551 956 772 1056 ἀπονέμουσι
789 955 835 1036 τά
853 956 976 1055 λοιπὰ,
996 963 1041 1063 τῇ
1061 956 1099 1037 δέ
1119 957 1195 1063 θείᾳ
1221 961 1366 1055 μᾶλλον
1386 949 1529 1054 έπιτρέ·
1548 977 1565 1036 5

334 1113 446 1160 τουσι
474 1079 618 1178 δυνάμει
645 1083 703 1160 καὶ
729 1079 858 1185 χάριτι,
877 1081 919 1161 τὸ
946 1081 1099 1185 ῥιζῶσαί
1118 1086 1212 1186 φημι
1233 1078 1275 1159 τὸ
1300 1073 1534 1175 καταβληθὲν

157 1207 284 1275 ὯΟἏΑ·
305 1206 394 1282 ικαὶ
423 1209 472 1288 είς
502 1203 640 1306 καρπὸν
670 1204 872 1310 ἀναθρέψαι
899 1204 963 1286 τὸν
990 1203 1139 1285 τέλειον·
1189 1205 1301 1286 οὕτως
1328 1197 1426 1297 οἶμαι
1458 1203 1534 1278 δεῖν

333 1325 398 1406 τὸν
419 1333 492 1407 τῶν
513 1328 718 1424 βελτίστων
744 1327 940 1430 εἰσηγητὴν
967 1329 1141 1430 διανέμειν
1167 1327 1286 1428 μόνως
1312 1321 1376 1406 τὸν
1404 1321 1535 1425 λόγον,

333 1453 468 1557 ἐφεῖναι
486 1449 600 1555 γεμὴν
618 1451 664 1531 τὰ
685 1451 797 1532 λοιπά
814 1457 866 1561 τῷ
886 1457 980 1560 Θεῷ.

390 1574 587 1677 Φάρμακον
610 1577 672 1655 οὖν
694 1576 765 1679 ἆρα
788 1578 1032 1684 μικροψυχίας
1054 1613 1093 1659 τε
1120 1577 1179 1656 καὶ
1208 1575 1354 1675 ἀκηδίας
1382 1567 1536 1651 λυτικδν
1552 1605 1586 1645 ιο

333 1695 456 1801 ἐπάγει
484 1706 557 1782 τοῖς
586 1703 712 1780 ἑαυτοῦ
739 1705 914 1800 μαθηταῖς
936 1702 957 1780 ὁ
984 1701 1124 1804 Σωτὴρ,
1151 1703 1210 1780 καὶ
1238 1697 1304 1800 τὴν
1330 1699 1388 1778 ἐπὶ
1414 1696 1535 1802 τοιίτιρ

333 1823 556 1926 παραίνεσιν.
610 1821 661 1922 μὴ
699 1823 770 1927 γάρ
808 1825 853 1924 δὴ
885 1832 1079 1917 κατοκνεῖν,
1113 1826 1240 1932 φησὶν,
1278 1819 1411 1902 έλεσθέ
1442 1851 1534 1900 ποτε

333 1946 516 2027 διδάσκειν
533 1947 593 2045 έτι,
613 1951 672 2027 καὶ
696 1953 726 2027 εἰ
749 1955 822 2028 τῶν
844 1947 947 2056 ἅπαξ
968 1949 1269 2049 νενουθετημένων
1291 1943 1383 2029 τινές
1406 1945 1533 2023 οὐδένα

332 2077 491 2150 ποωῖντο
508 2075 573 2172 τῆς
591 2073 758 2173 δοθείσης
775 2074 894 2158 αὐτοῖς
907 2075 1143 2156 διδασκαλίας
1157 2070 1221 2152 τὸν
1236 2071 1362 2171 λόγον·
1389 2070 1532 2170 ἀπαρα-

333 2196 476 2279 δέκτους
504 2194 541 2276 δέ
572 2195 672 2298 παρὰ
703 2203 859 2280 πολλοῖς
889 2202 946 2276 καὶ
979 2195 1044 2282 τάς
1078 2196 1167 2294 έμάς
1199 2195 1279 2275 ἔσθ’
1314 2192 1372 2274 ὅτε
1406 2189 1532 2298 φωνὰς
1549 2217 1583 2276 ¹5

298 2319 566 2422 Βεὺρίσκοντες,
585 2318 635 2419 μὴ
660 2325 723 2420 τῆς
745 2323 831 2420 ἐμῆς
856 2321 1103 2423 ὑπερτείυεσθε
1132 2318 1250 2427 δόξης,
1270 2321 1337 2398 κάν
1355 2314 1472 2423 τούτῳ
1492 2313 1531 2392 δὲ

332 2443 446 2524 πάλιν
464 2442 614 2524 κατόπιν
631 2443 807 2544 μένοντες,
825 2444 868 2524 τὸ
887 2449 1082 2541 δυσθυμεῖν
1099 2443 1372 2542 άποπέμπεσθε.
1412 2441 1528 2542 ἀναγ-

333 2565 501 2668 καιοτάτη
530 2566 568 2647 δέ
595 2567 772 2669 τούτωνὴ
794 2567 952 2668 μάθησις
980 2567 1025 2669 ἦν
1046 2575 1120 2652 τοῖς
1148 2567 1262 2671 ἁγίοις
1290 2564 1527 2660 ἀποστόλοις,

333 2690 476 2793 ἐπείπερ
508 2692 664 2790 έμελλον
697 2693 921 2800 διακηράξειν
951 2698 1026 2778 τοῖς
1057 2695 1247 2797 ἀπανταχῆ
1276 2688 1340 2771 τὸν
1367 2689 1463 2770 θεῖόν
1492 2723 1529 2768 τε

333 2815 392 2892 καὶ
410 2813 589 2918 σωτήριον
610 2813 734 2918 λόγον.
772 2821 831 2897 καὶ
858 2825 948 2921 γοῦν
968 2817 988 2896 ὁ
1007 2815 1201 2901 θεσπέσιος
1221 2821 1381 2912 Παῦλος,
1401 2809 1462 2893 ἀπε
1486 2811 1530 2911 δὴ
1548 2847 1586 2889 20

333 2934 424 3041 πρὸς
461 2937 675 3040 ἀποστολὴν
707 2940 766 3021 διὰ
798 2947 964 3046 Χριστοῦ
995 2940 1339 3048 προκεχειρισμένος,
1371 2937 1532 3021 τοιοῦτός

334 3093 388 3144 τις
415 3062 500 3161 ἡμῖν
520 3063 678 3166 γεγονὼς
705 3067 949 3172 κατεφαίνετο,
969 3069 1027 3146 καὶ
1055 3064 1114 3146 διά
1141 3069 1205 3165 τῆς
1232 3067 1280 3145 έν
1297 3061 1434 3146 τούτοις
1461 3064 1529 3140 ἀν·

303 3185 450 3288 οδρείας
468 3186 657 3292 ἐρχόμενος
680 3190 805 3292 ὁρᾶται
830 3189 1025 3276 πολλάκις·
1062 3189 1117 3270 ὅτι
1139 3188 1212 3293 γάρ
1236 3191 1294 3269 καὶ
1318 3185 1532 3293 φιλοδοξίας

336 3314 574 3415 καταφρονεῖν
604 3309 692 3419 ᾤετο
726 3319 808 3411 δεῖν,
838 3317 985 3416 άλογεῖν
1018 3312 1056 3392 δέ
1087 3311 1235 3419 σφόδρα
1264 3314 1322 3392 καί
1352 3315 1531 3413 διωγμῶν,

335 3435 486 3512 ἐποιεῖτο
515 3433 553 3513 δὲ
572 3439 833 3539 περὶπολλοῦ
866 3442 925 3518 καὶ
954 3435 995 3518 τὸ
1029 3435 1079 3536 μὴ
1108 3439 1191 3516 λίαν
1218 3439 1376 3516 ε’κκακεῖν
1403 3437 1472 3532 καὶ,
1501 3433 1586 3525 ⁶125

335 3589 406 3634 που
425 3554 514 3642 τινές
535 3556 629 3643 ὅλως
648 3559 711 3639 τὸν
730 3559 833 3668 ἅπαξ
855 3563 976 3646 αὐτοῖς
999 3559 1337 3665 ἐγκατεσπαρμένον
1355 3559 1397 3638 οὐ
1414 3592 1529 3661 πορε-

335 3678 484 3784 δέξαντο
512 3679 635 3781 λόγον,
662 3678 788 3789 ῥᾴδιον
815 3684 998 3791 ἐπιδεῖξαι.
1050 3681 1183 3788 γράφει
1210 3681 1283 3788 γάρ
1310 3681 1402 3786 πρός
1431 3716 1532 3765 τινας

168 3791 288 3916 :gri-iv.
335 3815 357 3852 “
375 3805 497 3903 Ὑμεῖς
519 3805 687 3912 φρόνιμοι
704 3809 742 3886 έν
762 3813 925 3915 Χριστῷ,
945 3809 1044 3908 ἡμεῖς
1072 3808 1110 3889 δέ
1136 3813 1249 3910 μωροὶ
1278 3805 1337 3886 διά
1354 3803 1531 3909 Χριστόν·

335 3937 358 3976 “
376 3928 474 4028 ἡμεῖς
502 3932 680 4027 ἀσθενεῖς,
710 3933 807 4031 ὑμεῖς
835 3933 873 4014 δέ
906 3935 1059 4039 ἰσχυροὶ,
1087 3933 1187 4032 ἡμεῖς
1214 3931 1344 4030 ἄτιμοι,
1371 3932 1467 4030 ὑμεῖς
1494 3929 1533 4010 δέ

335 4061 358 4100 “
376 4052 526 4160 ἔνδοξοι·
568 4055 652 4162 άχρι
678 4059 742 4156 τῆς
761 4056 842 4161 άρτι
858 4053 957 4160 ῶρας
979 4060 1037 4136 καὶ
1061 4063 1237 4154 πεινῶμεν
1256 4058 1315 4135 καὶ
1334 4054 1532 4161 διψῶμεν,”
1549 4089 1593 4146 30

251 4239 257 4254 .
335 4180 394 4258 καὶ
425 4177 477 4257 έτι
512 4178 626 4260 πάλιν
654 4183 714 4261 ἐπὶ
750 4181 889 4265 τούτοις
927 4192 948 4230 “
965 4183 1032 4265 Ὡς
1067 4177 1373 4284 περικαθάρματα,
1405 4183 1534 4288 φησὶν,
1628 4211 1629 4290 η

366 4459 395 4540 δ.
402 4457 533 4580 Εδιονέμην
545 4459 577 4515 Ε.
655 4429 660 4440 ¹
719 4479 758 4517 12.
778 4461 891 4518 ε’λκεσθέ
904 4461 935 4518 Ε.
1074 4459 1114 4518 16.
1134 4459 1226 4517 τούτου
1240 4459 1272 4516 Ε.
1416 4479 1460 4518 22.
1478 4461 1533 4536 τις]

335 4548 389 4582 τοις
429 4567 435 4583 .
