3238 5114
320 305 385 370 ⁷20
622 306 661 371 B.
685 305 896 372 OYRILLI
926 305 1214 372 ALEXANDR.
1317 301 1400 368 xvii.
1418 300 1535 378 18,19.

321 475 343 514 “
361 467 562 570 πρόσωπον
580 471 689 551 αὐτοῦ
712 470 827 571 πνοὴν
845 471 964 576 ζωής,”
989 473 1030 550 οῦ
1048 474 1132 576 δίχα
1148 479 1213 551 τοῦ
1231 469 1292 549 διὰ
1313 467 1537 563 Πνεόμιιτος

320 591 504 692 ἀγιασμοῦ
525 591 591 694 τήν
606 591 732 702 ψυχὴν
750 600 802 703 τῶ
824 593 1003 702 ἀνθρώπῳ
1023 593 1191 674 δεδόσθαι
1213 592 1424 694 σημαίνων,
1442 589 1534 668 ἀλλ’

319 713 400 794 οῦδέ
436 714 576 818 γυμνὴν
612 715 636 818 ἢ
673 719 807 820 ἐρήμην
843 723 1030 802 παντελῶς
1066 722 1131 817 τῆς
1168 719 1264 801 θείας
1301 713 1533 796 καθεστάναι

320 838 476 942 φύσεως.
512 840 592 922 οῦδέ
620 841 692 946 γάρ
720 839 765 922 ἀν
786 838 893 948 ῶφθη
916 840 1003 923 ποτέ
1028 843 1103 922 κατ’
1124 839 1241 921 εἰκόνα
1262 839 1332 939 τήν
1351 838 1531 919 ἀνωτάτω

319 959 362 1040 τὸ
389 963 679 1067 χθαμαλωτάτην
708 967 820 1050 οὕτως
847 965 931 1070 έχον
957 964 1024 1065 τήν
1051 965 1203 1067 γένεσιν,
1231 969 1262 1043 εἰ
1288 961 1343 1062 μή
1372 962 1445 1060 τὴν
1474 960 1558 1044 διά5

318 1094 383 1166 τοῦ
398 1087 610 1190 Πνεῦματος
627 1087 834 1196 μόρφωσιν,
855 1095 1086 1192 προσωπεῖον
1103 1085 1230 1190 ῶσπερ
1247 1121 1283 1167 τι
1300 1083 1531 1190 περικαλλὲς

284 1206 435 1315 λιέλαχέ
454 1245 492 1292 τε
515 1215 573 1293 καί
600 1212 846 1316 ἐκληρώσατο,
864 1211 1042 1314 βουλήσει
1067 1211 1105 1293 δέ
1129 1206 1298 1313 δηλονότι
1323 1217 1393 1292 τοῦ
1414 1215 1528 1290 θεοῦ.

319 1333 439 1436 ἐπειδή
458 1335 530 1440 γάρ
549 1339 628 1418 ἐστι
646 1341 710 1438 τῆς
727 1347 791 1417 τοῦ
806 1343 1038 1440 Μονογενοῦς
1057 1337 1182 1420 οὐσίας
1198 1335 1301 1415 εἰκῶν
1320 1334 1531 1441 ἀκραιφνὴς

319 1453 361 1537 τό
391 1463 541 1559 Πνεῦμα
562 1463 681 1558 αὐτοῦ,
710 1459 802 1541 κατά
829 1461 871 1540 τὸ
902 1461 1149 1564 γεγραμμένον
1178 1457 1237 1540 διὰ
1265 1467 1333 1538 τοῦ
1367 1459 1531 1538 Παῦλον

149 1583 251 1715 ξξξξζᾳ
319 1591 341 1627 “
361 1581 438 1666 Οῦς
459 1582 531 1686 γὰρ
551 1585 804 1688 προέγνω,καί
828 1584 1011 1687 προώρισε
1030 1583 1270 1689 συμμόρφους
1291 1587 1358 1682 τῆς
1389 1582 1530 1666 εἰκόνος
1543 1612 1571 1650 ¹0

320 1715 341 1753 “
359 1713 423 1784 τοῦ
440 1711 530 1787 Υίοῦ
558 1709 701 1788 αῦτοῦ·”
741 1706 823 1794 τοὺς
849 1706 977 1814 οἷσπερ
1000 1707 1045 1788 ἀν
1062 1705 1257 1815 ένοπάρξαι
1275 1708 1529 1814 συμμόρφους

318 1831 491 1910 ἀποτελεῖ
514 1866 559 1936 τη
587 1841 650 1912 τοῦ
671 1830 817 1936 Πατρός
845 1833 963 1932 εἰκόνι,
984 1831 1148 1914 τουτέστι
1174 1836 1225 1940 τῷ
1242 1837 1331 1938 m,
1360 1833 1462 1910 οὕτω
1489 1865 1528 1909 τε

318 1951 364 2032 τὰ
379 1953 498 2034 πάντα
517 1953 560 2034 δι’
579 1961 670 2036 Υίοῦ
687 1956 777 2060 πρὸς
795 1954 860 2036 τὸν
877 1957 921 2064 ἐξ
937 1955 1047 2058 οὗπέρ
1064 1957 1144 2035 ἐστι
1157 1953 1303 2060 Πατεήοα
1321 1953 1383 2034 διά
1398 1955 1522 2035 Πνεῦ-

317 2111 429 2176 ματος
460 2077 685 2183 ἐπανάγεται.
729 2083 967 2162 ἀνανεοῦσθαι
1002 2088 1193 2184 τοιγαροῦν
1225 2082 1284 2158 καὶ
1322 2080 1522 2160 ἀναπλάτ-

317 2201 447 2282 τεσθαί
475 2237 552 2287 πως
586 2209 634 2288 εἰς
664 2202 782 2284 εἰκόνα
811 2203 878 2303 τήν
907 2203 1054 2308 πρώτην
1086 2202 1152 2304 τὴν
1180 2203 1373 2306 ἀνθρώπου
1406 2205 1523 2310 φύσιν
1538 2235 1567 2290 15

286 2327 432 2433 οέρωτᾷ
448 2325 506 2406 διά
524 2328 715 2425 μετουσίας
733 2335 797 2408 τοῦ
819 2327 1037 2426 Πνειίματος,
1057 2329 1115 2408 ἵνα
1133 2325 1199 2428 τήν
1217 2327 1365 2429 πρώτην
1384 2329 1522 2426 ἐκείνην

317 2450 578 2554 ἀμφιεσάμενοι
610 2452 726 2556 χάριν,
764 2453 821 2532 καί
852 2451 918 2551 τήν
949 2450 1040 2556 πρὸς
1072 2451 1181 2531 αὐτὸν
1213 2451 1518 2550 ἀνακομισάμενος

316 2571 521 2678 μόρφωσιν,
550 2577 712 2674 ἀμείνους
740 2609 777 2655 τε
807 2576 875 2676 ήδη
907 2576 964 2655 καί
998 2575 1232 2678 δυνατώτεροι
1259 2578 1323 2674 τῆς
1355 2577 1395 2654 ἐν
1428 2580 1517 2682 τῶδε

316 2702 368 2803 τῷ
397 2694 525 2804 κόσμῳ
554 2701 824 2799 βασιλευούσης
852 2701 1027 2802 ἁμαρτίας
1056 2698 1314 2804 εῦρισκώμεθα,
1350 2697 1447 2804 μόνη
1479 2733 1516 2776 τε

316 2825 362 2924 τῇ
391 2825 438 2903 είς
457 2819 553 2900 Θεὸν
577 2821 760 2924 ἀγαπήσει
787 2823 1090 2927 προσεδρεόωμεν,
1109 2823 1231 2930 ἐφέσει
1257 2828 1302 2926 τῇ
1325 2822 1420 2926 πρὸς
1443 2829 1515 2902 πᾶν
1527 2859 1557 2900 ιο

317 2945 435 3022 ὁτιοῦν
471 2944 609 3045 ἀγαθὸν
651 2949 859 3051 ὁλοσχερῶς
906 2949 1134 3047 ἀνακείμενοι,
1172 2950 1230 3027 καί
1272 2947 1514 3052 φιλοσαρκίας

317 3069 500 3170 κρείττονα
521 3068 587 3168 τήν
607 3069 764 3151 διάνοιαν
782 3072 931 3176 ἔχοντες,
955 3072 1225 3175 ἀπαραποίητον
1242 3073 1280 3150 ἐν
1298 3071 1435 3156 ἑαυτοῖς
1453 3075 1514 3168 τῆς

316 3192 514 3292 ἐντιθείσης
534 3191 665 3277 εἰκόνος
691 3191 734 3273 τῦ
761 3191 897 3280 κάλλος
925 3194 1148 3298 τηρήσωμεν.
1180 3195 1282 3279 οὗτος
1306 3193 1378 3297 γάρ
1398 3197 1419 3274 ὁ
1437 3197 1514 3289 βίος

317 3313 601 3414 ὁπνευματικὸς,
620 3318 709 3417 αῦτη
727 3321 791 3416 τῆς
809 3319 847 3397 ἐν
864 3318 1037 3416 πνεύματι
1058 3320 1223 3421 λατρείας
1241 3318 1264 3418 ἡ
1283 3319 1444 3418 δύναμις.

371 3440 479 3518 Ἀλλ’
507 3443 536 3518 εἰ
563 3439 634 3544 χρή
657 3475 692 3520 τι
715 3441 829 3522 πάλιν
856 3441 988 3522 τὸτοῦ
1016 3444 1129 3544 λόγου
1156 3447 1268 3542 μῆκος
1295 3442 1511 3524 σννελὸντας
1525 3479 1554 3537 ²5

283 3565 354 3642 ᾱέν
391 3563 527 3664 ὀλίγοις
564 3570 683 3662 εἰπεῖν,
711 3563 754 3644 τὸ
792 3569 940 3671 ἀρχαῖον
977 3570 1041 3665 τῆς
1078 3565 1352 3670 άνθρωπότητος
1388 3571 1511 3670 δῶρον,

316 3685 491 3786 τουτέστι,
520 3686 584 3768 τὸν
614 3687 673 3767 διὰ
700 3687 908 3789 Πνεῦματος
934 3689 1128 3793 ἁγιασμόν,
1153 3693 1211 3770 καὶ
1236 3689 1304 3789 τὴν
1327 3695 1392 3789 τῆς
1420 3693 1510 3777 θείας

317 3809 463 3917 φύσεως
491 3810 675 3891 κοινωνίαν
693 3815 748 3918 ἐφ’
769 3814 862 3912 ἡμᾶς
889 3812 1007 3892 ἐκάλει
1026 3812 1199 3917 Χριστὸς,
1226 3817 1274 3897 ῶς
1301 3816 1339 3893 ἐν
1367 3817 1509 3921 άπαρχή

316 3945 389 4018 τῶν
404 3937 604 4042 δεχομένων
620 3937 658 4016 ἐν
676 3945 749 4019 τοῖς
776 3938 884 4017 αὐτοῦ
909 3944 1094 4038 μαθηταῖς,
1111 3939 1189 4018 ἐπεί
1213 3972 1268 4017 τοι
1291 3940 1350 4017 καὶ
1375 3937 1509 4040 ἀληθὴς

147 4072 238 4186 'alffgm
317 4059 468 4162 ὁλόγος
493 4060 548 4140 ’ότι
576 4069 597 4107 “
611 4059 674 4140 τὸν
692 4067 872 4140 κοπιῶντα
900 4058 1062 4165 γεωργὸν
1081 4065 1136 4141 δεῖ
1158 4068 1303 4165 πρῶτον
1327 4068 1401 4141 τῶν
1430 4098 1508 4166 καρ-
1519 4098 1547 4154 30

145 4175 227 4317 ξφῖί·
317 4193 339 4231 “
356 4190 436 4265 πῶν
453 4183 778 4280 μεταλαμβάνειν.”
813 4184 896 4262 ἀλλ’
917 4185 975 4263 ἵνα
1000 4187 1066 4263 κάν
1088 4183 1203 4292 τούτῳ
1222 4184 1392 4292 φαίνηται
1417 4221 1507 4288 πρω-

146 4305 220 4412 ιιφω.
316 4305 427 4386 τεόων
458 4304 573 4388 αῦτός·
622 4305 689 4385 ἔδει
723 4303 794 4408 γὰρ
825 4305 911 4386 ὄντα
943 4306 1181 4408 πρωτότοκον,
1211 4310 1259 4391 ῶς
1290 4309 1328 4386 ἐν
1360 4318 1508 4394 πολλοῖς

144 4415 245 4465 τινας.

388 4485 412 4540 7.
432 4473 478 4525 τοῦ
490 4489 544 4525 om.
558 4471 590 4524 E.
770 4473 795 4524 8.
816 4471 956 4544 ἀκραιφνὲς
971 4473 1002 4526 Ε.
1178 4491 1220 4544 30.
1240 4474 1284 4528 τὸν
1296 4477 1396 4542 καρπὸν
1411 4475 1444 4530 Ε.
