3200 5092
422 341 466 403 20
724 343 764 408 B.
787 339 995 407 CYRILLI
1024 337 1312 406 ALEXANDR.

423 505 579 603 ἀληθῶς.
607 506 804 586 ἀπολεῖσθε
822 512 1012 608 τοιγαροῦν
1029 505 1070 585 ού
1090 501 1320 598 πιστεύοντες,
1339 499 1475 607 φησὶν,

423 633 504 727 εἰμι.
543 625 586 706 τὸ
615 627 657 707 δέ
677 628 769 731 Ἐγῶ
796 630 878 732 περὶ
905 628 958 726 οὗ,
978 629 1105 736 φησὶν,
1127 629 1166 706 ἐν
1189 623 1396 732 προφήταις
1424 620 1478 724 γε’]

337 787 344 802 ·
371 787 377 803 ·
400 785 403 792 ·
424 757 446 796 “
464 751 623 854 Φωτίζου
648 751 803 858 φωτίῷυ
819 748 1071 854 Ἰερουσαλὴμ,
1090 751 1165 851 ἥκει
1190 747 1261 852 γὰρ
1286 746 1330 827 τὸ
1358 752 1442 852 φῶς
1469 779 1478 824 ι

423 881 445 920 “
462 873 485 972 ἡ
504 873 596 981 δόξα
617 875 751 978 Κυρίου
769 877 827 955 ε’πὶ
845 873 890 954 σὲ
908 871 1182 954 ἀνατίταλκεν.”
1221 865 1289 974 ἐγῶ
1307 867 1382 972 γάρ
1403 871 1478 973 εἶμί

423 997 443 1076 ὁ
468 994 584 1077 πύλαι
608 997 699 1100 πρὸς
724 995 933 1078 ἀπόστασιν
954 1001 1028 1076 τῶν
1049 997 1210 1101 ἐνψυχῇ
1235 993 1478 1092 νοσημάτων,

422 1119 586 1218 κελεύων,
615 1123 674 1200 καὶ
701 1118 767 1220 τὴν
789 1120 833 1226 ἐξ
857 1115 1000 1220 ἀγάπης
1028 1117 1218 1221 θεραπείαν
1247 1114 1478 1220 ὑπισχνούμε

254 1241 326 1356 ξξξῖ·
340 1241 375 1294 ¹¹⁵·
421 1250 485 1322 τοῦ
512 1241 629 1345 λε’γειν
648 1253 669 1290 “
686 1242 963 1347 Ἐπιστράφητε
989 1245 1056 1322 υἱοὶ
1080 1240 1368 1346 ἐπιστρέφοντες,
1388 1241 1450 1317 καὶ

422 1375 445 1412 “
463 1363 510 1444 τά
535 1365 787 1470 συντρίμματα
814 1366 948 1465 ύμῶν.”
983 1364 1054 1465 ε’γιύ
1080 1370 1151 1463 είμι
1177 1365 1197 1442 ὁ
1222 1362 1288 1458 τὴν
1306 1365 1478 1464 θεοπρεπί

422 1491 480 1568 καὶ
504 1487 620 1569 πάλαι
645 1484 878 1593 χρηστότητα
901 1490 960 1568 καὶ
988 1487 1208 1589 ἀσύγκριτον
1233 1484 1464 1591 ἀνεξικακίαν

388 1616 511 1716 χσθαι
539 1609 584 1710 δὴ
611 1610 730 1704 είπῶν,
749 1611 808 1690 διά
832 1645 871 1690 τε
896 1618 1002 1692 τοῦτο
1025 1616 1125 1705 βοῶν
1143 1620 1166 1656 “
1184 1607 1284 1710 Ἐγιό
1310 1613 1381 1706 εἰμι
1410 1605 1478 1709 ε’γῶ

423 1744 445 1781 “
463 1733 666 1841 ἐξαλείφων
692 1733 757 1817 τάς
785 1733 960 1836 ἁμαρτίας
991 1767 1062 1814 σου
1092 1735 1150 1812 καὶ
1179 1733 1221 1811 οὐ
1247 1729 1298 1831 μὴ
1325 1728 1475 1830 μνησθή

308 1955 315 1969 0
422 1856 492 1959 ἐγώ
521 1863 601 1960 εἰμι,
630 1857 757 1961 φησὶν,
786 1858 806 1935 ὁ
834 1859 893 1935 καὶ
921 1853 981 1936 διὰ
1008 1863 1071 1935 τοῦ
1098 1854 1287 1960 προφίγτου
1314 1851 1478 1932 Ἡσαΐου

254 1955 324 2073 {22⁸
338 1953 376 2018 ¹⁶’
423 1989 445 2027 “
460 1978 671 2070 Λούσασθε,
701 1980 851 2081 καθαροὶ
883 1978 1042 2080 γενέσθε,
1069 1975 1223 2084 ἀφέλετε
1251 1975 1316 2060 τὰς
1347 1979 1478 2078 πουηρί

423 2112 445 2150 “
463 2110 536 2182 τῶν
563 2106 718 2206 καρδιῶν
746 2103 844 2200 ὑμῶν
873 2099 1042 2181 ἀπέναντι
1073 2107 1146 2180 τῶν
1174 2101 1379 2206 ὀφθαλμῶν
1406 2129 1478 2197 μου

423 2235 444 2273 “
462 2231 583 2304 σασθε
602 2223 674 2306 ἀπὸ
694 2231 766 2303 τῶν
783 2229 964 2327 πονηριῶν
984 2227 1093 2322 ὑμῶν,
1109 2227 1168 2303 καὶ
1187 2227 1285 2302 δεῦτε
1304 2224 1362 2301 καὶ
1379 2226 1478 2301 διαλε

421 2358 443 2397 “
462 2347 558 2450 λέγει
575 2347 717 2449 Κύριος·
738 2350 796 2426 καὶ
814 2345 876 2426 ε’ἀν
895 2343 986 2427 ῶσιν
1004 2351 1041 2426 αἱ
1060 2347 1227 2449 ἁμαρτίαι
1247 2348 1345 2444 ὑμῶν
1362 2348 1410 2428 ῶς
1429 2353 1478 2450 φο

424 2481 446 2518 “
465 2473 512 2555 ῶς
540 2471 645 2576 χιόνα
672 2476 844 2568 λευκανῶ,
873 2468 995 2549 ἐὰνδὲ
1022 2467 1113 2549 ῶσιυ
1140 2471 1227 2548 ὡσεὶ
1254 2468 1426 2564 κόκκινον,
1454 2471 1478 2546 ῶ

254 1605 297 1655 Fa.
308 1605 371 1655 xliii.

258 1685 296 1734 ²5·

394 2605 447 2657 ⁰“
466 2593 658 2676 λευκανῶ.”
689 2596 758 2696 ἐγώ
776 2594 892 2700 φησίν
911 2601 990 2697 εἶμι,
1004 2596 1084 2696 περὶ
1102 2593 1145 2672 οὗ
1162 2591 1275 2673 πάλιν
1294 2589 1399 2674 αάτός
1416 2625 1478 2670 ποι

256 2711 380 2776 Ib·¹¹·⁹‘
424 2720 445 2798 ὁ
472 2716 663 2824 προφήτης
680 2716 841 2800 Ἠσαίας
863 2726 884 2762 “
898 2717 979 2796 Ἐπ’
1000 2715 1082 2818 ὅρος
1110 2713 1256 2820 ὑψηλὸν
1281 2713 1435 2814 ἀνάβηθι
1463 2715 1478 2791 ό

259 2788 299 2827 ss·

425 2853 447 2891 “
463 2839 688 2944 γελιζόμενος
703 2839 808 2936 Σιῶν,
821 2841 977 2945 ὔφωσον
995 2845 1040 2944 τῇ
1060 2839 1163 2942 ίσχύῖ
1178 2835 1245 2937 τὴν
1258 2835 1382 2942 φωνὴν
1396 2838 1415 2914 ὁ
1434 2837 1478 2914 εάι

427 2974 449 3012 “
467 2962 611 3066 ζόμευος
625 2961 877 3066 Ἰερουσαλήμ·
908 2961 1095 3068 ιἰφτύσατε,
1113 2959 1163 3060 μὴ
1183 2965 1369 3065 φοβεῖσθε·
1399 2958 1471 3038 ἰδοὺ

426 3097 449 3135 “
467 3089 578 3186 ὑμῶν,
606 3083 683 3165 ἰδοὺ
713 3083 846 3187 Κύριος
874 3082 963 3182 μετὰ
991 3081 1118 3188 ἰσχύος
1145 3082 1298 3186 ἔρχεται,
1330 3083 1386 3160 καὶ
1414 3082 1478 3171 ὁρ

426 3221 447 3258 “
465 3209 556 3308 μετά
572 3209 706 3311 κυρίας·
739 3205 814 3286 ἰδοὺ
832 3209 852 3286 ό
870 3205 1002 3305 μισθὸς
1021 3207 1130 3285 αὐτοῦ
1146 3205 1221 3304 μετ’
1242 3206 1361 3301 αὐτοῦ,
1379 3207 1436 3283 καὶ
1454 3239 1478 3282 τι

427 3343 448 3380 “
466 3331 617 3410 ἐνώπιον
636 3331 756 3410 αὐτοῦ.
786 3333 834 3414 ῶς
851 3329 985 3428 ποιμὴν
1002 3334 1172 3426 ποιμανεῖ
1186 3325 1227 3406 τό
1245 3328 1408 3424 ποίμνιον
1425 3327 1478 3404 αὐτ

427 3464 450 3502 “
468 3459 519 3558 τῷ
544 3453 711 3555 βραχίονι
736 3453 845 3531 αὑτοῦ
870 3450 1020 3557 συνάξει
1044 3450 1165 3553 ἀρνας,
1186 3454 1245 3530 καὶ
1263 3452 1300 3529 ε’ν
1317 3453 1446 3551 γαστρὶ
1464 3451 1478 3526 ε’

259 3571 383 3700 ἕξω·
428 3583 451 3624 “
468 3573 749 3675 παρακαλέσει.”
787 3577 845 3653 καὶ
861 3575 975 3654 πάλιν
994 3584 1015 3622 “
1029 3574 1123 3653 Τότε
1142 3570 1416 3677 ἀνοιχθήσονται
1433 3573 1478 3676 ἀφ

395 3707 451 3774 d“
469 3701 630 3802 τυφλῶν,
663 3697 721 3775 καὶ
753 3692 829 3774 ῶτα
861 3701 994 3802 κωφῶν
1027 3693 1255 3786 ἀκούσονται,
1288 3693 1367 3774 τότε
1403 3695 1478 3772 ἀλεῐ

428 3829 451 3868 “
467 3817 607 3926 ἔλαφος
634 3820 654 3898 ὁ
683 3815 814 3923 χωλὸς,
837 3821 896 3898 καὶ
923 3818 1034 3922 τρανὴ
1062 3819 1165 3898 ἔσται
1192 3823 1355 3919 γλῶσσα
1380 3825 1478 3916 μογιλ

261 3931 371 3982 ”⁸¹³st
429 3943 500 4047 ε’γύ
527 3943 598 4048 εἰμί
623 3946 729 4048 φησι,
756 3943 837 4045 περὶ
866 3939 907 4020 οὗ
933 3939 1047 4021 πάλιν
1074 3940 1277 4044 γέγραπται
1304 3939 1359 4019 ὅτι
1383 3949 1404 3986 “
1420 3939 1478 4044 ’Eg

267 4013 287 4058 ι,
302 4011 325 4046 τ.

468 4213 491 4248 1.
509 4193 595 4264 φησὶν
606 4193 636 4248 οὗ
647 4190 815 4250 πιστεύοντες
825 4193 932 4248 inverso
944 4191 1038 4248 ordine
1050 4209 1074 4246 a.
1158 4209 1185 4263 3.
1204 4215 1255 4248 σου
1266 4193 1296 4247 τὸ
1308 4195 1365 4262 φῶς
1374 4191 1471 4245 inverso

430 4263 457 4316 8.
476 4262 540 4318 θεοπ
558 4265 605 4332 επῆ
617 4263 646 4318 ἕν
657 4263 703 4318 σοὶ
715 4263 756 4317 καὶ
769 4263 851 4317 πάλαι
863 4262 943 4318 edidi.
957 4262 1096 4333 θεοπρεπίν
1108 4283 1159 4316 σου
1174 4263 1216 4316 καλ
1231 4264 1312 4318 πύλαι
1326 4262 1357 4316 Β.
1369 4261 1478 4326 θεοπρεπῆ

432 4331 523 4386 Holnt.
538 4285 588 4388 ἐφ.
697 4349 738 4389 10.
757 4333 788 4402 δη
801 4333 879 4389 είπὸν
892 4332 925 4387 Β.
939 4332 991 4388 Ed.
1027 4332 1205 4386 Αῐιάιειπῶνῗ
1315 4347 1355 4402 13.
1371 4329 1478 4384 λούσασί

431 4400 482 4455 Ht.
497 4399 548 4454 Ed.
622 4401 727 4472 γίνεσθε
741 4401 790 4457 Ht.
803 4402 854 4458 Ed.
1007 4417 1048 4473 19.
1067 4400 1152 4471 ἀρος’
1197 4403 1246 4456 λὸν
1258 4400 1291 4456 Β.
1303 4400 1396 4472 ὄρους’
1423 4401 1478 4468 ηλοό

430 4486 473 4524 20.
491 4467 616 4536 τῇεάἱάἱ.
628 4472 675 4539 τὴν
687 4473 749 4540 (εἰσ)
763 4472 796 4526 Β.
809 4472 837 4526 ἒν
850 4471 898 4526 Ht.
912 4471 964 4527 Ed.
1046 4487 1089 4540 23.
1108 4471 1186 4542 ἔργον
1217 4471 1338 4534 4-αάτοῦ
1352 4471 1395 4524 Ηῐ.
1445 4508 1451 4523 .

429 4545 599 4608 assumptum
611 4555 642 4590 ex
656 4539 690 4594 B.
741 4542 891 4612 μογιλάλον
904 4541 1007 4612 Migne.
1019 4543 1190 4611 μονγηλάλαν
1203 4540 1236 4594 Β.
1248 4539 1321 4595 unde
1331 4541 1478 4612 μαγγιλάλωι
