3248 5112
105 333 175 400 xiv.
189 337 241 405 28.
388 340 442 406 m
472 341 505 407 S.
529 323 786 408 ιοΑΝαποι.
831 341 928 409 mn.
951 343 993 408 x,
1242 339 1304 403 511

106 505 159 585 είς
190 504 448 607 πληρεστάτην
474 505 661 604 εῦσέβειαν
691 509 910 608 ἀνακομίσαι
938 506 1004 588 τὸν
1034 505 1235 609 ἀυθρωπον,
1262 497 1335 582 τδο

109 629 262 725 Πνεῦμα
284 625 328 709 τὸ
352 633 448 711 θεῖον
468 633 615 730 δοθῆναι
641 639 854 735 παρακαλεῖ,
879 633 922 713 δι’
946 631 990 713 οδ
1014 625 1307 730 κατηλλαγμένοι

107 753 162 856 τῷ
180 754 264 858 θεῷ
281 754 340 833 καὶ
358 756 487 858 Πατρὶ,
506 753 598 859 πρὸς
625 756 752 863 φιλίαν
769 754 1053 857 ἀνακεκλήμεθα,
1071 752 1242 858 δραπέται
1264 747 1307 832 τό

107 873 197 974 πρὶν
219 875 502 980 ἀναδεδειγμένοι
528 878 587 959 διά
611 877 678 974 τῆν
695 880 752 987 ἐφ’
772 881 865 982 ῆμάς
888 877 1162 976 βασιλεύουσαν
1185 877 1305 978 ἁμαρ·

73 998 201 1080 5τίαν.
249 997 311 1086 δὸς
337 1010 527 1104 τοιγαροῦν
554 1000 620 1102 τῆν
647 1001 788 1106 εἰρήνην
815 1004 910 1104 ἡμῖν,
928 999 1100 1112 φησὶν,αἰ
1129 1001 1304 1097 δέσποτα,

108 1117 230 1201 πάντα
257 1121 329 1226 γάρ
356 1126 541 1210 ἀπέδωκας
568 1127 664 1226 ἡμῖν.
714 1129 774 1208 καὶ
806 1125 826 1207 δ
853 1127 1025 1224 βούλεται
1056 1130 1191 1225 δηλοῦν
1219 1120 1311 1204 εἶναί

111 1253 208 1350 φημι
244 1257 405 1331 τοιοῦτον
436 1251 593 1350 Ἐπίδος,
627 1254 753 1359 φησὶν,
786 1247 816 1330 ὦ
845 1251 1021 1333 Δέσποτα
1052 1249 1118 1350 τῆν
1150 1247 1303 1353 εἰρήνην·

110 1369 321 1476 πάνταγὰρ
342 1372 435 1480 ἔχειν
453 1373 732 1478 ὁμολογήσομεν
750 1373 840 1472 τότε,
858 1371 1071 1458 ἐλλελοιπός
1088 1370 1125 1454 δέ
1143 1379 1306 1480 φανεῖται

110 1499 186 1576 τῶν
212 1499 360 1600 ἀγαθῶν
387 1497 489 1581 οὐδὲν
516 1505 568 1608 τῷ
595 1533 637 1602 γε
665 1497 769 1606 ἅπαξ
793 1498 1023 1606 κομισαμένιρ
1054 1495 1097 1578 τὸ
1124 1495 1306 1600 πλήρωμα

55 1647 97 1688 10
112 1624 291 1723 Χριστοῦ·
330 1623 466 1708 παντὸς
489 1621 562 1727 γὰρ
585 1620 778 1727 πλήρωσις
802 1625 953 1725 ἀγαθοῦ,
975 1623 1186 1721 κατοικῆσαι
1210 1617 1336 1700 Θεὸνε
1364 1634 1477 1693 ΒΜΔ.

111 1746 151 1824 ἐν
184 1745 268 1844 ἡμῖν
302 1745 361 1827 διά
396 1755 460 1827 τοῦ
497 1745 717 1848 Πνεύματος.
745 1815 750 1820 .
775 1745 895 1847 ἐπειδὴ
932 1748 1052 1828 τοίνυν
1089 1742 1307 1826 ἱκανώτατον

112 1866 262 1974 σφόδρα
292 1869 335 1950 τὸ
363 1869 513 1971 Πνεῦμά
545 1874 634 1970 ἐστι,
663 1869 783 1953 πάντα
816 1875 880 1972 τῆς
911 1869 1066 1956 διανοίας
1093 1867 1308 1973 καταραΐσαι

112 1992 280 2095 θόρυβον,
299 1997 358 2074 καὶ
374 2001 501 2075 πᾶσαν
518 1994 585 2096 τῆν
602 1997 641 2076 ἐν
658 1996 742 2096 ἡμῖν
759 1999 987 2099 καταργῆσαι
1005 1995 1150 2091 δειλίαν,
1164 1989 1309 2099 ἐφόδων

113 2113 239 2220 ὥσπερ
266 2123 315 2202 είς
341 2119 506 2221 ἀνδρείαν
531 2121 590 2199 καὶ
615 2119 814 2227 ἀταραξίαν
835 2117 878 2199 τὸ
902 2116 1098 2217 ἐπιτήδειον
1121 2116 1309 2198 ἐπιδώσειν

60 2264 99 2324 ¹5
113 2239 377 2343 ἐπαγγέλλεται
396 2240 513 2346 λέγων
532 2245 656 2352 Εἰρήνην
675 2241 730 2337 τῆν
747 2239 825 2349 ἑμῆν
842 2245 971 2352 ἀφίημι
989 2245 1077 2350 ὑμῖν·
1107 2238 1305 2349 μῆταριισ·

115 2363 222 2446 τίοθω
240 2365 329 2474 ἀμόν
347 2371 365 2462 ῆ
384 2361 511 2476 καρδία
528 2362 613 2475 μηδὲ
630 2361 801 2450 δειλιάτω.

110 2636 294 2705 Ἠκούσατε
320 2639 371 2708 ὅτι
397 2637 463 2714 ὲτώ
489 2631 582 2706 εἷπον
609 2633 683 2716 ὑμῖν
699 2637 837 2714 Ὑπάτιο
864 2636 918 2704 καί
943 2635 1079 2728 ἔρχομαι
1105 2632 1189 2724 πρὸς
1215 2633 1307 2712 ὑμᾶς.
1323 2642 1361 2700 28

1321 2746 1344 2810 b

171 2829 256 2934 Οὐχ
272 2827 401 2932 ἐτέρου,
420 2831 526 2936 φησὶ,
543 2826 755 2910 διεπύθεσθε
774 2826 945 2930 λε’γοντος
963 2823 1029 2926 τῆν
1047 2821 1134 2924 ἐμὴν
1152 2824 1311 2903 ἐντεῦθεν
1426 2907 1431 2916 ,
1452 2863 1455 2870 ·

114 2955 328 3056 ἀποδημίαν·
358 2951 522 3054 αι’πῆκοοι
551 2952 622 3057 γὰρ
650 2959 723 3032 τῶν
745 2955 839 3052 ἐμῶν
862 2947 1033 3055 ῥημάτων
1053 2945 1237 3052 γεγόνατε.
1277 2944 1316 3026 τί

61 3075 152 3156 ιοδέ
179 3078 261 3176 ὑμῖν
283 3075 553 3182 ἐπηγγειλάμην
577 3077 597 3154 ό
622 3075 823 3181 ψεύδεσθαι
849 3072 900 3173 μῆ
928 3071 1028 3156 εἰδώς
1040 3103 1051 3168 ;
1083 3069 1153 3173 ἐγὼ
1182 3067 1313 3172 ῦπάγω

117 3207 177 3282 καὶ
209 3200 352 3308 ἔρχομαι
384 3199 466 3308 πρὶς
495 3199 599 3303 όμιις.
654 3203 684 3277 εί
711 3196 776 3294 μέν
803 3195 866 3276 οῦν
893 3191 1150 3298 ἀπαρόκλητον
1179 3194 1262 3290 ῦμῖν
1291 3193 1312 3272 ὁ

116 3322 227 3427 λόγος
249 3321 423 3424 ἠπείλησε
444 3318 511 3421 τῆν
529 3319 732 3420 ἀποδημίαν
755 3321 814 3400 καὶ
840 3321 980 3419 διηνεκῆ
1006 3315 1072 3418 τῆν
1095 3313 1309 3425 ἀπόλειψιν,

116 3446 160 3548 ῆν
189 3447 306 3549 δήπου
342 3449 401 3527 καὶ
437 3443 539 3546 μα’λα
571 3443 663 3529 εἰκὸς
697 3445 755 3526 ἐπὶ
785 3441 901 3552 τούτῳ
935 3443 1020 3522 λίαν
1051 3438 1312 3546 ἀσχάλλοντας

117 3571 305 3678 ἀφορήτως
324 3569 367 3672 δῆ
386 3569 478 3676 ἔχειν
497 3571 557 3650 καὶ
581 3573 630 3654 είς
653 3567 828 3672 ἀκράτους
846 3566 1046 3668 δυσθυμίας
1064 3568 1308 3646 κατολισθεῖν·

67 3721 103 3780 25
117 3694 234 3795 ἐπειδὴ
259 3693 297 3775 δὲ
320 3693 410 3799 πρὸς
437 3696 527 3796 ύμᾶς
550 3691 652 3801 ἔφην,
672 3696 720 3778 ὡς
738 3695 802 3773 οῦκ
820 3692 1065 3790 ἀπελεύσομαι
1084 3688 1206 3789 μόνον,
1224 3683 1342 3767 ἀλλ’(ι

117 3820 171 3902 ότι
189 3823 248 3900 καὶ
270 3817 437 3926 ἐπανήξω
460 3815 553 3900 κατά
578 3815 710 3922 καιρὸν,
729 3816 768 3896 τί
783 3813 837 3916 δὴ,
857 3817 962 3923 φησὶ,
980 3812 1092 3913 μόνον
1111 3809 1153 3893 τό
1172 3818 1313 3892 λυποῦν

116 3950 192 4028 ταῖς
219 3943 355 4024 ἐαυτῶν
382 3942 549 4027 διανοίαις
573 3939 827 4045 είσοικίζοντες,
854 3938 897 4019 τό
924 3935 1084 4044 πεφυκὸς
1111 3933 1312 4040 εὐφραίνειν

116 4073 192 4152 ταῖς
220 4066 432 4168 ἀμνηστίαις
462 4065 617 4170 ὑβρίζετε
629 4097 641 4163 ;
677 4063 936 4168 ἀντεγειρείτθω
963 4065 1014 4168 τῷ
1042 4056 1241 4158 πλήττοντι
1268 4055 1311 4138 τῦ

118 4191 322 4296 θεραπεύειν
340 4189 443 4290 εἶδός,
460 4188 722 4272 ἀντιπαλαιέτω
747 4195 819 4273 τοῖς
843 4189 947 4268 ἀνιᾶν
968 4181 1172 4292 πεφυκόσιν
1196 4181 1219 4281 ἦ
1246 4189 1311 4262 τοῦ

153 4437 179 4493 6.
197 4435 322 4492 ἀπίδοιεν
333 4445 360 4492 et
371 4434 456 4506 pergit
467 4433 652 4504 ῦςγδροῦδδν
662 4436 709 4488 τοῦ
721 4435 800 4502 νόμον
811 4432 1033 4488 mammen
1048 4445 1130 4500 supra
1143 4425 1309 4496 umepess.

122 4523 161 4581 15.
180 4503 252 4578 ὑμῖν]
269 4514 297 4572 4-
312 4507 402 4594 ῦιτάγυ
413 4504 455 4560 καὶ
466 4505 576 4577 ἔρχομαι
587 4505 653 4576 πρὸς
666 4505 730 4574 ὑμεῖς
741 4520 773 4558 οι
784 4501 853 4558 infra
865 4499 897 4556 Ε.
1066 4515 1109 4554 22.
1127 4497 1264 4569 ἀπόληψιν
1275 4496 1309 4553 Ε.

120 4597 161 4652 29.
178 4575 429 4652 ἀντιπογγελλισθο
440 4575 474 4632 Ε.
