3248 5112
301 355 366 416 522
605 353 646 418 Β.
670 353 878 419 CYRILLI
909 353 1214 420 ALEXANDR.·
1371 351 1439 416 xiv.
1454 351 1508 418 28.

303 517 428 619 όρθῶς.
466 519 739 618 τετελειωμένοι)
766 517 839 622 γάρ
867 518 937 619 ἤδη
965 521 1024 598 καὶ
1051 526 1100 605 είς
1127 519 1238 622 πέρας
1265 518 1414 618 ἥκοντος
1443 521 1512 592 τοῦ

302 648 427 744 καιροῦ
464 642 521 721 ἐπὶ
557 646 621 742 τῆς
658 644 849 744 νοουμένης
883 649 935 751 τῷ
968 648 1170 746 Μονογενεῖ
1199 639 1393 734 κενώσεως,
1428 637 1513 736 ἤτοι

304 765 564 863 ταπεινώσεως,
586 767 650 846 οὐκ
674 766 718 874 ἐξ
739 763 791 846 οἵν
812 769 937 870 ὁρᾶται
965 767 1210 865 κεκενωμένος,
1229 771 1373 860 μᾶλλον
1397 759 1438 840 δέ
1466 759 1514 865 ἐξ

304 885 354 967 ὧν
378 890 458 968 ἐστι
486 888 578 969 κατά
606 889 721 996 φύσιν
739 888 844 981 Θεὸς,
871 889 1115 992 διακηρύττειν
1142 924 1180 969 τε
1207 885 1316 968 αὐτὸν
1343 888 1402 965 καὶ
1431 887 1507 964 ἐπι-

270 1011 494 1112 δγινῶοκειν
531 1015 719 1115 ἐπείγεται.
778 1013 1004 1116 γνωσθέντος
1041 1011 1113 1116 γὰρ
1151 1009 1256 1118 ἅπαξ
1289 1014 1348 1090 καὶ
1384 1037 1542 1110 παρα-5

303 1137 490 1240 δεχθέντος
524 1145 589 1216 τοῦ
627 1136 683 1218 ὅτι
719 1136 867 1240 γέγονεν
899 1137 1102 1239 ἄνθρωπος,
1136 1136 1203 1216 ἔδει
1235 1131 1364 1214 λοιπὸν
1395 1134 1513 1211 έκεῖνο

302 1258 540 1341 διδάσκεσθαι
565 1259 648 1346 τούς
672 1258 972 1356 πεπιστευκότας,
993 1259 1048 1340 ότι
1073 1263 1132 1340 καὶ
1157 1256 1249 1342 Θεὸς
1273 1254 1365 1337 κατὰ
1390 1255 1513 1362 φύσιν

301 1385 390 1481 ἐστὶ,
412 1383 471 1463 διὰ
496 1393 603 1466 τοῦτο
628 1391 775 1484 μᾶλλον
795 1390 870 1468 τοῖς
895 1383 1111 1487 θεσπρεπέσι
1136 1385 1217 1486 περὶ
1245 1383 1356 1462 αὐτοῦ
1380 1377 1512 1482 λόγοις

301 1503 325 1606 ἢ
344 1513 417 1592 τοῖς
435 1505 565 1612 ἑτέροις
582 1505 763 1616 ε’φήδεται.

357 1628 540 1734 Θαυμόζω
567 1629 605 1712 δέ
632 1630 730 1716 ὅπως
754 1633 819 1712 οὐκ
844 1635 999 1740 ἐρυθριᾷ,
1018 1632 1148 1735 λέγων,
1167 1633 1216 1714 ὡς
1243 1628 1386 1732 ἐπείπερ
1412 1625 1512 1727 μόνα
1529 1661 1565 1702 ιο

301 1753 348 1834 τά
365 1755 517 1856 ὁμογενῆ
537 1814 558 1853 ,,
569 1753 636 1854 τήν
653 1753 744 1858 πρὸς
762 1754 912 1855 ἀλληλα
929 1756 1124 1860 σύγκρισιν
1142 1754 1349 1860 ἐπιδέχεται,
1366 1750 1513 1854 ἀνάγκη

208 1861 216 1878 ’
302 1938 325 1976 ,,
337 1875 466 1962 αὐτοὺς
480 1879 720 1982 ὁμολογήσαι,
731 1879 786 1960 ὅτι
800 1881 820 1958 ὁ
834 1879 963 1982 Πατὴρ
980 1879 1107 1983 μείζων
1118 1883 1182 1978 τῆς
1195 1885 1259 1958 τοῦ
1274 1883 1514 1978 Μοναγενοῦς

302 1999 503 2102 ,θεότητος
522 2001 705 2108 ιἠτιίρχει.”
726 2003 790 2083 οὐκ
805 2002 1013 2084 αἰσθάνεται
1027 2002 1108 2109 γάρ,
1122 2006 1169 2086 ὡς
1186 2001 1289 2100 εἰκὸς,
1300 1999 1364 2081 τὸν
1377 2005 1512 2080 οἰκεῖον

272 2127 416 2233 οέαυτῷ
440 2125 641 2232 ἐξοπλίσας
666 2126 791 2229 λόγον·
820 2125 955 2229 λεγέτω
980 2126 1052 2231 γὰρ
1079 2128 1163 2226 ἡμῖν
1180 2127 1291 2206 ἐκεῖνο
1316 2122 1511 2228 χρησίμως

301 2250 446 2352 ἐρέσθαι
472 2251 708 2349 βουλομένοις
737 2255 785 2330 Αἵ
811 2249 903 2354 πρὸς
933 2251 1084 2350 ἀλληλα
1112 2255 1185 2330 τῶν
1212 2250 1384 2346 ὁμοειδῶν
1412 2280 1510 2348 συγ-
1526 2287 1563 2347 ¹5

300 2372 446 2474 κρίσεις,
465 2371 538 2453 ἀπὸ
556 2374 670 2454 ποίων
687 2381 834 2472 μᾶλλον
853 2376 1073 2462 ἐπιτελοῖντο
1096 2371 1418 2476 πρεπωδέστερονς
1448 2367 1508 2472 ἀρ’

300 2495 345 2600 ἐξ
367 2491 417 2573 ὧν
435 2501 518 2592 εἱσι,
537 2493 629 2575 κατά
653 2531 695 2599 γε
720 2496 783 2576 τὸν
801 2495 919 2577 κοινὸν
938 2500 1002 2596 τής
1027 2496 1173 2602 φύσεως
1197 2492 1362 2597 λόγον,ή
1388 2495 1434 2601 ἐξ
1456 2493 1510 2574 ὧν

301 2617 456 2696 ἕκαστον
479 2617 550 2722 ἔχει
575 2625 648 2698 τῶν
670 2618 744 2700 ὅσα
768 2620 1008 2723 προσγίνεταί
1030 2653 1069 2699 τε
1094 2621 1152 2700 καὶ
1176 2618 1399 2718 ἀπογίνεται,
1421 2620 1504 2698 ἐνυ-

300 2738 431 2843 πάρχει
458 2773 497 2820 τε
525 2745 583 2820 καὶ
610 2742 674 2821 οὐκ
702 2741 900 2847 ἐνυπάρχει,
924 2745 967 2822 δι’
990 2743 1103 2826 αἰτίας
1131 2742 1327 2843 εὐλόγους;
1365 2739 1440 2820 οἷον
1470 2741 1509 2820 δέ

301 2862 346 2961 δή
369 2896 405 2942 τι
433 2864 536 2969 φημί·
565 2865 769 2968 παραθήσω
797 2865 868 2968 γάρ
896 2868 1006 2946 ἐκεῖνο
1031 2863 1159 2961 λαβὼν
1181 2865 1268 2966 ὅπερ
1292 2861 1399 2948 αὐτὸς
1420 2864 1509 2963 ἡμῖν
1524 2905 1564 2946 ιο

301 2986 541 3084 είσκεκόμικεν
559 2994 608 3072 εἰς
625 2989 913 3090 παραδείγματος
931 2987 1056 3090 λόγον·
1093 2988 1143 3068 Εί
1164 3023 1218 3072 τις
1242 2987 1422 3094 ἀνθρώπῳ
1438 2985 1508 3067 τὸν

301 3110 490 3213 ἄνθρωπον
504 3110 674 3211 ἐθελήσω
693 3113 907 3216 συγκρίνειν,
920 3119 968 3196 είς
986 3111 1051 3212 μέν
1070 3111 1133 3192 τὸν
1150 3111 1213 3191 ἕνα
1230 3115 1288 3190 καὶ
1307 3109 1426 3190 κοινὸν
1439 3115 1508 3209 τῆς

136 3253 255 3312 849Δ.
273 3235 426 3318 οούσίας
452 3235 672 3341 ἀποβλέψας
696 3235 821 3337 λόγον,
842 3234 1008 3332 οὐδεμίαν
1026 3237 1078 3315 ἐπ’
1098 3237 1234 3340 ἀμφοῖν
1251 3236 1346 3336 εὖροι
1368 3237 1504 3339 διαφο-

300 3357 379 3461 ράν·
408 3356 487 3438 οὐδέ
511 3356 582 3459 γάρ
607 3358 795 3462 ἅνθρωπος
813 3357 1004 3462 ἀνθρώπου
1021 3359 1147 3439 διοίσει
1165 3357 1262 3453 ποτέ,
1281 3355 1373 3436 κατά
1394 3390 1438 3458 γε
1462 3357 1506 3438 τὸ

301 3477 389 3560 εἶναι
409 3479 499 3586 ζῷον
510 3479 670 3581 λογικὸν,
682 3478 823 3580 θνητὸν,
836 3489 899 3560 νοῦ
918 3484 976 3561 καὶ
993 3480 1193 3582 ἐπιστήμης
1212 3477 1381 3560 δεκτικόν·
1399 3480 1505 3566 οὗτος
1522 3525 1560 3586 ²5

301 3601 427 3703 γὰρέν
445 3599 595 3700 ἅπασιν,
609 3601 658 3688 εἷς
675 3639 714 3684 τε
732 3607 795 3702 τῆς
814 3603 939 3688 οὐσίας
957 3603 1175 3708 αὐτῆςιθρος·
1200 3604 1285 3684 ἀλλ’
1300 3603 1377 3684 οὐδ’
1393 3603 1506 3690 ἵππος

301 3723 413 3803 ἵππου
443 3724 519 3803 κατ’
545 3725 631 3805 αὐτό
658 3759 699 3827 γε
728 3724 903 3806 ταῦτατὸ
931 3726 1039 3811 ἵππος
1072 3725 1163 3808 εἶναί
1190 3735 1294 3833 φημι,
1323 3725 1506 3832 διαφέρειν

324 3844 340 3924 ἐ
372 3846 562 3950 ἄνθρωπον
591 3848 793 3952 ἀνθρώπου,
825 3851 908 3931 καθ’
937 3849 1063 3950 ἥντινα
1094 3853 1158 3932 οὐν
1186 3849 1399 3952 ἐπιστήμην,
1427 3850 1507 3932 οἷον

300 3969 604 4074 γραμματικήν,ή
630 3977 689 4052 καὶ
715 3974 798 4054 καθ’
818 3973 956 4078 ἑτέρους
980 3973 1080 4060 τινάς
1108 3977 1308 4056 τοιουτουσὶ
1332 3973 1502 4077 τρόπους.

300 4093 401 4174 ἀλλά
425 4105 539 4176 ταῦτα
563 4094 630 4194 μὲν
651 4098 718 4202 οὐχ
745 4096 879 4205 ἅψεται
904 4102 968 4198 τῆς
993 4097 1130 4196 οὐσίας,
1153 4098 1269 4179 αἰτίαν
1293 4096 1332 4178 δέ
1355 4105 1506 4198 μᾶλλον
1522 4143 1562 4201 30

300 4218 422 4320 ἑτέραν
441 4218 603 4325 λαχόντα
626 4221 802 4327 φαίνεται.
842 4220 945 4300 ἀλλά
970 4224 1029 4300 καὶ
1056 4222 1166 4306 ἵππος
1193 4223 1258 4322 μέν
1280 4221 1393 4303 ἵππου
1418 4225 1505 4325 δρο-

267 4357 288 4424 b
300 4341 503 4444 μικιότερος,
531 4341 554 4442 ἢ
589 4343 680 4423 κατὰ
708 4350 818 4444 σῶμα
847 4344 954 4444 μείων
982 4342 1004 4446 ἢ
1037 4344 1373 4448 περιπληθεστεμος,
1401 4345 1506 4446 πλὴν

339 4520 381 4630 ιχ.
400 4510 484 4564 κοινὸν
495 4511 541 4578 τῆς
552 4509 659 4595 φύσεως
671 4511 723 4568 hoo
735 4513 828 4568 ordine
840 4513 873 4568 Ε.
954 4529 996 4568 20.
1015 4510 1046 4582 δή
1059 4531 1113 4569 om.
1128 4514 1160 4568 Ε.
1232 4529 1276 4584 32.
1294 4513 1505 4640 mfflMOt'm·

301 4598 346 4646 ρος
383 4617 388 4631 .
401 4581 655 4651 πιριλειπιθεστεροτ
669 4582 701 4640 Ε.
713 4581 962 4655 περιλιπηθέστερος
974 4582 1025 4640 Ed.
1039 4607 1082 4658 γρ.
1094 4582 1311 4656 πιριλιπέστερος
1368 4625 1375 4638 .
1388 4601 1447 4657 mg.
