3274 5118
309 232 375 294 634
611 235 652 300 Β.
675 233 885 300 CYRILLI
914 233 1205 300 ALEXANDR.
1380 226 1446 292 xvi.
1458 240 1499 304 ιιΓ

309 399 373 496 τῆς
389 397 530 478 ἐκείνων
548 399 706 484 εῦκλείας
724 399 1042 500 μειονεκτούμενον.
1076 406 1224 480 τοιαῦτα
1245 395 1317 501 γὰρ
1336 393 1396 476 ἐπ’
1415 389 1501 494 αίσῷ
1588 478 1589 488 ,

309 522 580 629 πεφρονηκότας
605 521 803 626 εὑρήσομεν
828 522 912 608 τοῦς
936 530 1008 604 τῶν
1032 523 1217 604 Ἰουδαίων
1240 513 1461 621 καθηγητὰς,
1475 511 1503 590 οἳ

310 649 374 744 τῆς
402 647 584 742 εὐσεβείας
608 647 672 726 οῦκ
699 645 829 732 εἰδότες
855 645 897 728 τὸ
921 644 1134 752 μυστήρων,
1159 642 1297 750 συχνὰς
1324 645 1503 723 ἐποιοῦντο
1590 719 1591 730 ,

310 765 375 852 τὰς
411 769 503 850 κατὰ
540 778 604 850 τοῦ
634 774 799 874 Χριστοῦ
835 772 1054 877 δυσφημίας,
1086 775 1144 852 καὶ
1176 775 1250 853 τοῖς
1281 766 1370 869 παρ’
1407 762 1504 843 αὐτοῦ

1296 888 1307 919 λ
1361 887 1373 918 ἱ
1427 885 1445 916 U

144 905 263 964 om.
281 893 517 992 αλεγομένοις
535 892 601 994 τὴν
624 894 715 975 ἰδίαν
738 893 910 976 ἀπόνοιαν
932 894 1202 1002 ἀντεξάγοντες,
1220 925 1307 974 ποτε
1324 922 1397 989 μεν
1421 892 1525 989 (ΦΗ

143 998 226 1076 Βαρτι

143 1206 183 1257 5³·

141 1497 223 1576 Βορτο

143 1577 229 1628 vh4m

143 3811 182 3861 ιη.

142 1063 194 1114 vui.
208 1075 248 1128 ²5·
311 1048 404 1094 σκον
441 1026 462 1064 “
476 1015 530 1097 Σῦ
560 1017 614 1101 τίς
651 1013 684 1097 εἰ
696 1051 707 1116 ;
749 1017 922 1122 Ἀβραὰμ
964 1019 1120 1100 ἀπέθανε
1159 1019 1217 1097 καί
1253 1018 1287 1094 οἰ
1325 1012 1504 1117 προφῆται
1592 1093 1593 1110 ¹

143 1129 181 1177 lb.
193 1143 233 1194 52,

312 1140 374 1184 “2
416 1137 428 1168 Ι
608 1143 619 1172 ἱ
674 1140 685 1168 ἱ
743 1141 755 1172 Ι
846 1142 855 1170 ί
905 1141 917 1167 Ι
1053 1140 1066 1167 ἱ
1121 1137 1170 1166 ’λ
1251 1134 1261 1164 Ι
1441 1132 1451 1158 Ῑ

352 1144 543 1240 απεθανον,
562 1175 621 1221 και
638 1175 689 1221 συ
706 1151 822 1246 λεγεις
859 1146 938 1222 Εαν
956 1175 1011 1226 τις
1029 1176 1093 1222 τον
1111 1174 1199 1240 εμον
1215 1149 1331 1240 λογον
1358 1165 1505 1236 τηρησῃι

310 1270 333 1308 “
351 1263 508 1344 θάνατον
526 1265 568 1344 οῦ
595 1264 645 1365 μὴ
663 1265 722 1372 ’ἰδη
740 1271 789 1351 εἰς
805 1263 870 1345 τόν
897 1271 1022 1345 αἰῶνα·
1060 1265 1140 1346 τίνα
1167 1257 1322 1344 σεαυτόν
1338 1263 1455 1360 ποιεῖς
1468 1255 1504 1350 ;”

308 1383 397 1466 ποτέ
424 1383 463 1466 δέ
491 1385 604 1468 πάλιν
631 1386 697 1488 τὴν
724 1397 788 1469 τοῦ
816 1387 909 1470 κατά
936 1389 1059 1494 σάρκα
1082 1388 1206 1492 γένους
1233 1382 1430 1478 εύτέλειαν,
1457 1377 1507 1458 καί

310 1507 352 1589 τὸ
375 1510 460 1590 λίαν
485 1510 629 1611 ἀσημον
655 1513 693 1591 ἐν
714 1511 830 1620 τούτῳ
855 1510 1147 1615 κατονειδίζοντες
1174 1521 1197 1560 “
1211 1510 1296 1614 Ούχ
1316 1503 1396 1591 υἱός
1415 1507 1508 1584 ἐστιν
1520 1527 1545 1568 ¹0

311 1643 333 1683 “
350 1631 493 1740 Ἰωσὴφ
531 1633 646 1733 οὗτος,
681 1633 723 1714 οῦ
755 1635 853 1735 ἡμεῖς
890 1634 1034 1736 οἴδαμεν
1071 1633 1136 1716 τόν
1172 1633 1309 1738 πατέρα
1347 1632 1412 1710 καὶ
1448 1623 1508 1724 τὴν

310 1766 332 1805 “
350 1757 508 1860 μητέρα;
541 1763 619 1844 πῶς
638 1759 701 1838 οῦν
719 1755 816 1859 λέγει
834 1756 890 1838 ὅτι
911 1761 950 1839 ἐκ
968 1767 1032 1839 τοῦ
1050 1759 1201 1863 ούρανοῦ
1219 1754 1458 1854 καταβέβηκα
1470 1749 1506 1848 ;”

310 1882 396 1988 ὁρᾷς
424 1883 462 1961 ἐν
489 1879 628 1966 τούτοις
654 1883 859 1962 Ἰουδαϊκῶν
887 1881 1086 1983 ἀθλιότητα
1112 1887 1333 1984 λογισμῶν;
1375 1881 1509 1958 διακει-

275 2009 297 2076 b
309 2003 425 2104 μένων
453 2005 516 2084 οῦν
543 2004 709 2107 ἀροτῶν
735 2011 900 2104 πολλῶν,
930 2004 1120 2105 οἰηθέντων
1144 2037 1184 2085 τε
1215 2001 1308 2084 κατὰ
1338 1999 1507 2100 ἀλήθειαν

310 2130 374 2208 οῦκ
408 2125 496 2208 εἶναι
528 2125 624 2208 Θεὸν
656 2126 720 2208 τὸν
751 2126 902 2230 Κύριον,
935 2128 993 2209 διὰ
1025 2126 1068 2209 τὸ
1103 2129 1273 2232 ἐπίκηρον
1308 2128 1411 2207 τοντί
1448 2127 1506 2203 τοῦ
1518 2141 1544 2202 15

309 2253 479 2350 σώματος
497 2255 634 2356 σχῆμα,
654 2253 713 2332 καὶ
736 2251 1027 2357 χθαμαλωτάτην
1044 2255 1125 2356 περὶ
1145 2252 1255 2332 αὐτοῦ
1276 2249 1342 2350 τὴν
1365 2244 1503 2344 ὑπόλη-

307 2380 377 2482 φιν
415 2376 457 2454 οῦ
494 2375 782 2458 καταδεισάντων
819 2377 923 2472 ἑλεῖν,
960 2374 1167 2482 φανοτάτην
1204 2381 1279 2459 τοῖς
1315 2373 1434 2476 ἁγίοις
1467 2365 1505 2446 τὸ

309 2503 459 2595 Πνεῦμα
490 2495 557 2596 τὴν
586 2496 697 2604 δόξαν
728 2499 837 2579 αῦτοῦ
870 2503 1144 2607 καταφοιτῆσαν
1172 2498 1289 2579 ἐτίθει·
1337 2500 1398 2577 καὶ
1431 2491 1505 2596 οῦχί

308 2619 453 2705 πάντως
466 2617 598 2728 φαμέν,
612 2623 659 2704 ῶς
679 2619 723 2722 δὴ
737 2619 848 2720 μόνον
866 2622 992 2725 λόγοις
1010 2621 1137 2708 αύτούς
1151 2625 1352 2703 ἀναπεῖσαν
1365 2623 1505 2726 σοφοῖς,

308 2740 410 2824 ἀλλά
422 2747 481 2824 καὶ
494 2745 532 2824 ἐν
545 2743 724 2851 ἀποδείξει
736 2743 960 2848 πραγμάτων
973 2744 1039 2847 τὴν
1050 2744 1205 2827 ἑκάστου
1215 2747 1504 2852 πληροφορῆσαν
1515 2771 1543 2811 20

278 2866 479 2967 οδιάνοιαν,
502 2867 557 2949 ότι
580 2871 637 2948 καί
659 2866 752 2953 θεὸς
775 2871 1013 2971 ἀληθῶς,καί
1039 2869 1175 2973 καρπός
1193 2872 1274 2950 ἐστι
1298 2873 1361 2969 τῆς
1384 2865 1505 2949 οὐσίας

306 3001 371 3074 τοῦ
394 2998 490 3074 Θεοῦ
518 2996 575 3073 καὶ
601 2992 759 3098 Πατρός.
797 2996 850 3078 τίς
878 2995 942 3074 οῦν
970 2995 992 3094 ἡ
1020 2992 1213 3101 ἀπόδειξις,
1234 2991 1258 3094 ἢ
1276 2999 1354 3077 πῶς
1383 2993 1504 3073 εὐκλεᾶ

306 3120 365 3198 καὶ
393 3119 589 3221 περίοπτον
619 3118 728 3198 ἐποίει
761 3115 953 3222 Χριστόν;
999 3114 1207 3224 παράδοξον
1236 3115 1308 3220 γὰρ
1338 3119 1399 3196 καί
1430 3119 1502 3196 θεο·

306 3245 426 3343 πρεπῆ
459 3239 525 3340 τὴν
549 3241 605 3347 ἐφ’
633 3239 772 3322 άπασιν
799 3241 977 3346 ἐνέργειαν
1004 3240 1103 3346 ἕχον,
1131 3243 1191 3321 καὶ
1219 3240 1386 3342 τὴντῶν
1414 3237 1505 3319 ὅλων

307 3362 445 3464 εἴδησιν
480 3365 611 3466 ἀκριβῆ
652 3371 727 3450 τοῖς
764 3365 878 3468 ἀγίοις
913 3367 1123 3471 ἐμφντεῦον,
1159 3365 1258 3471 αῦτῶ
1293 3363 1360 3464 τὴν
1400 3362 1505 3470 δόξαν
1515 3383 1542 3443 ¹5

308 3486 608 3590 ἐπραγματεύετο.
641 3487 830 3569 ἀναθετέον
848 3487 920 3591 γὰρ
938 3487 1030 3595 μόνη
1055 3495 1100 3596 τῇ
1124 3495 1198 3570 τῶν
1223 3487 1321 3569 ὅλων
1343 3486 1505 3584 βασιλίδι

308 3608 430 3714 φύσει,
458 3607 501 3690 τὸ
530 3609 650 3691 πάντα
676 3610 812 3710 εἰδέναι,
835 3610 1069 3696 διδάσκοντος
1097 3609 1248 3710 οὐδενός,
1273 3616 1333 3692 καὶ
1356 3609 1452 3718 ἔχειν
1473 3611 1506 3688 ἐν

203 3768 208 3782 ·
250 3767 257 3782 ·
309 3733 526 3838 ὀφθαλμοῖς,
558 3731 678 3836 γυμνά
714 3767 753 3813 τε
790 3737 848 3814 καί
885 3735 1207 3840 τετραχηλισμένα,
1241 3741 1442 3840 κατορθοῦν
1472 3765 1505 3813 τε

275 3855 497 3955 (ἰδύνασθαι,
516 3860 575 3936 καὶ
591 3857 677 3938 λίαν
695 3857 859 3957 εὐπετῶς,
877 3865 950 3939 πῶν
969 3858 1057 3963 ὅπερ
1073 3856 1119 3939 ἀν
1136 3859 1317 3956 βούλοιτο.

365 3977 519 4086 Δοξάζει
547 3988 738 4085 τοιγαροῦν
764 3979 827 4062 τὸν
844 3980 934 4062 Υἰὸν
959 3985 980 4062 ὁ
1007 3982 1257 4087 Παράκλητος,
1275 3983 1453 4080 τουτέστι,
1470 3978 1542 4064 τός0

308 4105 397 4188 ἴδιον
415 4105 525 4184 αὐτοῦ
545 4110 708 4206 Πνεῦμα,
731 4104 851 4187 πάντα
871 4106 999 4212 ἰσχύον
1017 4109 1076 4188 καί
1093 4106 1213 4188 πάντα
1230 4103 1332 4192 εἰδός.
1373 4103 1505 4216 δοξάζει

347 4403 388 4458 ¹3·
405 4386 558 4456 ἀθλιότητος
572 4385 604 4442 Ε.
772 4399 814 4460 27.
833 4387 863 4442 τὸ
876 4395 1045 4460 assumptum
1058 4405 1089 4443 ex
1104 4387 1137 4443 E.
1318 4403 1401 4459 30-p.
1411 4387 1472 4460 636,
1483 4402 1504 4451 4.

309 4457 392 4514 citant
404 4477 431 4530 q.
443 4458 550 4514 νόμους
564 4457 657 4528 Epigr.
670 4475 696 4514 v.
