3184 5104
379 317 442 382 126
681 321 720 385 Β.
744 319 956 386 CYRILLI
984 319 1273 386 ALEXANDR.
1445 319 1495 384 vii]

213 491 336 610 fflfh·
382 492 404 529 “
424 483 548 566 καλόν.
589 487 631 566 ού
649 483 722 590 γάρ
740 485 888 567 δύναται
906 485 1053 588 δένδρον
1070 485 1210 587 ἀγαθὸν
1227 483 1385 590 καρποὺς
1401 517 1495 581 ποια]

385 617 408 655 “
423 613 550 706 ποιεῖν,
582 608 662 690 οὐδὲ
695 609 841 712 δένδρον
871 608 1017 711 σαπρὸν
1047 607 1205 712 καρποὺς
1237 605 1396 711 ἀγαθοὺς
1426 641 1495 688 ποιι

384 737 461 815 πῶς
479 733 543 813 οὖν
560 734 745 838 ἐνδέχεται,
762 740 909 832 μᾶλλον
926 731 964 812 δὲ
980 739 1059 816 πῶς
1077 733 1145 837 οὐχ
1169 731 1316 832 ἁπάσης
1339 733 1419 814 ἐστὶ
1443 767 1495 829 μω

352 854 598 954 δάνάμεστον,
631 854 695 936 τὸν
725 855 770 962 ἐξ
804 855 985 936 ἀθανάτου
1021 855 1238 958 γεννηθέντα
1271 854 1417 958 Πατρδς
1448 861 1495 934 θν

384 975 472 1060 εἶναι
489 980 650 1083 νομίζειν,
668 984 726 1059 καὶ
746 987 820 1064 τοῖς
844 980 1079 1087 ε’φθαρμένοις
1097 979 1300 1083 ἐναρίθμιον
1317 983 1495 1059 ποιεῖσθαι

383 1105 448 1183 οὐκ
466 1101 584 1184 εἰδότα
602 1102 766 1211 φθοράν;

400 1277 403 1284 ’
438 1275 528 1351 Ἐςὼ
555 1275 591 1342 δὲ
618 1270 692 1342 οἶδα
720 1277 827 1344 αὐτόν·
867 1277 920 1342 καί
947 1277 1005 1345 ἐὰν
1032 1274 1119 1344 εἴπω
1144 1279 1195 1344 ὅτι
1222 1277 1281 1343 οὐκ
1308 1271 1380 1343 οἶδα
1409 1275 1495 1343 αὐτὸ·

700 1394 816 1471 ἔσομαι
843 1393 966 1474 ὁμοίως
990 1396 1083 1472 ὑμῶν
1109 1397 1263 1474 ψεύοτιιο.

212 1527 319 1656 ῗέξᾞ,
439 1541 520 1620 Ούκ
545 1539 767 1646 ἐψευσάμην,
791 1545 917 1647 φησὶν,
935 1543 1119 1627 Ἰουδαίοις
1148 1542 1265 1644 λέγων
1288 1552 1309 1588 “
1322 1539 1413 1621 Ἐάν
1434 1574 1488 1622 τις

382 1673 405 1710 “
423 1662 510 1764 έμδν
534 1663 647 1765 λόγον
671 1663 814 1769 τηρήσῃ
843 1663 999 1745 θάνατον
1024 1668 1066 1746 οὐ
1093 1665 1144 1766 μὴ
1173 1666 1240 1745 ίδοι
1267 1671 1315 1749 είς
1341 1663 1406 1744 τὸν
1431 1669 1495 1742 αἰῶ

383 1787 534 1886 δύναμαι
576 1785 648 1890 γάρ
690 1787 975 1890 ἀπαθανατίζειν,
1014 1790 1157 1893 ἐπείπερ
1198 1786 1277 1868 οἶδα
1316 1797 1423 1868 τοῦτο
1466 1823 1494 1867 π

352 1911 556 2016 οίσχύοντα
588 1910 652 1990 τὸν
681 1911 725 2018 ἐξ
753 1911 862 2016 οὗπέρ
892 1918 973 2010 εἶμι,
1002 1909 1081 1992 οῖδα
1111 1912 1203 1992 κατὰ
1231 1911 1345 2019 φύσιν
1373 1911 1459 1990 ὄντα
1487 1939 1495 2013 ς

382 2035 446 2115 τὸν
464 2033 610 2137 Πατέρα
633 2033 696 2114 τὸν
714 2036 878 2132 ἐμαυτοῦ.
919 2037 988 2134 εἰμὶ
1013 2044 1204 2139 τοιγαροῦν
1222 2037 1297 2115 κατ’
1317 2038 1449 2115 ἐκεῖνον
1467 2069 1495 2114 κι

382 2155 451 2261 ζωὴ
480 2158 647 2259 δηλονότι
676 2158 767 2237 κατὰ
795 2157 920 2263 φύσιν,
948 2161 1006 2238 καὶ
1035 2156 1217 2260 ζωοποιύς.
1268 2157 1495 2260 ἀρνησάμενο

380 2280 423 2362 τὸ
450 2282 627 2363 δύνασθαι
650 2282 851 2386 ζωογονεῖν,
876 2285 924 2366 ὡς
952 2285 1094 2384 ἀγνοῶν
1119 2283 1249 2382 ἔσομαι
1273 2279 1336 2362 τάν
1357 2281 1495 2382 Πατέρα

381 2404 423 2486 τὸ
453 2405 541 2485 ’ίδιον
566 2411 630 2506 τῆς
658 2407 784 2491 οὐσίας
811 2406 903 2511 έχων
929 2405 1000 2509 ε’γῶ
1028 2405 1208 2508 ζωοποιεῖν
1233 2406 1395 2505 δύναμαι,
1419 2412 1495 2484 κοθι

382 2532 520 2613 ἐκεῖνος.
559 2531 687 2609 οὐκοῦν
704 2527 797 2634 ἔχειν
815 2529 880 2628 μέν
902 2531 1072 2633 ὁμολογῶ
1097 2528 1217 2612 πάντα
1241 2529 1288 2610 τά
1312 2532 1350 2610 έν
1367 2535 1418 2636 τῷ
1444 2533 1494 2608 Πι

382 2658 439 2734 καὶ
468 2653 544 2733 κατ’
573 2656 705 2734 ἐκεῖνον
733 2653 904 2758 ὑπάρχειν
932 2654 1095 2753 ἐμαυτὸν,
1124 2653 1427 2760 διισχυριζομενος
1455 2656 1494 2730 διι

383 2785 446 2857 τοῦ
483 2775 536 2872 τὰ,
562 2778 694 2858 ἐκείνου
727 2782 816 2881 δρᾶν
849 2777 1145 2882 ὑπισχνούμενος,
1180 2775 1255 2858 οἶδα
1291 2776 1436 2860 πάντως
1467 2813 1493 2855 α

383 2900 502 3002 λέγων
521 2900 558 2980 δέ
577 2900 627 3001 μὴ
647 2903 739 3007 ἔχειν
759 2900 1038 3005 ἀπαραποιήτιος
1059 2903 1096 2981 έν
1115 2903 1255 3009 ἐμαυτῷ
1279 2899 1326 2981 τά
1350 2910 1414 2981 τοῦ
1433 2905 1493 2980 Πα

382 3025 463 3122 ἰ’δια,
483 3019 639 3132 ψεύστης
667 3026 790 3132 ἔσομαι
819 3025 901 3106 καθ’
929 3027 1029 3124 ὑμᾶς,
1053 3027 1101 3109 ὡς
1128 3024 1179 3125 μὴ
1206 3022 1306 3108 εἰδὼς
1332 3023 1396 3104 τὸν
1415 3030 1492 3104 Πατ

348 3147 483 3235 ᾱάλλά
501 3151 559 3229 καὶ
579 3147 637 3229 ὅτε
656 3151 750 3256 φημὶ
768 3147 835 3248 τὴν
852 3146 918 3248 μέν
936 3155 1000 3227 τοῦ
1017 3147 1190 3251 Ἀβραάμ
1214 3151 1272 3226 καὶ
1290 3153 1363 3227 τῶν
1379 3154 1492 3253 προφι

382 3273 485 3353 οὐδέν
510 3270 598 3354 εἶναι
626 3273 747 3380 δόξαν,
763 3272 906 3375 ἐπείπερ
933 3269 1030 3370 ἦσαν
1053 3273 1092 3350 εἰς
1119 3275 1196 3372 γῆς,
1216 3274 1275 3350 καὶ
1303 3270 1485 3372 ἅνθρωποι

381 3397 508 3503 φύσιν,
528 3395 580 3481 οῖς
608 3401 664 3475 καὶ
692 3394 735 3474 τὸ
762 3391 1004 3492 ἀποθνήσκειν
1026 3395 1067 3474 οὐ
1095 3393 1211 3500 ξένον,
1232 3391 1299 3492 τὴν
1325 3393 1360 3471 δ’
1380 3391 1467 3492 ἐμὴν

381 3518 503 3627 δόξαν,
533 3518 575 3599 τὸ
607 3517 720 3598 ἀίδιον
749 3526 813 3598 τοῦ
845 3514 1002 3619 Πατρὸς,
1032 3521 1081 3602 ὡς
1111 3515 1213 3602 εἰδὼς
1242 3514 1307 3597 τὸν
1339 3517 1484 3619 Πατέρα

380 3641 526 3724 τοιαῦτά
553 3648 658 3750 φημι·
701 3641 819 3745 λέγων
838 3637 877 3719 δὲ
904 3639 959 3719 ὅτι
984 3639 1223 3747 φθαρήσομαι
1244 3641 1319 3720 κατ’
1340 3641 1489 3722 ἐκείνους

381 3771 445 3848 οὐκ
463 3769 531 3865 εἰμὶ
549 3771 600 3873 τῷ
619 3767 736 3868 Πατρὶ
756 3763 947 3862 συναῖδιος,
966 3764 1154 3870 ψεύσομαι
1171 3764 1253 3844 καθ’
1275 3765 1375 3860 ὑμᾶς,
1394 3766 1489 3865 ἀγνοι

380 3889 443 3972 τὸν
462 3890 506 3997 ἐξ
529 3889 638 3992 οῖπέρ
662 3893 730 3988 εἰμι
749 3889 909 3990 Πατέρα.
949 3885 1137 3991 ἀμήχανον
1154 3885 1226 3988 γάρ
1245 3884 1307 3965 τὸν
1325 3888 1364 3964 ἐκ
1387 3895 1450 3965 τοῦ
1474 3889 1489 3964 ε’

381 4017 439 4094 καὶ
475 4011 649 4098 ὡσαύτως
686 4011 829 4116 ἔχοντος
862 4011 925 4106 ἀεὶ,
958 4008 1008 4110 μὴ
1040 4011 1120 4115 οὐχὶ
1153 3999 1297 4093 πάντως
1331 4005 1421 4088 εῖναί
1448 4043 1485 4088 τε

381 4136 553 4221 ὡσαύτως
577 4136 670 4242 ἔχειν
694 4136 758 4214 ἀεί.
799 4132 912 4212 ἀίδιον
934 4132 1006 4237 γάρ
1033 4131 1075 4214 τὸ
1101 4134 1144 4240 ἐξ
1167 4135 1281 4213 ἀϊδίου
1306 4166 1487 4234 γεγεννημι

351 4261 631 4363 Θἁπλούστερον
663 4255 736 4362 γὰρ
768 4255 810 4338 τὸ
842 4257 1074 4361 προκείμενον
1106 4257 1274 4354 ἐκλαβὼν
1306 4260 1379 4360 ε’ρεῖ
1405 4291 1457 4340 τις

414 4427 441 4478 9.
459 4409 578 4464 Ἰουδαῖοι
592 4409 625 4465 Β.
640 4408 731 4464 Holst.
745 4407 896 4463 emendavit
908 4407 981 4462 Aub.
1079 4425 1120 4464 10.
1138 4407 1203 4482 ἴδοι]
1217 4407 1337 4480 θεωρήσῃ
1349 4426 1373 4462 ιι.
1470 4426 1486 4474 ι,

379 4499 455 4544 ναριιι
469 4477 501 4532 Β.
516 4479 564 4532 Ht.
578 4479 704 4534 δύνασθαι
717 4478 868 4533 emendavit
881 4488 912 4531 ut
923 4479 1033 4532 adnotat
1045 4481 1102 4549 ipse
1114 4481 1187 4535 Aub.
1287 4495 1328 4550 17.
1346 4479 1393 4548 μέν
1404 4496 1486 4533 asuuu

379 4563 411 4599 ex
426 4545 458 4600 B.
569 4549 663 4618 18,19.
683 4549 905 4616 ἐμαυτὸν-οὔτω
917 4549 1007 4602 omisit
1019 4549 1091 4604 Aub.
