3248 5112
132 296 262 367 xiv.28.
331 299 388 365 IN
419 300 453 366 S.
477 299 736 368 JOANNEM.
782 301 878 366 LIB.
903 299 944 367 X.
989 299 1140 367 CARI.
1265 301 1328 366 525

131 462 276 568 ἔχοντες
294 471 422 570 χῶρον,
433 466 534 547 άλλοί
552 469 611 548 καί
628 466 718 568 αῦτὴ
735 473 808 546 τῶν
824 465 937 569 ἁγίων
954 461 1159 568 ἀγγέλωνὴ
1177 465 1329 564 πληθύς·

133 587 434 691 κατηγορήσαμεν
463 589 500 672 δί
532 594 590 670 καῖ
622 588 757 676 παντὸς
790 591 894 692 ἁγίου
926 587 1064 686 λοιπὸν,
1095 585 1191 668 Θεὸν
1222 585 1331 666 αῦτὸν

132 708 228 789 κατὰ
265 711 380 818 φύσιν
406 711 585 816 εἰρηκότος
613 716 671 794 καί
703 711 886 813 ἀληθινὸν,
916 710 1081 812 μάλιστα
1116 709 1154 792 δὲ
1184 708 1331 791 πάντων

131 833 371 935 αἰτιασόμεθα
406 835 471 917 τὸν
500 835 674 941 μακάρων
705 835 875 937 Ἰωάννην
905 832 1069 939 εἰρηκότα
1104 837 1185 938 περὶ
1221 835 1331 914 αὐτοῦ

94 965 159 1037 5“
176 957 338 1058 Οἴδαμεν
359 958 415 1042 ὅτι
441 962 462 1040 ὁ
489 960 563 1046 νίὸς
589 969 654 1042 τοῦ
678 966 775 1042 θεοῦ
802 960 888 1061 ἥκει,
906 961 965 1040 καί
992 956 1120 1039 ἔδωκεν
1143 958 1228 1058 ἡμῖν
1249 956 1327 1038 διά·
1375 961 1497 1079 {sff-

132 1089 159 1128 “
177 1115 276 1162 νοιαν
293 1083 351 1164 ἵνα
374 1083 608 1186 γινώσκομεν
632 1083 697 1166 τὸυ
714 1080 885 1185 ἀληθινὸν
899 1081 1005 1181 Θεὸν,
1020 1085 1079 1164 καί
1098 1082 1209 1182 ε’σμέν
1225 1084 1263 1164 έν
1280 1087 1360 1190 τῷο

133 1214 158 1252 “
177 1207 337 1314 ἀληθινῷ
355 1209 463 1288 αῦτοῦ
476 1213 555 1317 Υἰῷ
566 1208 691 1310 Ἰησοῦ
709 1213 872 1316 Χριστῷ,
884 1207 987 1292 οὗτός
1005 1208 1105 1287 έστιν
1123 1207 1144 1286 ὁ
1160 1205 1330 1307 ἀληθινὸς

133 1336 159 1374 “
177 1326 270 1414 Θεὸς
288 1334 347 1413 καὶ
365 1331 435 1436 ζωὴ
454 1333 477 1434 ἡ
496 1333 668 1418 αἰώνιος.”
698 1337 728 1413 εἰ
747 1329 786 1412 δέ
802 1338 929 1412 πᾶσαν
947 1332 1037 1429 ὁμοῦ
1055 1329 1330 1428 δυσωπούμενος

131 1449 200 1532 τὸν
227 1451 469 1536 θεόπνευστον
495 1455 653 1564 γραφὴν,
676 1455 773 1536 Θεὸν
799 1453 911 1540 ὅντως
938 1453 1047 1536 αὐτὸν
1073 1461 1247 1558 προσερεῖ
1271 1457 1330 1534 καὶ

69 1575 307 1687 ιοιῦπάρχειν
325 1579 418 1659 οὕτω
436 1579 659 1678 διακείσεται,
677 1580 858 1660 πιστεύειν
875 1613 915 1661 τε
940 1580 1033 1660 οῦτω
1054 1584 1330 1678 μειανεκτεῖσθαι

131 1708 199 1780 τοῦ
219 1701 365 1806 Πατρὸς
382 1701 475 1783 κατά
492 1737 528 1783 τι
545 1711 635 1806 γοῦν
653 1703 748 1788 ὅλως
767 1701 1025 1803 ὑπολαμβάνει·
1054 1697 1109 1806 ἆρ’
1124 1702 1193 1806 οῦχ
1210 1701 1330 1805 ἕτερον

132 1822 219 1922 ἡμῖν
240 1823 457 1926 εἰσκεκθμικε
482 1825 588 1925 Θεὸν,
604 1830 668 1926 τῆς
691 1824 782 1930 πρὸς
806 1825 871 1907 τὸν
890 1826 1037 1930 Πατέρα
1064 1823 1225 1930 σχέσεως
1253 1831 1326 1931 φα·

132 1953 240 2049 σικῆς
267 1949 476 2055 ὁλοκλήρως
502 1947 784 2051 διακεκομμένον,
803 1952 862 2030 καί
887 1953 926 2030 ε’ν
948 1951 1018 2058 ἰδίᾳ
1043 1947 1108 2048 μέν
1129 1981 1198 2028 τινι
1222 1949 1327 2028 ναοῦ·

131 2106 241 2170 μενον
278 2071 489 2169 ὑποστάσει,
521 2071 572 2174 μὴ
607 2071 680 2173 μὴν
710 2069 920 2178 ἐνυπάρχειν
954 2077 1102 2178 τῇ,τοῦ
1138 2076 1234 2152 Θεοῦ
1270 2073 1329 2150 καί

75 2217 118 2280 ¹5
135 2193 282 2299 Πατρὸς
306 2196 439 2304 οῦσία;
471 2195 557 2277 ἀλλ’
576 2193 674 2295 οἶμαι
700 2199 813 2295 δῆλον
830 2193 947 2279 ἅπασι
971 2193 1014 2276 τὸ
1038 2191 1190 2298 πρᾶγμά
1213 2195 1358 2274 έστιν.ι
1386 2215 1448 2272 851
1458 2213 1498 2272 Δ.

132 2324 163 2398 εἰ
190 2317 262 2423 γὰρ
288 2318 389 2401 οῦδὲν
410 2321 536 2402 ἑαυτοῦ
562 2317 727 2424 μεΐζῦνῆ
755 2318 917 2418 ἔλαττον,
940 2320 1026 2400 ἀλλ’
1046 2317 1236 2402 ἐλάττονος
1263 2315 1329 2417 μέν

131 2475 228 2527 τινος
254 2441 372 2547 μεῖζόν
396 2478 431 2524 τι
459 2451 597 2542 νοεῖται,
621 2444 778 2548 μείζονος
806 2445 848 2524 δέ
870 2478 966 2530 τινας
991 2440 1155 2540 ἔλαττον,
1176 2439 1329 2545 πότερόν

131 2599 210 2651 πως
242 2567 306 2648 οῦκ
338 2567 478 2671 ἀνάγκη
509 2568 573 2648 δύο
603 2567 648 2669 δὴ
678 2566 821 2653 πάντως
851 2571 1078 2671 ὁμολογῆσαι
1108 2563 1209 2650 θεοῦς
1237 2564 1329 2646 κατὰ

133 2689 328 2795 φύσινκαὶ
352 2689 551 2792 ἀληθινοὺς,
570 2691 613 2772 ἵν’
633 2695 654 2773 ὁ
676 2690 741 2792 μέν
758 2697 880 2794 νοῆται
902 2690 1077 2795 μεῖζων,ῦ
1103 2689 1140 2770 δέ
1168 2688 1328 2771 ἐλάττων

79 2815 264 2909 zoam&
294 2817 421 2897 οῦκοῦν
439 2817 571 2922 οἰχεται
595 2815 660 2916 μέν
678 2814 747 2918 ἤδη
774 2819 833 2897 καῖ
856 2817 1116 2919 ἀνατέτραπται
1140 2815 1216 2894 κατ’
1235 2813 1325 2894 ε’κεί-

134 2971 215 3022 νους
242 2942 307 3038 τῆς
323 2940 544 3040 Ἐκκλησίας
571 2939 595 3040 ἡ
621 2940 756 3025 πίστις·
791 2939 885 3024 Θεὸς
912 2937 951 3018 δὲ
978 2940 1045 3043 οῦχ
1072 2936 1121 3037 εἰς
1148 2936 1205 3042 ἐφ’
1224 2935 1327 3035 ἡμᾶς,

133 3058 234 3140 ἀλλὰ
259 3060 323 3142 δῦο
349 3061 489 3144 λοιπόν.
527 3064 623 3148 τίνος
637 3063 700 3144 οῦν
718 3063 788 3166 ἄρα
807 3065 884 3142 ναοί
901 3061 1216 3168 κεχρηματίκαμεν,
1235 3057 1327 3140 κατοί

132 3180 197 3268 τὰς
214 3184 384 3294 γραφάς;
415 3185 439 3290 ἢ
458 3191 571 3288 δῆλον
588 3185 644 3267 ὅτι
660 3193 725 3267 τοῦ
748 3184 790 3267 τὸ
816 3186 905 3266 ἴδιον
924 3191 1073 3284 Πνεῦμα
1097 3191 1174 3268 ταῖς
1198 3183 1360 3284 fimi-b

132 3341 212 3412 ραις
236 3309 548 3412 ε’γκατοικιίταντος
571 3315 708 3418 ψυχαῖς
725 3342 736 3407 ;
767 3307 855 3390 ὅταν
873 3309 937 3390 οῦν
953 3306 1172 3414 εὑρίσκωμεν
1189 3310 1229 3389 ἐκ
1253 3313 1327 3388 τῶν

81 3449 120 3512 ²5
134 3437 234 3535 ἰερῦν
261 3433 493 3536 γραμμάτων,
520 3436 600 3541 οῦχί
628 3442 694 3516 τοῦ
723 3433 869 3538 Πατρὸς
897 3431 1018 3534 μόνον,
1045 3431 1147 3512 ἀλλὰ
1175 3437 1234 3514 καί
1262 3439 1327 3512 τοῦ

132 3561 221 3636 Υἰοῦ
255 3561 402 3656 Πνεῦμα
432 3557 638 3661 λεγόμενον,
669 3558 708 3640 τί
736 3557 986 3661 λογισόμεθα;
1029 3559 1068 3639 τί
1094 3555 1133 3639 δέ
1164 3561 1327 3661 προσῆκε

134 3684 300 3786 φρανεῖνς
329 3681 409 3760 τίνα
435 3688 508 3763 τῶν
529 3681 593 3762 δύο
620 3680 885 3787 παρωσάμενοι,
903 3681 967 3765 τὸν
988 3682 1107 3787 ἕτερον
1126 3679 1212 3762 εἶναι
1231 3679 1327 3761 Θεὸν

134 3803 308 3906 λέγομενς
334 3811 363 3885 εἰ
379 3803 446 3906 μέν
464 3806 528 3886 οῦν
544 3804 608 3886 δύο
627 3802 739 3904 θεοὺς,
753 3805 818 3886 τὸν
835 3805 974 3886 ἐλάττω
990 3839 1029 3885 τε
1051 3809 1110 3886 καί
1128 3803 1192 3884 τὸν
1209 3803 1326 3908 μείζω,

133 3927 424 4036 παραδεξόμεθα,
442 3927 554 4036 ἄμφω
570 3963 609 4010 τε
626 3937 702 4014 ταῖς
721 3929 903 4033 ἡμετέραις
924 3933 1061 4036 ψυχαῖς
1083 3927 1325 4030 ἐναυλίζεσθαι

83 4083 123 4142 30
135 4049 300 4157 φήσομεν
317 4049 377 4132 διὸ
393 4059 466 4132 τῶν
482 4053 579 4134 ἰδίων
596 4051 817 4152 πνευμάτων,
837 4055 914 4134 ναοί
936 4059 1027 4132 θεῶν
1044 4051 1113 4152 ἤδη
1137 4047 1355 4154 γεγονότεςο

134 4175 363 4277 άλωσόμεθα·
403 4176 467 4258 δύο
499 4175 538 4260 δέ
569 4178 653 4278 ἡμῖν
682 4179 810 4259 ένοικεῖ
831 4175 1027 4276 πνεύματα,
1054 4175 1171 4282 μεῖζόν
1197 4209 1237 4257 τε
1266 4179 1325 4257 καί

165 4377 193 4433 6.
210 4380 329 4450 γινθακιι
389 4379 593 4472 ἥγηνῦσκομρ
607 4378 660 4436 Εδ.
769 4396 811 4453 19.
827 4376 1023 4437 vahand.
1107 4394 1167 4472 ,να
1184 4379 1326 4506 zum!-

134 4447 319 4588 gffiffi
359 4467 676 4524 fflwmvm
688 4449 740 4506 Ed.
921 4466 965 4521 ²9·
982 4447 1185 4522 meum&
1223 4471 1326 4522 w·
