3248 5112
124 357 187 422 xiv.
204 373 254 440 27.
402 359 459 424 IN
489 359 523 425 S.
547 359 568 424 J
575 358 800 426 OANNEM.
847 359 943 426 LIB.
968 361 1008 426 X.
1260 359 1325 426 509

125 524 176 605 ἔτι
200 521 366 625 μάλιστα
391 526 616 635 φιλαιτάτων
638 525 813 628 ἀδόκητον
831 526 1016 628 ὑπομένειν
1034 525 1186 631 ζημίαν;
1218 526 1323 608 καθί-

125 681 239 750 στησι
266 651 385 731 τοίνυν
406 649 533 736 αὐτοῦς
559 651 659 758 λύπη
684 655 742 731 καί
771 651 878 759 φόβιρ
907 650 1197 754 τεταραγμένους.
1234 647 1325 753 πρό-

125 777 241 879 φασις
258 773 414 878 μὲνγὰρ
432 778 490 855 καί
507 773 585 880 ῥίζα
611 774 740 873 λάπης,
758 773 800 856 τδ
818 773 967 874 μέλλειν
985 775 1104 854 αὑτῶν
1120 777 1326 882 ἀποφοιτᾶν

126 897 184 975 καὶ
213 897 489 1002 αἰνακομίζεσθαι
519 896 610 1000 πρὸς
644 897 708 978 τὸν
739 897 896 1000 Πατέρα,
925 897 1129 997 δικαιοτάτη
1162 931 1241 982 πως
1270 895 1357 997 ἧν,ο

92 1019 276 1100 ᾶέποιεῖτο
303 1020 342 1101 δέ
368 1021 504 1124 μητέρα
530 1020 598 1122 τὴν
622 1023 784 1128 ὑποψίαν
809 1029 874 1102 τοῦ
900 1019 1019 1102 πάντα
1045 1021 1327 1117 πείσεσθαι,καί

125 1141 210 1221 λίαν
228 1144 386 1244 ἑτοίμως,
406 1145 448 1224 οῦ
473 1143 728 1248 συμπαρόντος
746 1146 807 1242 ἔτι,
824 1143 916 1224 κατά
942 1179 985 1248 γε
1011 1142 1077 1244 τὴν
1094 1146 1237 1250 ἐμφαιή
1262 1152 1327 1224 τοῦ

126 1265 296 1365 σώματος
334 1267 433 1375 ὄψιν,
465 1276 530 1348 τοῦ
567 1267 754 1372 διασώζειν
786 1266 988 1372 ἰσχύοντος.
1043 1274 1120 1351 πῶς
1154 1267 1191 1348 δὲ
1223 1266 1324 1346 καθί-

126 1389 315 1490 στησιν,ἢ
343 1391 422 1471 τίνα
449 1389 585 1494 τρόπον
606 1396 725 1477 αὑτοῖς
752 1391 794 1471 τὸ
822 1395 861 1472 ἐκ
889 1397 952 1490 τῆς
980 1392 1145 1490 εὐθυμίας
1173 1387 1327 1498 φαιδρὸν

126 1511 358 1616 εἰσοικίζεται,
379 1518 436 1594 καὶ
458 1514 549 1617 πρὸς
574 1516 671 1597 θείαν
689 1517 788 1600 αὖθις
816 1514 981 1618 γαλήνην
1000 1517 1020 1596 ὁ
1045 1524 1127 1599 νοῦς
1151 1511 1324 1596 κατευνά-

74 1635 246 1740 ιοζεταις
279 1633 415 1744 δίδωμι,
436 1642 563 1746 φησὶν,
583 1645 657 1746 ὑμῖν
680 1643 789 1747 εἰρήνην
811 1643 870 1720 καί
894 1645 1022 1748 ἀφίημι
1047 1643 1122 1743 ὑμῖν
1145 1639 1255 1744 εἰρήνην
1273 1635 1328 1730 τήν

127 1759 215 1862 ἐμήν.
271 1759 403 1863 εἰρηκα,
441 1766 548 1870 φησί,
584 1760 807 1860 πλειστάκις,
844 1765 892 1848 ὡς
926 1773 948 1811 “
961 1765 1026 1843 οὑκ
1062 1759 1198 1870 ἀφήσω
1235 1762 1327 1859 ὑμᾶς
1372 1767 1477 1884 323⁸.

129 1889 151 1928 “
167 1883 386 1988 ’ὀρφανοός·”
417 1886 502 1965 ἀλλ’
531 1884 742 1985 οὐδὲμόνοι
769 1885 835 1985 τήν
863 1891 933 1988 γῆν
956 1884 1119 1986 οἰκήσετε
1146 1892 1210 1964 τοῦ
1237 1890 1327 1984 βοη-

129 2009 278 2090 θοῦντος
302 2007 424 2112 ἔρημοι
449 2013 508 2090 καὶ
530 2011 670 2112 γυμνοί·
702 2010 902 2110 συνέσομαι
927 2009 998 2113 γὰρ
1023 2008 1135 2090 πάλιν
1154 2010 1249 2106 ὑμῖν,
1268 2007 1363 2089 καίδ

129 2127 232 2209 ἀπῦιυ
250 2136 303 2239 τῷ
329 2134 474 2232 σώματι
496 2136 682 2239 άνατειχιῶ
699 2131 813 2214 πάλιν
828 2139 906 2217 ταῖς
932 2133 1129 2231 εῦμενείαις,
1149 2135 1197 2216 ὡς
1216 2129 1325 2229 θεὸς,

79 2279 116 2340 ¹5
129 2251 205 2332 ἀνω
237 2253 397 2354 θήσομαι
429 2255 586 2360 θορύβου
612 2256 761 2354 παντὸς,
791 2257 975 2360 περιέσται
1002 2255 1041 2336 δὲ
1068 2260 1132 2355 τῆς
1160 2256 1329 2354 ὑμετέρας

129 2375 319 2472 εὐτολμίας
343 2378 467 2462 οὐδείς·
498 2385 569 2462 πᾶς
596 2378 668 2482 γάρ
696 2381 864 2479 ἀτονήσει
892 2379 1102 2486 φόβος,καί
1126 2377 1240 2458 δειλία
1263 2376 1329 2474 μὲν

130 2496 291 2578 ε’κποδάιυ
319 2499 516 2605 οἰχήσεται,
544 2503 621 2582 θεία
650 2502 694 2581 δέ
718 2536 771 2588 τις
800 2505 839 2582 ἐν
868 2503 950 2600 ὑμῖν
978 2503 1146 2582 οἰνατελεῖ
1170 2500 1327 2600 δύναμις,

130 2621 349 2728 σχολάζοντι
386 2631 437 2734 νῷ
473 2629 530 2706 καί
567 2626 782 2733 γαληνιιόση
819 2627 947 2734 καρδίη
989 2626 1196 2734 ξεναγοῦσα
1236 2623 1328 2727 πρὸς

131 2746 367 2855 ἀποκάλυψιν
383 2756 456 2830 τῶν
474 2749 562 2853 ὑπέρ
586 2751 811 2854 ἀνθρώπινον
828 2758 921 2832 νοῦν.
960 2759 1024 2831 νῦν
1048 2749 1085 2830 δὲ
1106 2744 1227 2854 δίδωμι
1253 2753 1327 2854 ὑμῖν

78 2907 117 2948 20
132 2873 250 2975 εἰρήνην,
269 2874 336 2978 οὑχ
361 2875 498 2971 ἀπλιῦς,
517 2875 602 2954 ἀλλ’
623 2877 730 2982 εἰρήνην
749 2873 803 2968 τήν
824 2876 911 2979 ἐμήν.
956 2881 1063 2954 τοῦτο
1091 2871 1129 2952 δέ
1156 2869 1201 2971 ἦν
1223 2874 1357 2975 ε’ναρ-ο

130 2999 204 3094 γιῦς
231 2994 332 3075 οῦδὲν
359 2997 477 3098 ἕτερον
504 3003 622 3094 εἰπεῖν,
650 2995 673 3097 ἢ
702 2997 757 3076 ὅτι
784 2996 981 3100 χορηγήσει
1009 2995 1052 3076 τδ
1080 3001 1241 3093 Πνεῦμα,
1269 2997 1327 3075 καί

130 3116 331 3217 συνείτομαι
349 3118 393 3199 δι’
411 3121 564 3218 ἐμαυτοῦ
582 3127 655 3203 τοίς
674 3119 875 3224 δεχομένοις
893 3117 990 3199 αὑτό.

173 3235 261 3320 Ὅτι
280 3241 351 3344 γιίρ
369 3243 392 3341 ἡ
409 3240 529 3344 εἰρήνη
542 3247 707 3345 Χριστοῦ
724 3241 767 3322 τὸ
783 3241 933 3338 Πνεῦμά
950 3244 1049 3320 ἐστιν
1061 3240 1179 3336 αὑτοῦ,
1190 3248 1327 3344 μακροῦ

130 3363 195 3462 μὲν
208 3361 306 3462 οἶμαι
324 3365 374 3465 μή
393 3368 534 3445 δεῖσθαι
552 3363 666 3468 λόγου
683 3364 774 3468 πρὸς
791 3364 1047 3471 πληροφορίαν
1060 3365 1117 3443 καί
1132 3361 1324 3470 ἀπόδειξιν.

77 3518 117 3580 25
130 3486 229 3587 πλήν
242 3491 353 3568 έκεῖνο
372 3486 484 3594 φάναι
503 3492 576 3568 δεῖν
595 3485 841 3586 ὑπολαμβάνω
857 3493 902 3567 Εἰ
922 3486 992 3591 γὰρ
1012 3486 1118 3571 αὑτός
1136 3487 1271 3586 ἐστινὴ
1290 3487 1327 3566 ε’ν

130 3618 205 3696 τοῖς
223 3615 385 3715 οὐρανοῖς
403 3608 523 3714 εἰρήνη
541 3614 599 3690 καί
618 3614 674 3692 ἐπὶ
692 3615 755 3711 τῆς
774 3615 851 3714 γῆς,
869 3617 948 3696 πῶς
971 3612 1036 3691 οῦκ
1061 3609 1107 3692 ἂν
1125 3611 1177 3711 εἴη
1199 3609 1328 3690 λοιπὸν

130 3737 243 3816 παντί
257 3770 308 3845 τερ
327 3733 447 3842 σαφές
464 3734 530 3834 ὅτι,
549 3731 710 3837 καθάπερ
728 3734 925 3837 εἰρήκαμεν,
944 3735 967 3834 ή
986 3733 1106 3840 εἰρήνη
1124 3734 1167 3833 δή
1185 3730 1328 3816 πάντως

131 3863 212 3940 ἐστὶ
230 3859 273 3940 τὸ
293 3865 443 3957 Πνεῦμα
462 3860 597 3958 αὑτοῦ;
629 3861 687 3940 καί
706 3867 795 3962 γοῦν
814 3859 833 3939 ὁ
853 3861 1048 3945 θεσπέσιος
1066 3863 1214 3942 Παῦλος
1236 3855 1327 3959 πρός

130 4017 229 4068 τινας
257 3985 327 4090 ἔφη
346 3995 369 4032 “
383 3985 456 4064 Καὶ
483 3985 506 4084 ἡ
534 3981 652 4086 εἰρήνη
681 3993 746 4064 τοῦ
775 3989 872 4066 Θεοῦ
902 3985 923 4084 ή
956 3981 1177 4084 ὑπερέχουσα
1207 3980 1356 4062 πάνται
1371 3995 1494 4122 gfff&

79 4141 118 4198 30
132 4117 154 4154 “
174 4115 258 4187 νοῦν
275 4106 474 4214 φρουρήσει
491 4105 556 4189 τὰς
572 4107 719 4211 καρδίας
738 4108 837 4200 ὑμῶν
855 4111 912 4185 καὶ
938 4103 983 4182 τὰ
1009 4102 1169 4202 νοήματα
1191 4103 1324 4202 ῦμιῦν.”
1373 4145 1396 4200 ⁷·
1458 4087 1483 4123 γ’

133 4227 247 4310 καίτοι
282 4237 361 4316 πιῦς
397 4231 438 4311 οὑ
474 4230 609 4312 δίκαιον
639 4234 777 4325 ε’ννοείν,
810 4232 859 4310 ὡς
891 4227 933 4305 οὑ
964 4227 1043 4330 περί
1075 4229 1227 4328 ταυτησὶ
1263 4230 1327 4325 τῆς

134 4353 274 4458 εἰρήνης
297 4359 361 4455 τῆς
384 4356 422 4434 έν
447 4360 498 4462 τῷ
522 4359 629 4460 κοινῷ
654 4349 843 4450 νοουμένης
868 4347 969 4458 λόγῳ
995 4383 1033 4430 τε
1060 4353 1117 4430 καί
1141 4349 1326 4454 πράγματι

280 4600 302 4638 1.
321 4581 440 4650 ὑπομένει
453 4581 484 4636 E.
716 4597 760 4651 30.
778 4578 924 4652 φρουρήσει
939 4578 970 4634 E.
984 4577 1121 4650 φρουρήση
1135 4575 1185 4633 Ed.
