3238 5114
94 343 271 412 x'vii.6·8.
310 347 367 412 IN
400 350 432 415 S.
457 349 713 417 JOANNEM.
759 349 939 414 LIB.XI.
985 346 1184 412 CARVII.
1240 345 1303 408 683

93 514 378 617 παρακατέθεικε
396 517 515 619 λέγων
534 528 556 566 “
570 519 619 597 ‘O
634 517 798 622 ἑωρακώς
822 520 882 616 ε’με
905 515 1036 620 ἑόρακε
1054 512 1118 594 τὸν
1138 513 1298 614 Πατέρα,
1347 521 1429 638 ξηρὴ

96 647 125 684 “
146 636 218 738 ε’γὸι
237 641 334 720 καὶὸ
353 643 483 746 Πατὴρ
501 641 699 742 ένέσμεν.”
1192 685 1196 700 ·
1348 605 1435 705 1123?

164 765 236 842 Καὶ
254 767 356 845 ταυτὶ
374 764 439 865 μέν
458 767 609 865 εἰκότως,
629 765 691 847 ἅτε
710 764 754 866 δή
773 769 831 846 καὶ
849 765 942 850 Θεὸς
961 762 1132 868 ὑπάρχων
1149 764 1187 842 ἐκ
1206 766 1303 841 Θεοῦ
1348 733 1388 784 ³⁰⁸

99 884 197 964 κατὰ
222 885 348 993 φύσιν,
367 889 574 992 ἀνηγμένως
598 924 637 969 τε
662 893 722 970 καὶ
747 895 952 994 θεοπρεπῶς
974 887 1065 992 πρὸς
1089 884 1153 967 τὸν
1177 888 1303 966 ἑαυτοῦ

54 1025 80 1087 5
103 1011 255 1114 Πατέρα
280 1014 410 1119 φησίν·
444 1014 677 1096 ε’ττισυνάπτει
704 1014 742 1096 δέ
769 1017 999 1120 παραχρῆμα,
1023 1011 1142 1114 λέγων
1165 1009 1329 1114 ἀνθρω-’

99 1135 298 1238 πινώτερον
316 1137 389 1224 Οῦς
417 1132 567 1224 δέδωκάς
596 1175 653 1244 μοι
684 1139 723 1219 ἐκ
751 1141 804 1219 τοῦ
836 1137 974 1243 κόσμου,
998 1141 1050 1218 σοί
1079 1131 1174 1230 ἦσαν,
1197 1141 1302 1239 κάμοὶ

103 1257 224 1344 αὐτοῦς
244 1253 408 1348 δέδωκας.
430 1262 628 1364 οἰησόμεθα
646 1259 759 1365 γεμήν
771 1265 872 1343 ταυτὶ
891 1260 934 1362 δὴ
953 1258 1065 1368 φάναι
1082 1257 1145 1340 τὸν
1158 1259 1304 1360 Κύρων,

103 1381 172 1484 οὑχ
200 1383 249 1464 ὦς
276 1383 347 1492 ἰδίᾳ
374 1389 433 1465 καί
460 1384 727 1488 μεμερισμένας
755 1385 1037 1484 ἀπονεμηθέντος
1065 1382 1159 1466 τινὸς
1191 1382 1304 1484 ἤγουν

103 1505 335 1610 διαφέροντος
363 1515 408 1614 τῇ
437 1509 631 1616 δεσποτεία
654 1517 719 1589 τοῦ
742 1515 838 1590 Θεοῦ
862 1512 920 1589 καί
945 1504 1139 1611 Πατρὸς,ὸ
1167 1505 1217 1606 μή
1245 1511 1303 1587 καὶ

36 1653 89 1695 10
104 1628 214 1707 αὑτοῦ
238 1628 348 1736 τυχόν
367 1634 446 1713 ε’στι
471 1641 535 1713 τοῦ
553 1639 655 1714 Υἰοῦ·
686 1631 861 1727 βασιλεὺς
888 1631 960 1736 γάρ
987 1635 1066 1712 ἐστι
1092 1631 1333 1734 προαιῶνιοςι
1355 1659 1421 1712 963
1434 1657 1469 1744 α.

103 1751 196 1832 κατά
215 1752 281 1854 τήν
298 1764 363 1836 τοῦ
380 1754 593 1862 ψάλλοντος
612 1753 748 1862 φωνήν,
765 1760 823 1838 καί
841 1760 905 1856 τῆς
922 1763 985 1836 τοῦ
1005 1753 1150 1856 Πατρὸς
1169 1759 1303 1836 δεσπο-
1346 1732 1472 1855 ἰίζιὺὑίιι

102 1878 199 1962 τείας
222 1876 332 1963 ἀΐδιος
356 1879 534 1964 κοινωνός·
567 1884 626 1960 καὶ
645 1889 734 1980 γοῦν
752 1883 773 1960 ό
792 1879 1007 1987 σοφώτατος
1026 1877 1303 1981 Εὑαγγελιστής
1349 1875 1388 1915 ²⁰¹

103 1999 272 2102 Ἰωάννης
290 2003 386 2111 αὑτῷ
403 2001 583 2110 διαφέρειν
601 2005 660 2084 καί
686 2001 894 2109 ιἠτεζεῦχθαι
918 2003 963 2082 τά
988 2002 1116 2100 πάντα,
1136 2007 1249 2101 δῆλον
1266 2001 1304 2081 δέ

104 2125 160 2204 ὅτι
179 2126 437 2220 βασιλεύοντος
461 2126 533 2208 σὺν
548 2129 645 2234 αὐτῷ
668 2136 731 2208 τοῦ
752 2126 907 2229 Πατρὸς,
926 2125 1175 2206 ἀναδιδάσκων
1194 2125 1301 2227 ἔγρα-

44 2269 88 2329 15
104 2255 174 2356 φεν
193 2259 214 2298 “
229 2255 294 2335 Εἰς
320 2249 366 2331 τὸ
393 2251 464 2331 ἴδια
490 2249 668 2351 ἦλθε,καί
696 2257 730 2332 οἰ
753 2251 833 2331 ’ίδιοι
855 2251 964 2331 αὑτὸν
985 2252 1027 2330 οὑ
1052 2247 1299 2352 παρέλαβον·”
1345 2233 1430 2350 ,Ὓ

11 2365 22 2374 ’
104 2373 175 2452 ίδια
201 2375 319 2478 λέγων
338 2376 447 2455 αὑτοῦ
474 2379 533 2454 καί
558 2375 639 2459 τοὺς
663 2373 771 2475 μήπω
796 2375 968 2459 συνέντας
991 2373 1109 2472 αὑτὸν,
1128 2376 1299 2453 ἀποσειο-

102 2497 229 2596 μένους
247 2498 284 2579 δέ
302 2497 427 2602 ὥσπερ
445 2503 509 2600 τῆς
528 2501 584 2580 ὑπ’
605 2500 702 2608 αὑτῷ
723 2499 913 2595 βασιλείας
934 2498 998 2579 τὸν
1016 2495 1134 2602 ζυγόν.
1175 2495 1246 2603 ἔφη
1265 2496 1303 2578 δέ

102 2619 317 2703 τὰτοιαῦτα
342 2626 428 2722 νυνί,
446 2621 604 2729 φανερὸν
622 2624 732 2703 έκεῖνο
756 2621 931 2706 καθιστὰς
954 2629 1028 2707 τοῖς
1052 2621 1301 2725 ἀκροωμένοις,

103 2746 152 2827 ὡς
168 2741 266 2844 ἦσαν
283 2747 349 2846 μέν
366 2781 458 2832 τινες
482 2748 520 2827 έν
538 2749 628 2854 τῷδε
653 2750 706 2855 τῷ
731 2743 868 2855 κόσμῳ,
887 2745 982 2827 Θεὸν
999 2744 1064 2845 μέν
1081 2745 1145 2826 τὸν
1163 2747 1225 2827 ἕνα
1243 2749 1303 2827 καί

46 2897 89 2937 20
102 2867 276 2968 ἀληθινὸν
304 2871 380 2950 οὐδ’
409 2871 500 2950 ὅσον
527 2876 576 2955 εἰς
603 2881 689 2952 νοῦν
716 2870 909 2978 δεξάμενοι,
931 2870 1163 2973 λατρεύοντες
1191 2871 1228 2952 δὲ
1256 2877 1333 2976 τῇς)

102 2993 217 3072 κτίσει
246 2997 305 3073 καὶ
333 3001 407 3078 τοῖς
437 2995 629 3094 δαιμονίοις
656 2996 815 3076 καὶτοῖς
842 2997 1061 3088 διαβολικοῖς
1087 2991 1298 3095 εὑρήμασιν.

102 3116 187 3194 ἀλλ’
208 3121 237 3196 εἰ
262 3119 320 3196 καί
345 3115 410 3196 τὸν
427 3124 500 3197 τιῦυ
523 3117 621 3197 ὅλων
643 3119 707 3198 οὑκ
731 3113 869 3222 ᾔδεσαν
887 3115 1114 3220 δημιουργὸν,
1132 3115 1203 3224 ἔξω
1229 3151 1302 3198 που

101 3243 166 3338 τῆς
193 3241 363 3340 ἀληθείας
390 3239 629 3340 πλανώμενοι,
648 3246 745 3322 Θεοῦ
771 3239 884 3322 πάλιν
908 3237 1016 3340 ἦσαν,
1039 3240 1129 3322 καθὸ
1155 3239 1302 3322 πάντων

101 3365 181 3442 ἐστὶ
208 3362 396 3465 δεσπότης,
425 3367 474 3449 ὡς
502 3365 725 3468 δημιουργός.
767 3361 846 3444 Ι’ίδια
873 3362 945 3468 γάρ
971 3363 1018 3445 τά
1044 3363 1163 3446 πάντα
1192 3371 1300 3463 Θεοῦ,

50 3517 89 3580 25
103 3489 161 3566 καὶ
198 3486 299 3568 οὐδέν
334 3484 378 3568 τὸ
417 3485 590 3592 παράπαν
625 3490 663 3568 ἐν
699 3495 774 3574 τοῖς
812 3489 1004 3591 γεγονόσιν
1040 3491 1150 3585 ε’στίν,
1188 3487 1208 3568 ὸ
1250 3489 1301 3589 μή

101 3609 285 3711 δεσπότην
313 3611 385 3716 ἔχει
417 3610 482 3691 τὸν
511 3611 583 3708 ἕνα,
613 3613 672 3692 καὶ
710 3617 740 3691 εἰ
768 3611 819 3712 μή
849 3621 956 3692 τοῦτο
986 3611 1098 3717 τυχὸν
1123 3615 1228 3713 εἰδείη
1260 3611 1302 3694 τὸ

100 3733 257 3833 ποιηθέν.
295 3735 337 3814 οὑ
363 3732 436 3838 γάρ
464 3733 579 3836 δήπου
608 3736 698 3842 φαίη
725 3769 779 3820 τις
806 3731 861 3833 ἀν,
880 3739 929 3820 ὡς
952 3739 1016 3835 τῆς
1041 3736 1131 3816 κατὰ
1156 3737 1302 3817 πάντων

101 3859 215 3961 ἀρχῆς
238 3853 302 3938 τὸν
318 3863 392 3940 τῶν
410 3858 508 3939 ὅλων
527 3857 744 3962 δημιουργὸν
759 3858 1019 3963 παραιρήσεται
1044 3859 1085 3940 τὸ
1109 3864 1296 3957 πεπλανῆ-

100 3978 193 4058 σθαί
218 4014 327 4079 τινας,
358 3980 540 4090 ὑποζὲὑξει
572 3982 610 4063 δὲ
640 3989 786 4092 μᾶλλον
814 3986 872 4063 καί
902 3983 1077 4082 ὑποθήσει
1106 3981 1152 4061 τά
1180 3982 1300 4062 πάντα

49 4137 88 4194 30
101 4104 197 4211 αὐτῷ
223 4103 266 4184 τὸ
292 4106 335 4185 δι’
358 4105 468 4186 αὑτοῦ
494 4110 713 4206 πεποιῆσθαι
738 4109 796 4187 καί
820 4110 1003 4211 παρῆχθαι
1027 4104 1118 4208 πρὸς
1141 4105 1328 4206 γένεσιν.υ

100 4229 193 4308 οὑτω
220 4239 411 4334 τοιγαροῦν
435 4233 499 4330 τῆς
527 4231 696 4331 ἀληθείας
725 4229 888 4336 ἐχούσης,
909 4234 1004 4310 Θεοῦ
1031 4228 1096 4328 μέν
1118 4227 1213 4329 ἦσαν
1235 4237 1299 4310 τοῦ

139 4457 162 4497 1.
180 4441 372 4528 ποροκοτίθηκε
384 4441 509 4498 emendat
522 4443 625 4515 Migne.
733 4463 759 4509 4.
777 4441 935 4513 ἀνηγμένοις]
950 4441 987 4498 ta.
1001 4442 1165 4513 ἀνεωγμένως
1179 4439 1228 4495 Ed.
1242 4459 1298 4512 mg.

101 4512 408 4656 dgqymmffxhibetff.
464 4584 474 4654 )
520 4530 562 4568 τι.
582 4515 722 4585 τοῖςρτίιιι
735 4523 903 4584 assumptum
916 4531 947 4567 ex
963 4513 993 4568 E.
1110 4511 1154 4567 26.
1172 4515 1263 4568 τοῦτον
1276 4529 1299 4567 ο.

103 4599 117 4638 2
139 4623 145 4637 .
164 4605 350 4654 παραιτήσεται
376 4601 463 4642 errore
488 4602 512 4640 a.

659 4686 745 4748 4³2
