3274 5118
142 357 196 404 xv.
213 337 262 403 18.
357 337 416 403 IN
449 336 770 404 S.JOANNEM.
814 336 913 404 LIB.
936 337 979 404 X.
1024 339 1126 405 OAP.
1149 339 1197 405 11.
1277 339 1340 404 585

141 500 305 605 πρῶτους
332 501 460 589 αὑτοὺς
482 503 713 606 ἐπιλέγεσθαι
740 501 992 602 διδασκάλους,
1012 501 1113 584 ἀλλὰ
1141 503 1340 610 φθοῖνοντες

142 631 192 711 εἷς
209 633 315 707 τοῦτο
334 631 392 708 καὶ
410 626 475 708 τδν
492 629 592 709 ούπω
610 633 736 727 μαθεῖν
753 661 788 708 τι
806 634 887 708 τῶν.
896 627 1100 732 ἀναγκαίων
1117 627 1297 711 ἐθελοντα.

197 749 343 850 Ἐπειδὴ
372 750 411 832 δὲ
438 757 512 836 τοῖς
530 759 595 832 τοὺ
614 755 782 855 Σωτῆρος
806 751 907 850 ἡμῶν
924 749 1137 854 πρόσκειται
1155 749 1280 853 λόγοις
1297 749 1341 832 τό

134 869 211 954 Ἵνα
239 878 334 982 ὑμεῖς
360 873 519 978 ὑπιίγητε
550 880 610 957 καὶ
644 873 772 983 ιιιιρπὺι
800 871 915 982 φέρητι
947 884 1007 956 καὶ
1038 884 1054 957 ὁ
1087 872 1218 984 καρτὺς
1250 873 1340 983 ὑμῶν

110 994 234 1111 ομέιη·
275 999 314 1078 τί
331 1031 419 1078 ποτε
446 998 518 1104 ἄρα
543 1001 602 1078 καὶ
630 1006 738 1078 τοῦτο
765 1003 874 1098 δηλοῖ
898 995 1050 1100 ζητῆσαι
1076 997 1264 1102 προσήκει.
1304 997 1343 1078 τί

142 1118 214 1224 γὺιρ
229 1118 275 1202 ἂν
291 1128 406 1202 νοοῖτο
434 1126 493 1202 καὶ
519 1127 596 1206 πῶς
620 1120 663 1202 τὸ
690 1120 821 1225 λέγειν,
841 1119 895 1200 ὅτι
923 1120 1015 1226 μείει
1042 1127 1115 1201 τῶν
1133 1127 1304 1220 μαθητῶν
1323 1130 1368 1202 ba
1390 1138 1508 1194 894A·

145 1245 298 1348 καρπός,
327 1242 423 1345 οἶμαι
451 1246 579 1344 τοίνυν,
599 1243 654 1326 ὅτι
681 1243 821 1348 καρπὸν
842 1241 994 1344 με’νονταί
1021 1250 1138 1352 φησιν
1160 1245 1181 1324 5
1200 1244 1340 1348 Σωτὴρ,

142 1367 283 1450 τὸνδιὰ
306 1373 369 1469 τῆς
394 1370 626 1471 εὑαγγελικῆς
653 1366 882 1465 παιδεύσεως,
902 1370 960 1448 καὶ
988 1370 1067 1473 ούχὶ
1095 1372 1158 1467 τῆς
1186 1369 1223 1447 ἐν
1241 1366 1340 1475 νόμιρ

143 1492 378 1592 δικαιοσύνης.
415 1491 663 1574 πεπαλαίωται
691 1489 762 1595 γὰρ
789 1491 902 1592 ἐκείνη
932 1489 992 1572 διὰ
1021 1489 1063 1572 τδ
1091 1491 1202 1592 μηδὲν
1229 1490 1336 1572 δύνα-

91 1649 130 1690 ιο
142 1620 232 1695 σθαι
255 1624 429 1720 πληροῦν.
467 1617 668 1696 τετελείωκε
690 1613 762 1718 γὰρ
781 1616 801 1694 ὑ
821 1615 929 1714 νόμος
947 1611 1060 1714 οὑδέν,
1081 1614 1172 1696 κατὰ
1191 1613 1256 1715 τὴν
1274 1624 1338 1696 τοὺ
1385 1627 1479 1757 ἢ

144 1741 296 1823 Παύλου
324 1738 459 1846 φωνὴν,
487 1739 705 1820 ὑντανέθαλε
734 1736 772 1818 δὲ
802 1739 926 1842 ὥσπερ
958 1743 1017 1819 καὶ
1044 1739 1288 1844 ἀντανέκυψεν
1315 1741 1338 1839 ἡ

142 1861 256 1963 καινὴ,
279 1861 489 1944 παλαιοὺσᾶ
514 1897 554 1943 τε
581 1859 647 1963 τὴν
673 1862 820 1966 πρῶτην
847 1866 906 1943 καὶ
935 1863 1169 1970 ἀφανίζουσα,
1192 1868 1252 1944 καὶ
1275 1862 1339 1945 τὸν

144 1987 289 2085 ἀληθῶς
306 1986 458 2087 με’νοντὺ
485 2021 524 2068 τε
546 1990 604 2066 καὶ
629 1983 832 2088 σωζόμενον
850 1986 1072 2091 εἰσφέρουσα
1095 1989 1234 2095 καρπόν.
1267 2023 1340 2068 τοι·

143 2105 271 2212 γάρτοι
298 2115 358 2191 καὶ
387 2115 537 2194 Παῦλος
565 2110 648 2209 ἡμῖν
676 2111 697 2188 5
724 2109 918 2194 θεσπέσιος
943 2117 1181 2212 προσλαλῶν,
1209 2109 1373 2210 ἥδιστόῐ)

91 2265 131 2328 ι5
144 2265 184 2312 τε
200 2236 259 2314 καὶ
278 2235 430 2332 εὐμενῶς
456 2232 523 2335 τὴν
540 2235 578 2316 ἕν
597 2231 695 2340 νόμιρ
718 2232 947 2332 δικαιοσύνην
966 2233 1184 2336 ἐζημιῶσθαί
1205 2240 1337 2338 φησιν,

144 2355 203 2436 ἵνα
229 2355 382 2463 κερδαίνῃ
404 2354 579 2462 Χριστὸν,
598 2356 773 2454 τουτέστι,
796 2354 855 2436 διὰ
877 2356 1033 2440 πίστεως
1057 2361 1121 2456 τῆς
1145 2362 1193 2440 εἰς
1221 2356 1339 2456 αὑτὸν,
1385 2361 1496 2477 {hil-³⁵³·

145 2479 374 2582 δικαιοσύνην
400 2483 459 2562 καὶ
486 2481 734 2587 καρποφορίαν
756 2478 1004 2582 εύαγγελικήν·
1045 2485 1202 2578 διαμενεῖ
1223 2479 1294 2584 γὰρ
1318 2481 1341 2560 ὑ

146 2613 303 2690 τοιοὺτος
323 2605 383 2685 καὶ
411 2603 567 2705 διηνεκὴς
596 2604 700 2684 ἔσται
727 2601 873 2707 καρπὸς,
892 2601 1150 2706 πληρεστάτην
1168 2609 1217 2688 εἷς
1234 2602 1336 2682 εὑσέ·

145 2731 247 2815 βειαν
273 2723 340 2827 τὴν
366 2736 430 2809 τοὺ
458 2727 649 2831 αἰνθρῶπου
678 2725 804 2834 ψυχὴν
833 2729 1020 2808 ἀποτελεῖν
1048 2725 1251 2828 δυνάμενος.
1297 2727 1339 2806 οὑ

92 2889 133 2931 ιο
146 2848 218 2953 γὰρ
235 2859 308 2936 τοῖς
327 2853 569 2956 εὑαγγελικοῖς
587 2851 793 2955 κηρύγμασι
811 2851 913 2950 καινή
932 2885 984 2934 τις
1002 2849 1103 2953 ε’τέρα
1120 2853 1341 2954 παρεισδρα-

144 2979 261 3071 μεΐται
290 2978 474 3060 παίδευσις
501 2983 712 3056 παλαιοὺσα
741 2972 807 3074 τὴν
831 2973 987 3075 πρώτην·
1029 2972 1190 3075 καθάπερ
1217 2974 1341 3070 ἀμέλει

145 3095 293 3200 γε’γονεν
321 3101 379 3180 ε’πὶ
410 3101 485 3197 τῆς
512 3095 571 3177 διὺι
603 3097 791 3180 Μωυσέως
827 3098 988 3195 ἐντολῆς,
1027 3097 1113 3175 ἀλλ’
1145 3102 1193 3180 εἱς
1228 3101 1375 3176 αἱῶναο

144 3219 321 3321 στήσεται
347 3229 413 3302 τοὺ
431 3225 599 3324 Σωτῆρος
617 3221 637 3300 ὑ
655 3217 775 3321 λόγος,
795 3216 889 3299 καθά
911 3251 982 3298 που
1005 3219 1062 3299 καὶ
1089 3216 1195 3302 αὑτός
1224 3227 1341 3326 φησιν

123 3349 167 3393 ’“
184 3345 233 3425 ‘O
262 3343 411 3449 οὐρανὸς
439 3347 497 3424 καὶ
524 3343 547 3444 ἡ
571 3345 619 3446 γῆ
646 3340 917 3446 παρελεύσεται,
940 3346 973 3422 οἱ
999 3339 1038 3421 δὲ
1065 3339 1172 3445 λόγοι
1198 3375 1269 3441 μου
1297 3344 1339 3423 ού
1384 3345 1508 3475 {Q'

92 3501 130 3564 25
145 3477 168 3516 ‘⁶
185 3465 236 3570 μὴ
260 3467 528 3574 παρέλθωσιν.”

189 3711 225 3780 Εἰ
252 3713 271 3781 ὁ
299 3715 417 3790 κόσμοι
444 3713 527 3790 ὑμᾶο
553 3705 649 3792 μισεῖ,
676 3709 850 3784 τινὼοκετε
876 3713 928 3780 ὅτι
955 3711 1013 3789 ἐμὲ
1042 3711 1173 3802 πρῶτον
1201 3710 1291 3788 ἱμῶν
1357 3725 1391 3781 18

658 3835 824 3913 μεμίοιικε.

199 4007 277 4103 Τῆς
304 4007 378 4082 τῶν
406 4005 536 4103 ἲατρῶν
564 4001 741 4102 ἐμπειρίας
771 4002 828 4078 καὶ
861 3997 1041 4106 ἐξαιρέτου
1070 3997 1207 4102 τέχνης,
1239 3996 1341 4076 ούδέν
1408 4050 1417 4075 .

144 4123 242 4226 οἶμαι
274 4130 459 4209 παντελῶς
491 4123 715 4205 ἀποδέουσαν
748 4121 814 4222 τὴν
844 4131 920 4234 τοὺ.
942 4126 1111 4223 Σωτῆρος
1141 4118 1340 4224 εὑρήσομεν

90 4296 129 4354 30
142 4248 304 4351 με’θοδον,
328 4247 372 4350 ἣν
400 4249 455 4354 ἐφ’
485 4245 626 4353 ε’κύστιρ
653 4252 803 4326 ποιεῖται
830 4243 1031 4348 πράγματι,
1051 4242 1278 4348 πανταχόθεν
1295 4243 1373 4324 rad

180 4455 205 4504 4.
224 4435 334 4508 ὑπόγςτι
346 4443 373 4490 et
385 4433 478 4505 φύρετε
492 4433 525 4490 Ε.
691 4445 717 4501 5.
734 4429 804 4500 με’νει
817 4429 849 4484 E.
1010 4447 1036 4502 9.
1055 4429 1105 4502 γδρ
1118 4429 1151 4486 Ε.
1164 4427 1211 4496 μὶν
1222 4428 1272 4514 γδρ
1286 4425 1338 4482 Ed.

147 4527 189 4566 ια.
207 4509 330 4562 πολοὺσα
342 4505 408 4576 (εἰσ)
423 4504 455 4563 E.
673 4518 715 4558 ατ.
735 4503 788 4558 τοῖς
800 4515 849 4570 pro
861 4501 906 4570 τῆς
919 4501 951 4556 Ε.
1167 4498 1210 4554 28.
1228 4505 1279 4570 Της
1289 4502 1341 4554 τῶν

144 4580 239 4650 ἰατρῶν
250 4595 304 4634 om.
317 4577 349 4632 E.

187 4680 259 4728 τοι..
277 4679 314 4724 ιι.
727 4675 748 4736 4
764 4673 781 4716 ι
