3142 5118
376 315 442 380 210
577 409 583 421 ¹
679 315 955 383 mmm
982 263 1273 383 ALEXANDR.

376 480 583 582 ἐκκλησίαις
601 480 648 562 τὰ
670 481 729 563 διὰ
752 487 816 583 τῆς
841 485 1083 566 θεοπνεύστου
1106 487 1250 592 γραφῆς
1275 479 1497 584 παρακόμίζοι

376 603 551 707 δόγματα,
568 607 628 686 καὶ
656 605 780 711 ὥσπερ
805 606 884 688 τινδι
909 606 1050 714 τροφὴν
1069 604 1309 707 πνευματικήν
1333 605 1398 686 τὸν
1420 605 1497 704 εύαγ

377 725 479 808 λικόν
496 764 535 810 τε
560 732 619 810 καὶ
643 729 890 812 ἀποστολικῖιν
907 733 1159 836 παρατιθέντες
1184 729 1309 832 λόγον.
1351 725 1497 826 κατήκοα

246 933 250 940 ,
344 858 448 931 curm
474 852 645 934 τοιούτων
672 859 763 936 είσῖν
791 861 824 936 οἱ
850 855 1080 941 πιστεύοντες
1108 863 1157 941 είς
1184 851 1359 959 Χριστὸν,
1387 855 1446 932 καὶ
1474 853 1497 928 οῖ

375 975 529 1086 στρόφιρ
551 978 805 1082 διαπρεποντες
831 985 876 1084 τῇ
899 981 1032 1071 πίστει,
1051 989 1308 1085 παραιτοῦνται
1333 977 1370 1058 δὲ
1394 974 1485 1077 πρὸς

375 1107 448 1180 τῶν
475 1101 770 1208 ψευδοποιμένων
798 1102 933 1209 φωνὰς,
958 1106 1016 1184 καὶ
1045 1107 1093 1190 ὡς
1121 1103 1285 1208 ὀλέθριον
1313 1101 1497 1204 ἀποτρέπο

374 1223 501 1311 πόθος.
550 1228 589 1306 τί
617 1227 680 1306 οὖν
706 1226 777 1330 ἄρα
804 1225 846 1308 τὸ
875 1228 1044 1327 ἐντεῦθεν,
1072 1231 1146 1332 ἐρεῖ
1168 1263 1231 1326 τις,
1260 1235 1335 1311 τοῖς
1363 1231 1497 1328 Φαρισι

375 1349 689 1452 ι’τιτοδηλούμενον;
721 1350 887 1432 συνελὼν
906 1356 954 1436 ὡς
978 1355 1016 1432 ἐν
1038 1359 1172 1458 βραχεῖ
1191 1387 1231 1432 τε
1255 1357 1314 1432 καὶ
1338 1357 1497 1456 κεφαλαιι

375 1472 477 1584 λόγῳ
504 1474 618 1556 πάλιν
640 1477 721 1578 έρῶ.
761 1473 889 1556 ἑαυτὸν
910 1475 1126 1575 ἐπιδεικνύει,
1145 1479 1203 1557 καῖ
1228 1480 1291 1575 τῆς
1316 1475 1427 1572 αὐλῆς
1454 1471 1496 1550 κύ

375 1601 433 1678 καῖ
451 1597 551 1702 θύραν
569 1603 628 1679 καί
648 1597 790 1708 θυρωρλν,
808 1600 867 1680 ἵνα
886 1599 930 1700 δὴ
948 1597 1095 1698 μάθοιεν
1113 1603 1269 1704 ἀκριβῶς
1288 1603 1336 1683 ὡς
1358 1599 1424 1702 οὐχ
1451 1596 1497 1702 ἕξι

373 1726 437 1822 τῆς
462 1724 653 1826 ἡγεμονίας
678 1723 866 1827 ἱδρυμένην
891 1723 958 1824 τήν
981 1721 1128 1822 στάσιν,
1148 1730 1177 1804 εί
1205 1722 1256 1823 μὴ
1285 1724 1327 1802 δι’
1348 1724 1457 1802 αύτοῦ
1484 1755 1497 1800 τ

338 1848 507 1946 δταύτην
534 1845 646 1932 ῖόντες
673 1845 716 1928 τό
743 1845 938 1928 θεόσδοτον
966 1849 1079 1954 ἔχοιεν
1107 1847 1255 1951 ἀγαθόν.
1299 1847 1497 1950 προστιθείς

290 2079 294 2086 Ι
373 1970 429 2052 ότι
463 1969 509 2052 τὰ
540 1969 709 2075 πρόβατα
741 1978 815 2056 τοῖς
847 1973 948 2056 ῖδίοις
979 1972 1226 2054 καταπείθεται
1257 1970 1413 2071 ποιμέσι,
1444 1966 1497 2048 τιῖι

372 2099 555 2202 ἀλλοτρίων
573 2093 777 2202 ἐξάλλεται,
796 2094 910 2177 πόλιν
928 2097 1069 2202 εὐφυῶς
1088 2097 1326 2177 ὖπαινίττεται
1347 2098 1395 2180 ὡς
1418 2095 1497 2173 ε’πιο

373 2218 530 2320 πήσουσι
558 2219 624 2319 μέν
652 2221 815 2319 ούδαμῶς
845 2222 946 2300 αὐτοὶ
977 2227 1050 2300 τῶν
1079 2219 1290 2320 μελλόντων
1317 2218 1497 2300 πιστεύειν

374 2344 493 2442 αὑτὸν,
518 2343 757 2451 ἀποφοιτήσει
785 2343 823 2424 δέ
850 2341 965 2425 πόλιν
991 2349 1056 2445 τῆς
1084 2346 1168 2447 παρ’
1189 2345 1308 2430 αὐτοῖς
1337 2347 1497 2424 δικασκα

374 2465 421 2547 τὰ
438 2469 619 2572 πρόβατα,
641 2471 698 2548 καῖ
717 2474 791 2553 τοῖς
810 2469 852 2548 δι’
872 2469 982 2549 αύτοῖι
998 2468 1146 2568 ποιμέσι
1165 2470 1432 2572 προσκείσεται.

343 2729 506 2796 6Ταύτιιν
533 2729 593 2800 τιλν
619 2728 797 2820 παροιμίαν
824 2723 915 2796 εἶπεν
943 2725 1055 2796 αὐτοῖο
1080 2731 1100 2796 ὁ
1121 2728 1259 2796 Ἰασοῦς·
1300 2723 1419 2794 ἐκεῖνοι
1450 2728 1486 2793 δὲ

345 2941 364 2988 Θ
651 2856 798 2932 ἔτνωοαν
825 2855 897 2924 τίνα
924 2851 963 2922 ιἰν
990 2859 1011 2922 ἅ
1038 2857 1152 2923 ἐλάλει
1178 2851 1299 2923 αὐτοῖς.

431 3028 663 3112 “Απλοῦς
614 3063 687 3108 των
705 3030 819 3132 ἁγίων
838 3065 858 3109 ο
845 3028 999 3132 λόγος,
1013 3033 1071 3110 καὶ
1089 3034 1153 3129 τῆς
1165 3027 1358 3129 Ελλήνων
1375 3062 1494 3131 περιερ

208 3150 311 3204 ¹⁰⁰st
375 3153 668 3256 ἀπηλλαγμένος
706 3164 729 3200 “
747 3151 1048 3262 Ἐξελέξατο
1003 3188 1076 3257 γαρ
1112 3156 1133 3234 ὃ
1164 3152 1257 3238 θεὸς
1289 3152 1335 3232 τὰ
1371 3152 1478 3254 μωρὰ

376 3276 576 3377 “κόσμου,
602 3311 694 3358 κατα
722 3275 788 3377 τήν
820 3287 884 3358 τοῦ
914 3277 1067 3400 Παύλου
1099 3277 1283 3386 φωνήν,“”
1268 3313 1324 3356 ινα
1355 3311 1493 3356 καταισ

375 3399 499 3484 “τους
534 3400 711 3508 σοφούς.”
759 3407 1009 3507 κατεχρήσατο
1046 3403 1167 3481 τοίνυν
1198 3406 1250 3509 τῷ
1285 3405 1349 3500 τῆς
1387 3437 1492 3508 πωροι

376 3522 538 3625 ὀνόματι·
583 3533 690 3605 καλεῖ
722 3524 793 3628 γὰρ
826 3527 919 3605 οὕτω
952 3525 1017 3625 τὴν
1047 3524 1276 3629 παραβολήν·
1325 3524 1420 3630 τάχα
1453 3525 1492 3605 δέ

375 3648 545 3748 μέμικταί
563 3683 640 3732 πως
666 3651 719 3728 ἀεὶ
744 3657 818 3728 τῶν
835 3647 1005 3729 τοιούτων
1029 3649 1050 3728 ὀ
1079 3646 1264 3754 χαρακτήρ
1292 3649 1351 3728 καὶ
1376 3650 1419 3726 δι’
1440 3653 1491 3748 ἀμ

209 3793 325 3852 αθυι
346 3775 426 3858 ιὼς
448 3774 495 3876 νδι’
520 3769 597 3856 ἑνός
625 3778 753 3851 νοεῖται
781 3771 824 3852 τὸ
852 3771 1083 3874 δηλούμενον.
1126 3769 1225 3872 πλὴν
1247 3769 1357 3852 έκεῖνό
1385 3779 1490 3877 φαμε.

376 3895 618 4000 ἀποθαυμάζει
640 3895 790 4003 σφόδρα
808 3893 874 3996 τήν
894 3903 966 3977 τῶν
983 3897 1166 3976 Ἰουδαίων
1184 3895 1381 3976 ἀσυνεσίαν
1400 3898 1420 3976 ὁ
1439 3901 1490 3978 θει

376 4052 457 4102 σιος
476 4020 846 4122 Εύαγγελιστής.’ὡς
871 4017 943 4123 γὰρ
968 4017 1058 4120 αύτή
1086 4027 1158 4100 τῶν
1178 4017 1401 4124 πραγμάτων
1426 4022 1448 4117 ἡ
1474 4055 1489 4100 τ

377 4143 662 4248 διαμαρτύρεται,
687 4144 832 4247 πέτραις
860 4142 882 4246 ἢ
910 4143 1049 4252 σιδήρῳ
1076 4146 1340 4248 παραπλησίαν
1361 4143 1489 4248 έχουσι

412 4371 440 4425 3.
450 4354 626 4412 ἇποστολιιιὸν
638 4365 663 4410 ει
675 4357 843 4428 ιδυγγιλικὸν
854 4357 925 4412 inter
937 4373 965 4412 ιι
978 4365 1051 4411 trans
1072 4355 1165 4411 onita.
1236 4369 1262 4424 5.
1295 4359 1488 4428 assumptuu

380 4439 421 4494 13.
441 4426 648 4483 κατατίθεταιΒ.
662 4427 752 4482 ΗοΙςῑ.
765 4428 945 4483 καταπειθεται
960 4445 1037 4482 emen
1073 4427 1195 4482 vitreete
1211 4427 1308 4483 utvi.
1321 4427 1395 4482 Aub.
1408 4428 1443 4483 cs.
1457 4451 1487 4482 κο

377 4494 565 4566 θισθαιιιιρτα
596 4498 788 4570 .,2091in.7.2
876 4515 918 4570 23.
936 4495 1035 4570 τοίνυν]
1048 4497 1236 4553 δῖένταῦθαιι.
1325 4513 1370 4570 27.
1388 4499 1487 4554 α’ποθαι

379 4563 411 4616 B.
427 4564 476 4618 Ht.
488 4516 674 4623 οαιειιόόςίι
651 4585 665 4622 ς
679 4568 738 4624 Cat.
752 4578 783 4624 ut
794 4568 849 4625 v1d
862 4569 935 4626 Aub
