3118 5132
54 339 198 405 mun.
259 338 322 404 IN
353 339 671 408 S.JOANNEM.
716 341 898 409 LI'B.IX.
943 342 1045 410 ΟΑΡ.
1069 342 1097 408 Ι.
1213 343 1278 408 443

53 508 134 588 ταῖς
163 501 251 607 γὰρ
282 501 328 586 ἂν
351 504 402 605 ε’ίη
424 504 529 604 Θεὸς,
548 506 568 586 ό
591 503 641 605 μὴ
663 509 703 586 ἐκ
726 511 821 586 Θεοῦ
847 504 939 588 κατὰ
968 507 1082 614 φύσιν
1105 541 1274 609 γεγεννη-

55 627 198 724 μένου
240 627 346 730 πλὴν
374 631 485 711 ε’κεῖνο
515 630 670 734 λε’γομεν
698 627 795 712 Θεὸν
821 627 910 712 εἶναι
940 629 1014 738 φῂς
1043 630 1135 712 κατὰ
1164 631 1308 739 φόσινο
1329 653 1445 712 ΜΔ.

56 750 122 830 τὸν
142 750 263 833 Υῖόν·
297 759 377 837 ταῖς
402 755 464 833 οῦν
488 751 532 834 διν
554 752 606 855 εἴη
631 753 807 862 θεοφόρος
833 753 947 857 ἤγουν
963 759 1059 835 Θεοῦ
1083 753 1233 861 μέτοχος
1259 757 1279 836 5

58 874 158 954 κατὰ
186 874 313 983 φῦσιν
332 873 425 962 Θεός
436 909 448 974 3
480 876 560 958 οὐδὲ
583 877 655 981 γὰρ
679 877 723 957 ῦν
744 878 871 958 ἑαυτοῦ
894 877 1072 983 μετάσχοι
1096 880 1198 960 ποτέ·
1231 885 1280 987 εἰς

34 999 97 1077 Ξτί
122 997 204 1102 γὰρ
235 997 378 1100 οἰκήσει
404 999 499 1087 Θεὸς
526 1003 563 1082 ἐν
582 1006 676 1110 Θεῷ,
701 1005 750 1086 ὡς
778 1001 896 1105 ἕτερος
922 1003 960 1082 ἐν
983 1000 1115 1110 ἑτέρφ;
1151 1009 1181 1084 εὶ
1207 1001 1280 1108 γὰρ

60 1124 241 1204 τουτέστι
268 1122 364 1204 κατὰ
391 1116 505 1231 φῦσιν
530 1125 573 1205 τὸ
600 1124 803 1245 δεχόμενον,
822 1125 910 1230 θιτερ
937 1121 983 1205 ἂν
1007 1133 1124 1206 νοοῖτο
1152 1127 1280 1208 καὶτὸ

62 1249 247 1345 ἐνοικοῦν,
268 1249 359 1328 ποία
382 1250 447 1328 οῦν
467 1248 637 1350 λοιπὸνὴ
662 1254 728 1350 τῆς
748 1254 902 1355 μετοχῆς
926 1249 1065 1352 γε’νοιτο
1092 1250 1194 1354 χρεία
1206 1283 1218 1347 ;
1250 1256 1279 1330 εί

64 1368 265 1474 δὲῶσπερ
290 1369 399 1457 αὐτὸς
422 1370 581 1480 ε’νηῖκησε
605 1380 657 1483 τῷ
681 1372 832 1482 Παόλτρ,
854 1371 918 1455 τὸν
940 1373 1048 1454 αὐτὸν
1072 1373 1117 1474 δὴ
1144 1371 1281 1478 τρόπον

65 1497 122 1573 καὶ
150 1497 174 1573 5
204 1492 345 1598 Πατὴρ
371 1499 410 1574 ἐν
436 1497 542 1604 αῦτηῖ,
569 1504 647 1582 πῶς
679 1498 721 1578 οῦ
753 1494 927 1603 θεοφόρος
959 1496 1063 1577 ἔσται
1095 1496 1186 1578 κατὰ
1216 1495 1281 1578 τὸν

28 1643 55 1683 ¹0
68 1623 241 1716 Παῦλον,
261 1616 307 1700 τὸ
335 1617 423 1698 εἶναι
445 1618 539 1705 Θεὸς
562 1619 654 1702 κατὰ
679 1620 793 1728 φύσιν
815 1618 1010 1719 οὐδαμόθεν
1032 1621 1124 1727 ἔχων
1141 1621 1202 1722 ἔτι,
1221 1620 1280 1702 διῦι

66 1741 108 1822 τὸ
133 1747 350 1848 κρείττονος
377 1747 542 1843 δεηθῆναι
568 1753 632 1824 τοῦ
660 1746 877 1830 ἐνοικοῦντος
904 1750 1024 1841 Θεοῦ;
1064 1743 1139 1826 εἶτα
1166 1746 1330 1828 πάλινὸ,

67 1869 122 1947 ἐπὶ
152 1866 306 1952 τούτοις
336 1869 357 1947 5
384 1866 558 1970 γεννάδας
587 1869 671 1967 ἡμῖν
698 1870 824 1948 οῦτοσὶ
853 1877 1099 1971 προσεπινοεῖ,
1132 1873 1190 1950 καὶ
1221 1869 1280 1951 διὰ

67 1998 228 2071 πολλῶν
255 1991 484 2099 ἀποδείξεων,
507 1994 556 2076 ὡς
584 1993 783 2099 ὑπείληφεν
811 1992 927 2090 αὐτὸς,
949 1991 1014 2074 τὸν
1037 1998 1164 2073 οἰκεῖον
1189 1999 1276 2097 θρυ-

69 2125 158 2196 λοῦν
187 2121 361 2218 πειρᾶται
388 2113 513 2217 λόγον.
564 2115 667 2223 ἄξιον
686 2114 758 2220 γὰρ
785 2113 883 2217 οἶμαι
911 2115 970 2197 διὰ
996 2115 1143 2198 πάντων
1170 2118 1279 2196 αῦτοῦ

31 2259 58 2318 ¹5
69 2245 139 2319 τοῖν
157 2237 341 2344 ῥημάτων
358 2240 484 2337 ἐλθεῖν,
503 2241 563 2320 καὶ
581 2245 645 2340 τῆς
663 2240 813 2342 ἐνούσης
831 2241 927 2349 αὐτῷ
945 2238 1124 2346 θεομάχου
1141 2243 1280 2339 βουλῆς

70 2365 256 2443 άτλιῦσαι
276 2360 345 2462 τὴν
360 2371 499 2461 πεῦσιν,
518 2364 577 2485 ἵνα
595 2363 821 2469 διελέγχηται
837 2370 984 2472 σαφῶς,
1006 2363 1061 2445 ότι
1078 2371 1152 2448 τοῖς
1170 2365 1276 2465 ποιή-

70 2522 190 2584 μασιν
208 2488 416 2590 ἐναρίθμιον
433 2488 567 2568 τίθεται
592 2485 656 2568 τὸν
674 2491 876 2591 Μονογενῆ,
895 2491 954 2568 καὶ
977 2488 1280 2596 κεκομψευμέναις

71 2611 235 2696 ι’σιάταις
254 2608 322 2711 τὴν
339 2617 388 2696 εἷς
406 2610 515 2693 αὑτὸν
533 2612 704 2709 ἀσέβειαν
720 2611 939 2717 καταχώσας
957 2613 977 2692 5
996 2612 1161 2711 δείλαιος,
1183 2612 1309 2694 Θεὸνο

70 2735 135 2832 μὲν
161 2732 257 2815 εἶναι
285 2743 536 2838 συνομολογεῖ,
559 2739 622 2836 τῆς
649 2734 764 2838 γεμὴν
785 2738 931 2838 ἀληθῶς
959 2735 1137 2818 καὶκατὰ
1165 2736 1279 2844 φύσιν

34 2886 61 2928 ³0
71 2859 248 2960 θεότητος
275 2860 465 2956 ε’κπεμπων
487 2858 595 2940 αὐτὸν
619 2859 732 2940 οἴεταί
752 2894 830 2945 πως
852 2859 1030 2941 δύνασθαι
1053 2865 1177 2941 λαθεῖν
1197 2858 1280 2944 τοῦς

70 2989 118 3068 είς
137 2980 259 3081 αὐτὴν
276 2981 482 3076 βλέποντας
499 2981 565 3083 τὸν
583 2981 767 3082 ἀλήθειαν.

127 3105 278 3211 Γράφει
307 3106 426 3187 τοίνυν
454 3108 521 3186 ὡδί
546 3167 568 3204 ,,
581 3104 689 3186 Ἀλλ’
719 3104 844 3210 ὥσπερ
874 3108 973 3208 ἡμεῖς
1002 3109 1041 3188 ἐν
1066 3108 1162 3214 αὐτῷ
1191 3103 1281 3185 εἶναι

71 3293 92 3328 ,,
111 3228 325 3334 λεγόμενοι,
357 3233 485 3336 φησὶν,
517 3233 629 3332 ἀμιγῆ
661 3230 752 3333 πρὸς
788 3229 898 3312 αὐτὸν
929 3232 1056 3337 ἔχομεν
1086 3229 1153 3332 τὴν
1185 3229 1277 3311 ῦπό·

70 3417 91 3452 ,,
110 3379 273 3436 στασιν·
319 3353 383 3433 τὸν
414 3353 522 3434 αὑτὸν
554 3353 690 3456 τρόπον
720 3357 779 3434 καὶ
815 3356 837 3434 5
873 3352 962 3440 Υἱὸς
997 3357 1035 3434 ἐν
1072 3360 1123 3462 τῷ
1161 3358 1280 3460 Πατρὶ

32 3513 60 3572 ²5
73 3541 94 3578 „
111 3476 313 3584 τυγχάνων
331 3477 594 3580 διακεκριμεῦην
610 3484 675 3557 τοῦ
693 3475 867 3580 άγενήτου
885 3478 957 3584 ἔχει
974 3477 1041 3579 τὴν
1059 3479 1222 3559 οῦσίαν.”

127 3609 212 3685 Φεῦ
237 3633 281 3704 γε
306 3607 370 3680 τοῦ
394 3597 637 3700 τολμήματος·
668 3603 717 3684 ὡς
743 3600 856 3686 δεινὸς
878 3603 899 3682 5
921 3601 1044 3704 λόγος,
1063 3604 1123 3683 καὶ
1146 3599 1281 3702 μεστὸς

73 3727 263 3819 ἀπονοίας,
288 3721 499 3822 μᾶλλονδὲ
528 3723 749 3820 δυσβουλίας
777 3723 923 3828 ἁπάσης
951 3730 1009 3807 καὶ
1036 3726 1279 3832 ἀποπληξίας.

72 3849 342 3956 ἐμωράνθησαν
365 3847 478 3932 ὅντως
502 3846 706 3954 φάσκοντες
729 3844 817 3928 εἶναι
841 3851 964 3956 σοφοὶ,
983 3853 1042 3930 καῖ
1066 3852 1420 3966 φρονοῦντεςᾱξζωθ·

74 3979 170 4056 οὕτω
193 3975 279 4074 περὶ
300 3979 365 4052 τοῦ
385 3976 614 4073 Μονογενοῦς
635 3969 953 4076 τὸνάγοράσαντα
978 3972 1105 4056 αὐτοῦς
1123 3968 1275 4052 Δεσπό-
1322 3981 1438 4098 fif&

36 4137 65 4190 30
74 4133 137 4199 την
159 4095 381 4201 ἠρνήσαντο,
401 4093 493 4174 κατὰ
511 4091 553 4174 τὸ
571 4097 831 4198 γεγραμμένον.
867 4102 897 4176 εὶ
914 4093 981 4196 μὲν
999 4094 1071 4199 γὰρ
1088 4095 1278 4197 ἄνθρωπον

75 4221 167 4304 εἶναι’
195 4229 293 4327 φασι
325 4222 384 4300 καὶ
414 4219 476 4298 ἕνα
506 4225 579 4298 τοῖν
606 4220 688 4300 καθ’
714 4219 807 4318 ἡμᾶς
837 4219 901 4300 τὸν
927 4227 991 4299 τοῦ
1019 4224 1116 4299 Θεοῦ
1141 4216 1277 4319 Λόγον,

76 4347 178 4427 οὐδὲν
200 4344 251 4425 ἔτι
279 4342 323 4425 τὸ
352 4341 495 4423 ιεωλόον
520 4347 629 4422 εἰπεῖν
655 4344 768 4426 οῦτιος
795 4341 965 4448 ὑπάρχειν
988 4337 1098 4421 αὐτὸν
1122 4343 1160 4422 ἐν
1178 4345 1277 4449 Θεῷ,

109 4509 137 4565 8.
156 4505 266 4582 ε’τιρςηκε
280 4505 315 4562 E.
385 4574 393 4592 Ι
448 4520 503 4630 ἐφ.
520 4503 624 4574 πολλὴν
637 4503 669 4560 Ε.
820 4516 863 4574 ²5·
881 4501 1005 4574 όγενὴτου
1018 4501 1281 4576 οοπειί.άγεννι’μου

79 4577 129 4634 &L
200 4579 296 4635 οῦσίαν
309 4575 344 4632 E.
357 4595 436 4646 χοριν
493 4615 499 4630 .

637 4675 727 4742 3ου
