3184 5104
403 345 445 406 86
706 345 744 410 B.
768 345 979 410 CYRILLI
1008 345 1296 410 ALEXANDR.
1464 364 1477 406 ε

372 509 469 588 δτὸν
488 507 583 589 Θεὸν
601 507 732 612 Λόγον,
752 509 810 590 ὅτε
829 511 978 612 γέγονεν
996 511 1198 614 ἅνθρωπος·
1229 517 1336 589 τοῦτο
1355 505 1424 610 γάρ
1445 505 1477 584 έν

405 633 505 740 ἔδοξε
537 641 610 713 τῶν
642 635 800 714 ἀνοσίων
831 639 1026 736 αίρετικῶν·
1070 635 1268 740 ἐκλήψεται
1300 633 1337 714 δὲ
1368 637 1477 730 μὰλλι

403 758 611 842 ἀκολούθως
632 757 675 837 τὸ
697 758 890 860 εἰρημένον,
910 761 967 838 καὶ
987 759 1109 859 νοήσει
1127 758 1239 838 πάλιν
1258 758 1426 851 εὐσεβῶς.
1466 787 1477 832 ι

404 882 478 960 ε’πεὶ
505 885 650 986 συνῆψε
678 879 741 964 τάς
769 881 894 988 λέξεις,
914 879 956 960 τό
983 916 1021 962 τε
1040 879 1191 989 Ἐξῆλθεν
1214 885 1272 960 καὶ
1298 877 1341 959 τό
1360 876 1460 956 ’Ἥκω

404 1001 600 1108 ὁμόχρονος
618 1005 720 1084 ἔσται
738 1003 882 1088 πάντως
900 1013 944 1111 τῇ
964 1003 1101 1106 γενέσει
1120 1009 1183 1104 τῆς
1200 1003 1337 1106 σαρκὸς
1356 1005 1375 1082 ό
1395 1003 1433 1080 ἐκ
1453 1006 1477 1079 [

406 1127 536 1227 Λόγος,
555 1131 640 1208 ἀλλ’
661 1129 804 1236 ἑκάστῳ
829 1136 901 1209 τῶν
919 1129 1192 1228 σημαινομένων
1209 1128 1251 1208 τὸ
1275 1127 1411 1229 πρῶτον
1427 1127 1477 1202 διο

403 1285 528 1350 σομεν.
571 1251 719 1354 πρώτην
746 1253 812 1351 μὲν
840 1252 911 1354 γὰρ
944 1252 1010 1352 τὴν
1037 1261 1101 1332 τοῦ
1125 1253 1248 1354 Λόγου
1275 1252 1441 1354 γέννησιν
1468 1283 1477 1328 ι

405 1381 501 1454 Θεοῦ
527 1377 718 1474 νοουμένην
741 1373 906 1482 ἀνάρχως
933 1373 1022 1456 εἶναι
1050 1379 1109 1456 καί
1137 1376 1225 1478 ὑπὲρ
1253 1383 1337 1455 νοῦν
1356 1381 1477 1455 πιστεί

403 1495 458 1578 διδ
486 1503 544 1578 καὶ
573 1497 794 1602 προτέθειται
822 1503 858 1579 έν
884 1506 935 1607 τῷ
960 1497 1052 1602 Ἐγῶ
1081 1501 1120 1580 εἰι
1147 1503 1203 1579 τοῦ
1227 1502 1313 1580 Θεοῦ
1341 1497 1477 1607 ἐξῆλθον·

375 1623 559 1725 θδευτέροι,
587 1623 771 1703 τουτέστιν
799 1624 821 1723 ἡ
859 1623 951 1703 κατὰ
985 1621 1106 1726 σάρκα
1134 1619 1224 1703 Οὐδὲ
1256 1620 1325 1729 γάρ
1357 1625 1423 1702 ἀπ’
1455 1623 1477 1724 ἐγ

403 1745 559 1843 ἐλήλυθα,
583 1752 668 1826 ἀλλ’
690 1748 807 1833 ἐκεῖνός
830 1781 876 1852 με
901 1745 1113 1827 ἀπέστειλεν.
1154 1746 1364 1850 ε’σαρκῶθην
1390 1747 1469 1824 καθ’

404 1870 577 1966 τουτέστι,
609 1868 741 1972 γέγονα
772 1871 971 1968 ἅνθρωπος,
1005 1873 1042 1949 έν
1074 1871 1213 1976 εὐδοκίηι
1247 1903 1285 1949 τε
1318 1877 1382 1948 τοῦ
1416 1873 1477 1948 Θει

405 1991 551 2096 Πατρός
574 1995 756 2100 ἀφικόμην
775 1996 813 2074 ε’ν
833 1999 921 2100 τῶδε
948 2001 999 2102 τῷ
1024 1993 1151 2102 κόσμῳ
1178 1993 1429 2101 διαλεξόμενος
1456 1996 1477 2090 ὑ,

403 2115 502 2218 παρά
522 2122 628 2215 Θεοῦ,
649 2120 706 2196 καὶ
725 2117 918 2221 γνωρίσων
936 2121 1000 2197 οῦκ
1019 2118 1132 2198 εἰδόσι
1158 2117 1203 2198 τά
1229 2117 1369 2220 ὅσαπερ
1392 2119 1477 2224 αῦτη

402 2240 549 2342 γνώμην
579 2241 690 2322 ε’στίν.
739 2243 825 2321 ἀλλ’
855 2243 920 2320 οῦκ
950 2239 1176 2344 ἠγαπήσατε,
1207 2245 1313 2348 φησί,
1342 2240 1406 2321 τὸν
1435 2245 1473 2320 ἐκ

403 2366 484 2462 ὑμῖν
512 2366 764 2469 ἀναδειχθέντα
793 2364 1007 2465 βουλήσεως
1036 2371 1188 2469 Σωτῆρα
1221 2369 1279 2444 καὶ
1308 2364 1477 2467 ποδηγόν.

233 2516 350 2574 554A.
372 2491 465 2571 οοῦν
492 2487 542 2568 έτι
570 2497 795 2594 χρηματιεῖτε
823 2491 929 2568 τέκνα
958 2495 1065 2586 Θεοῦ,
1095 2487 1118 2591 ἢ
1147 2487 1238 2570 κατά
1266 2491 1345 2569 τίνα
1375 2487 1476 2591 τρόπι

401 2613 493 2717 πρὸς
525 2612 634 2693 αὐτὸν
666 2613 878 2712 οίκειότητος
915 2615 1185 2714 ἀποκερδανεῖτε
1218 2614 1284 2713 τὴν
1316 2610 1433 2719 χάριν,
1465 2648 1476 2692 ι

402 2741 511 2818 αὑτοῦ
538 2737 588 2837 μὴ
614 2735 856 2836 τιμήσαντες,
889 2735 982 2820 είκὸς
1010 2735 1047 2817 δέ
1073 2737 1117 2838 δή
1142 2773 1176 2817 τι
1201 2737 1314 2818 πάλιν
1333 2739 1476 2817 ῦπαινίτ

402 2859 465 2942 τόν
488 2861 633 2963 Κάρνον,
652 2865 708 2940 καὶ
736 2867 1031 2940 καθυλακτοῦντα
1052 2859 1169 2959 μάτην
1194 2864 1302 2940 αὐτοῦ
1329 2868 1403 2941 τῶν
1420 2863 1476 2941 'Im

401 2985 466 3064 τὸν
493 2990 607 3084 δῆμον
636 2983 886 3087 κατασιγάζειν
914 2985 1120 3085 ἐπείγεσθαι
1148 2991 1206 3065 καὶ
1239 2987 1297 3065 διά
1331 2991 1404 3064 τῶν
1432 3019 1475 3063 το

402 3107 583 3212 ῥημάτων.
633 3109 672 3188 τί
700 3106 738 3186 δέ
770 3108 840 3210 ἀρα
872 3105 915 3187 τὸ
947 3107 1240 3208 ῦπαδηλοῦμενόν
1267 3111 1362 3205 ε’στι,
1393 3111 1437 3187 δι’
1468 3145 1476 3188 ι

402 3236 560 3334 ἐροῦμεν.

461 3359 604 3436 Πολλοὶ
633 3353 732 3456 παρὰ
762 3362 836 3438 τοῖς
863 3355 1047 3439 Ἰουδαίοις
1079 3355 1142 3436 τόν
1169 3354 1235 3453 μὲν
1257 3362 1357 3442 θεῖον
1388 3356 1473 3457 παρ’

403 3479 591 3578 ἡγούμενοι
620 3476 750 3583 φόβον,
779 3476 1016 3581 θαυμάζοντες
1048 3478 1086 3558 δέ
1116 3483 1175 3560 καὶ
1204 3479 1463 3585 ἀποδεχόμενοι

402 3601 466 3687 τάς
490 3603 534 3708 ἐξ
555 3601 755 3705 ἀνθρώπων
773 3601 888 3700 τιμάς,
908 3609 966 3682 καί
990 3607 1153 3707 αἰσχρῶν
1172 3603 1374 3703 λημμάτων
1392 3605 1475 3702 ἡττο

234 3737 308 3852 {110¹}
318 3803 347 3853 16
368 3725 637 3832 οπροφητειίειν
656 3725 872 3823 ἀπετόλμων
890 3725 935 3804 τά
950 3736 972 3774 “
986 3728 1058 3806 ἀπὸ
1076 3727 1222 3827 καρδίας
1240 3729 1376 3808 ἑαυτῶν
1395 3739 1475 3806 λαλ

299 3841 305 3854 ’
349 3841 354 3853 ’
403 3861 424 3898 “
443 3852 501 3929 καὶ
522 3851 585 3929 οῦκ
603 3847 674 3928 ἀπὸ
693 3847 876 3948 στόματος
898 3848 1063 3950 Κνρίου,”
1078 3849 1172 3930 καθά
1191 3850 1402 3953 γέγραπται.
1440 3885 1475 3930 κι

233 4011 274 4064 ιη,
288 4027 325 4064 22,
402 3973 507 4058 αὐτὸς
526 3975 546 4052 ὁ
567 3970 714 4053 πάντων
733 3970 927 4072 Δεσπότης
947 3977 1114 4077 ε’πητιᾶτο
1133 3975 1252 4075 λέγων
1266 3987 1287 4020 “
1300 3975 1381 4054 Οὐκ
1401 3977 1475 4054 ἀπέι

403 4109 423 4145 “
441 4095 522 4181 τοῦς
542 4097 744 4203 προφήτας,
763 4096 827 4173 οῦκ
846 4095 1015 4191 ἐλάλησα
1032 4093 1122 4198 πρὸς
1141 4096 1279 4195 αὐτοῦς,
1299 4101 1357 4176 καὶ
1377 4099 1475 4177 αῦτοί

402 4232 422 4268 “
442 4221 631 4328 φήτευον·”
671 4215 772 4298 ἀλλά
800 4221 856 4297 καί
886 4218 1034 4320 δράσειν
1062 4219 1189 4305 αὐτοῦς
1218 4219 1265 4301 τά
1292 4219 1391 4301 δεινὰ
1421 4223 1474 4300 ἐπι

438 4450 461 4487 ι.
480 4433 509 4487 ἔν
520 4455 589 4490 τισιν
600 4433 680 4487 habet
695 4431 726 4486 B.
799 4445 824 4502 η.
844 4452 891 4486 του
903 4434 949 4485 τοῦ
964 4431 996 4486 B.
1009 4431 1055 4500 τὴν
1066 4437 1112 4487 τοῦ
1124 4433 1277 4489 emendavit
1291 4433 1382 4488 Holst.
1469 4452 1474 4488 ι

399 4503 471 4560 ἐστιν
482 4513 651 4574 asumptum
664 4521 696 4557 ex
710 4503 742 4556 B.
872 4517 913 4556 ιι.
932 4501 985 4556 κατ’
999 4503 1116 4558 εὐδοκίαν
1127 4522 1152 4558 ιι.
1278 4521 1321 4576 29.
1339 4505 1474 4561 ἀπέστελο

399 4573 543 4628 ἀπέστειλα
555 4573 628 4626 Aub.
