3118 5132
289 316 356 383 440
594 322 633 388 B.
658 322 869 388 CYRILLI
899 323 1192 390 ALEXANDR.
1362 321 1427 388 xiv.
1443 339 1499 384 11.

293 483 390 591 αύτῷ
417 484 554 591 τέχνης,
582 486 662 587 ἤτοι
689 491 836 594 σοφίας,
864 488 981 569 ἔτεκεν
1009 491 1029 570 ὁ
1060 488 1199 592 Πατὴρ,
1228 491 1287 568 καὶ
1314 486 1433 588 ἕτερόν
1460 519 1501 564 τι

292 609 378 710 παρ’
411 607 500 714 ὅπερ
532 613 634 692 ἐστὶν
667 611 774 696 αὐτὸς
806 611 1020 713 ἀποκυήσας
1051 614 1188 716 ὁρᾶται.
1240 616 1300 692 καὶ
1335 618 1414 696 πῶς
1450 609 1502 690 ἀν

294 733 496 838 ε’νδέχοιτο;
535 742 614 820 πῶς
641 735 680 816 δέ
709 739 773 816 ούκ
801 738 923 838 εὔηθες
948 741 1137 822 παντελῶς
1163 734 1206 817 τὸ
1234 743 1326 816 νοεῖν
1353 769 1388 816 τι
1416 769 1498 814 τοι·

296 864 424 952 οῦτον;
465 859 529 938 ούκ
556 858 778 967 ἀπαλλάξας
805 861 925 941 τοίνυν
951 861 1144 964 ὀργανικῆς
1171 894 1209 941 τε
1237 863 1296 942 καὶ
1324 863 1502 957 οἰκετικῆς

297 981 517 1088 ὑπολήψεως
544 981 607 1064 τὸν
624 983 726 1081 Υίὸν,
744 984 904 1087 γέννημα
929 983 967 1065 δέ
990 983 1082 1064 κατὰ
1106 983 1279 1087 ἀλήθειαν
1304 985 1539 1085 ὃμολογῶνὸ

297 1101 406 1185 οιύτῦν
423 1106 598 1206 οὐδαμῶς,
616 1109 831 1209 ἀρνούμενος
856 1107 895 1190 δέ
917 1108 983 1210 τήν
1002 1111 1158 1214 ἅρῤητον
1174 1110 1355 1212 γέννησιν,
1373 1107 1440 1207 τὴν
1458 1111 1503 1188 ἐκ

297 1231 361 1328 τῆς
386 1228 512 1314 οὐσίας
534 1238 599 1310 τοῦ
617 1237 713 1313 θεοῦ
737 1234 795 1312 καὶ
816 1233 964 1338 Πατρός
982 1239 1088 1342 φημι,
1104 1233 1216 1334 αὐτὴν
1234 1231 1413 1332 ἀδικήσεις
1430 1239 1503 1311 τοῦ

131 1368 248 1430 79οΑ.
269 1349 461 1439 οτεκύντος
478 1351 545 1454 τὴν
562 1354 687 1463 δόξαν·
725 1359 790 1438 ούκ
808 1357 859 1437 έτι
878 1356 951 1461 γάρ
968 1359 1072 1438 ε”σται
1090 1358 1209 1461 πατὴρ
1228 1359 1303 1438 κατ’
1323 1353 1506 1455 ἀλήθειαν

299 1479 319 1558 ὁ
339 1475 481 1581 Πατήρ·
510 1477 620 1584 ὁγὰρ
640 1478 691 1581 μὴ
716 1481 897 1584 γεννήσας
923 1481 1019 1568 ὅλως
1044 1483 1088 1590 ἐξ
1109 1484 1245 1580 ἑαυτοῦ,
1264 1482 1360 1564 τίνος
1380 1476 1504 1578 ἀνείη

298 1600 390 1682 κατὰ
410 1601 525 1707 φύσιν
542 1604 688 1706 πατήρ;
721 1605 955 1711 ψευδώνυμος
973 1607 1038 1686 οὖν
1055 1607 1127 1708 ἀρα
1149 1611 1337 1688 παντελῶς
1362 1603 1384 1702 ἡ
1409 1603 1503 1703 άγία
1524 1633 1558 1676 ιε

298 1723 421 1827 Τριάς,
440 1723 530 1826 μήτε
547 1735 612 1806 τοῦ
633 1727 778 1831 Πατρὸς
804 1728 908 1814 ὄντος
933 1727 1025 1809 κατὰ
1049 1727 1221 1829 ἀλήθειαν
1237 1725 1386 1830 πατρὸς,
1407 1723 1504 1826 μήτε

297 1847 372 1950 μὴν
394 1855 471 1931 υἱοῦ
497 1849 589 1932 κατὰ
617 1853 732 1956 φύσιν
756 1861 821 1934 τοῦ
838 1858 939 1936 Υίοῦ.
976 1852 1216 1955 ἀκολουθήσει
1243 1851 1282 1932 δὲ
1309 1849 1505 1953 ἀναλόγως

298 1979 350 2082 τῷ
369 1973 569 2078 θεωρήματι
589 1978 648 2056 καὶ
667 1977 690 2076 ή
708 1976 802 2058 κατὰ
818 1985 883 2058 τοῦ
903 1977 1115 2075 Πνεύματας
1133 1977 1334 2084 δυσφημία.

355 2099 500 2180 Οὐκοῦν
518 2099 742 2201 ἠπατήμεθα,
761 2105 819 2182 καὶ
839 2102 1051 2208 διέψευσται
1068 2100 1174 2202 μὲνὴ
1196 2102 1331 2185 πίστις’
1358 2103 1501 2205 ψευδο·

298 2227 405 2321 μυθεῖ
426 2221 464 2303 δέ
489 2221 511 2324 ἡ
538 2225 624 2326 ἀγία
649 2223 787 2333 γραφὴ,
808 2225 946 2329 ποτέρα
971 2233 1139 2305 καλοῦσα
1161 2223 1226 2304 τὸν
1244 2221 1351 2304 Θεύν·
1382 2225 1440 2303 καὶ
1469 2229 1503 2302 εί
1523 2251 1558 2310 15

298 2343 350 2444 μή
377 2347 457 2426 ε’στι
484 2348 578 2428 κατὰ
605 2349 720 2455 φύσιν
739 2346 833 2433 Θεὸς
858 2351 878 2428 ὁ
899 2348 998 2447 Υἱὸς,
1017 2351 1066 2433 ῶς
1090 2351 1129 2428 έκ
1152 2353 1249 2428 Θεοῦ
1273 2351 1331 2426 καὶ
1351 2343 1503 2449 Πατρός

264 2473 490 2572 ιιγεννηθεῖς,
516 2471 779 2571 πεπλανήμεθα
805 2471 871 2571 μέν
895 2473 1005 2572 ἡμεῖς,
1027 2469 1331 2571 συμπεπλάνηται
1359 2467 1397 2550 δέ
1423 2477 1503 2553 τοῖς

300 2596 357 2674 ἐπὶ
385 2598 450 2694 τῆς
476 2599 543 2697 γῆς
572 2599 630 2675 καὶ
658 2597 680 2694 ἡ
709 2595 784 2674 ἅνω
811 2593 917 2680 πόλις
947 2603 1006 2675 καὶ
1036 2596 1059 2696 ή
1089 2601 1162 2676 τῶν
1189 2596 1303 2696 ἁγίων
1331 2591 1503 2696 ἀγγέλων

301 2717 536 2820 καθαρωτάτη
555 2716 709 2818 πληθύς,
729 2724 780 2826 τῷ
801 2701 1037 2826 κατὰφύσιν
1056 2725 1138 2826 θεῷ
1162 2715 1437 2825 συνδοξάςῦυσά
1458 2751 1502 2796 τε

300 2844 358 2920 καὶ
383 2849 730 2945 συμπροσκυνοῦσα,
748 2845 807 2922 καὶ
832 2844 895 2922 οὐκ
921 2839 989 2922 οἶδ’
1009 2842 1107 2926 ὅπως
1133 2843 1344 2949 δοξολογεῖν
1360 2843 1497 2920 ἀναπε-
1518 2873 1555 2914 2·

299 2965 474 3066 πεισμένη
502 2963 679 3074 θεοφόρον
703 3001 738 3046 τι
765 2974 893 3051 σκεῦος
921 2969 980 3048 καὶ
1007 2973 1080 3046 τῶν
1103 2963 1312 3067 ποιημάτων
1337 2965 1385 3061 ἓν,
1407 2964 1502 3044 κατά

300 3124 343 3192 γε
368 3088 434 3189 τὴν
456 3091 596 3170 ἐκείνων
618 3093 839 3198 ἀβελτηρίαν
862 3093 965 3199 φημί.
1004 3097 1034 3172 εί
1062 3090 1100 3171 δέ
1125 3089 1297 3184 βούλοιτό
1321 3123 1408 3169 ποτε
1434 3092 1502 3188 τῆς

300 3220 349 3298 είς
385 3211 450 3294 τὸν
480 3215 571 3296 Υἱὸν
608 3215 773 3320 σχέσεως
810 3219 868 3297 καὶ
902 3220 967 3315 τῆς
1001 3213 1211 3314 ἐνοικήσεως
1246 3217 1442 3317 ἀναχωρεῖν
1480 3213 1503 3290 ὁ

302 3337 442 3440 Πατὴρ,
472 3337 574 3420 ούδέν
603 3341 730 3420 διοίσει
763 3339 859 3444 τάχα
889 3347 962 3420 τῶν
994 3335 1288 3438 διωλισθηκύτων
1318 3341 1382 3436 τῆς
1410 3336 1504 3420 ἰδίας

300 3463 423 3566 ἀρχῆς,
451 3460 541 3540 ’ίδιον
567 3461 632 3560 μέν
660 3463 753 3568 ἔχων
781 3463 893 3561 οὐδὲν,
921 3467 1001 3544 ούτε
1028 3462 1101 3563 μὴν
1128 3465 1165 3542 ε’ν
1195 3461 1266 3568 ἰδίᾳ
1296 3459 1406 3565 φύσει
1436 3455 1536 3538 τάνο

270 3582 527 3685 ογεννήσαντα
563 3586 694 3690 φέρων,
726 3586 846 3667 πάντα
884 3587 922 3666 δὲ
954 3594 1100 3684 μᾶλλον
1134 3587 1308 3688 ὑπάρχων
1337 3583 1384 3664 τά
1416 3587 1502 3664 καθ’

299 3707 402 3806 ἡμᾶς,
430 3709 489 3786 καὶ
516 3707 609 3814 μόνη
637 3717 681 3814 τῇ
709 3711 786 3818 θείᾳ
814 3710 1042 3814 νεορούμενος
1072 3707 1204 3815 χάριτι,
1234 3707 1336 3788 ἀλλὰ
1363 3711 1422 3788 καὶ
1449 3713 1504 3816 τῷ

298 3834 363 3930 τῆς
390 3827 551 3932 υίάτητος
579 3831 725 3930 ὀνόματι
753 3835 835 3932 μεθ’
858 3834 959 3932 ἡμῶν
983 3833 1224 3933 τετιμημένος.
1265 3833 1304 3912 τί
1326 3833 1406 3938 οὖν,
1426 3833 1510 3913 εἰπέ

299 3989 372 4055 μοι,
398 3951 449 4056 μὴ
476 3958 535 4036 καὶ
560 3955 666 4040 αὐτὸς
693 3953 765 4036 σῦν
793 3956 877 4055 ἡμῖν
904 3954 970 4056 τὴν
998 3957 1129 4036 οίκείαν
1156 3958 1332 4058 ὁμολογεῖ
1357 3957 1500 4063 φύσιν,

132 4093 255 4158 Bam.
299 4083 396 4161 διατί
420 4079 459 4162 δέ
477 4082 640 4180 “Ἡμεΐς
667 4078 915 4180 ἀπολλύμενοι
941 4080 1006 4161 τὸν
1028 4087 1150 4179 αἰῶνα,
1170 4085 1228 4160 καὶ
1256 4079 1364 4166 αὐτὸς
1392 4079 1501 4181 καθή-
1519 4111 1554 4170 3·

300 4213 321 4252 “
340 4237 445 4303 μενος
475 4201 540 4284 τὸν
567 4210 678 4286 αίῶνα
693 4205 727 4302 ;”
765 4213 829 4286 τοῦ
864 4203 902 4285 δὲ
931 4203 976 4304 δὴ
1005 4203 1110 4310 χάριν
1138 4204 1237 4304 ἡμεῖς
1264 4203 1330 4302 μὲν
1357 4203 1502 4302 οἰκέται,

334 4485 361 4542 8.
379 4482 490 4540 mm
583 4483 834 4571 {hymbopvqeim
847 4483 880 4538 E.
930 4481 1027 4538 Statim
1039 4481 1240 4574 ydaprobilg.
1332 4483 1408 4565 ²52²
1441 4481 1502 4538 ιιΕ.

299 4567 343 4628 27.
360 4557 467 4628 χάριτος
479 4555 512 4612 Ε.
567 4576 597 4624 τη
611 4555 674 4626 (κιο)
687 4572 736 4627 pro
747 4577 784 4626 τῳ
797 4555 830 4610 F..
936 4570 981 4624 30.
1000 4552 1045 4610 Ab
1056 4575 1135 4610 αιοινα
1147 4553 1182 4610 nd
1194 4575 1274 4610 αιυνα
1286 4554 1402 4610 tranum
1440 4591 1448 4612 ·
