3082 5112
317 329 386 394 804
624 331 664 398 B.
687 331 897 398 CYRILLI
927 333 1217 400 ALEXANDR.
1354 333 1407 399 xii.
1419 351 1506 420 9-11.

293 599 431 678 9Ἔτνω
458 599 515 669 οὖν
546 602 643 692 ὄχλου
674 605 778 672 πολύο
810 606 848 672 ἐκ
878 604 946 678 τῶν
973 604 1144 673 Ἰουδαίων
1177 607 1228 674 ι’τι
1258 598 1327 672 ἐκεῖ
1356 603 1433 684 ἐστι,
1461 601 1509 668 κοί

377 725 477 796 ιίλθον
504 729 543 794 οὐ
574 729 627 796 διὰ
656 730 713 798 τὸν
736 730 865 798 Ἰιισοῦν
891 733 1001 814 μόνον,
1028 731 1096 800 ἀλλ’
1128 730 1184 798 ἴνα
1214 729 1268 800 καί
1297 728 1355 800 τὸν
1379 728 1510 818 Λάζαρον

377 849 491 922 ἴδωσιν
518 857 556 924 ὃν
583 855 712 948 ιίτειρεν
739 857 777 924 ἐκ
803 857 943 949 νεκρῶν.

383 1045 458 1126 Διὰ
488 1045 531 1127 τὸ
560 1045 664 1154 ξένον
691 1055 755 1128 τοῦ
782 1049 934 1150 σημείου
961 1047 1249 1149 καταπλήττεται
1275 1047 1295 1126 ὁ
1324 1046 1438 1144 ὄχλος,
1461 1045 1513 1122 καί

328 1168 417 1274 ὅπερ
454 1171 616 1271 ἤκουσαν
647 1171 808 1275 γεγονὸς,
840 1170 975 1271 ἤθελον
1006 1175 1065 1253 καί
1099 1170 1185 1280 ὄψει
1219 1173 1400 1273 θεωρῆσαι
1432 1165 1531 1271 πρόςί

327 1293 561 1398 βεβαιοτέραν
588 1296 726 1376 πίστιν.
769 1299 804 1376 οὑ
830 1296 925 1401 μόνον
950 1293 988 1376 δὲ
1015 1295 1068 1377 τὶν
1086 1295 1240 1406 Λάζαρον
1267 1293 1400 1394 ἤθελον
1427 1295 1515 1382 ἰδεῖν,

328 1415 516 1498 ἀλλὰκαὶ
544 1417 608 1499 τὸν
631 1417 797 1522 Χριστὸν
824 1417 889 1499 τὸν
915 1428 980 1500 τοῦ
1007 1420 1158 1520 σημείου
1185 1416 1347 1518 ποιητὴν,
1376 1417 1418 1496 αὖ
1443 1413 1516 1496 τότε

299 1547 474 1644 ῦπρῶτον
491 1542 599 1622 αὐτὸν
618 1541 821 1648 ἑωρακότες·
850 1541 948 1644 ἦσαν
966 1543 1038 1646 γὰρ
1062 1541 1242 1627 πολλάκις
1266 1539 1375 1623 αὑτὸν
1394 1540 1518 1656 ἰδόντες

329 1668 387 1745 καί
407 1664 647 1766 ὁμιλήσαντες
665 1667 773 1774 αὐτῷ·
803 1665 889 1747 ἀλλ’
908 1669 1050 1770 ε’πείπερ
1067 1667 1112 1768 ἦν
1131 1665 1382 1772 ὑποχωρήσας,
1402 1663 1459 1746 διὰ
1481 1660 1519 1742 τὸ

328 1785 379 1889 μὴ
406 1795 533 1870 παθεῖν
559 1789 659 1894 παρὰ
687 1789 821 1895 καιρὸν,
849 1788 993 1893 ἐζήτουν
1019 1791 1133 1870 πάλιν
1161 1795 1246 1870 ἰδεῖν
1273 1787 1396 1869 αὐτόν·
1428 1793 1461 1869 οί
1486 1787 1520 1866 δὲ

328 1912 578 2018 ἐπιεικέστεροι
595 1917 653 1994 καί
671 1913 869 2018 ἐθαύμαζον
886 1912 1004 2013 αι’πίιν,
1024 1915 1073 1998 ὡς
1091 1912 1193 1995 οὐδὲν
1210 1915 1320 1993 αὐτοῦ
1338 1947 1517 2014 κατεγνω·

329 2034 441 2122 κότες.
488 2043 717 2137 οἰκονομικῶς
749 2039 812 2118 οὖν
840 2039 861 2118 ὁ
891 2039 1023 2140 Κύριος
1050 2039 1115 2118 οὐκ
1146 2036 1247 2121 εὐθὺς
1279 2041 1450 2136 εἰσῆλθεν
1478 2041 1522 2117 είς

328 2160 581 2265 Ἰερουσαλὴμ,
609 2163 695 2240 ἀλλ’
724 2160 858 2260 ἔμεινεν
884 2161 965 2268 ἔξω,
993 2161 1051 2241 ἵνα
1079 2159 1162 2246 τοὺς
1188 2158 1350 2244 πολλοὺς
1379 2157 1439 2240 διὰ
1465 2161 1524 2256 τῆς

330 2282 455 2392 Φήμης
470 2283 718 2387 ἐπισπάσηται
738 2290 786 2370 είς
804 2287 993 2386 ἐπιθυμίαν
1011 2294 1076 2366 τοῦ
1094 2283 1214 2366 θέλειν
1232 2282 1341 2365 αὐτὸν
1359 2288 1457 2364 ἰδεῖν.

284 2601 590 2682 ῑοἘβουλεύσαντο
608 2600 645 2670 δὲ
663 2598 695 2670 οί
712 2597 875 2693 ἀρχιερεῖο
896 2602 949 2670 ίνα
975 2603 1029 2668 καί
1046 2601 1103 2670 τὸν
1120 2603 1261 2694 Λάζαρον
1279 2600 1525 2679 ἀποκτείνωσιν,

285 2747 321 2788 11
384 2729 436 2793 ὅτι
461 2727 580 2793 πολλοί
606 2726 642 2793 δι’
666 2725 765 2794 αὑτὸν
786 2729 910 2803 ὑπιίτον
930 2727 1185 2794 τῶνἸονδαίων
1209 2727 1263 2792 καί
1288 2725 1462 2794 ἐπίστευον
1483 2722 1527 2790 είο

385 2851 442 2920 τὸν
463 2853 601 2925 Ἰιισοῦν.

300 2947 323 3012 d

383 3021 485 3128 Ὅρα
517 3023 555 3106 δὲ
584 3024 639 3106 ὅτι
671 3031 917 3133 παραφρονεῖν
950 3029 1120 3106 δοκοῦσιν
1151 3030 1185 3105 οἱ
1215 3023 1418 3127 ἡγούμενοι,
1450 3027 1531 3130 τῇδε

334 3151 476 3229 κάκεῖσε
504 3148 736 3248 κλονοιίμενοι
763 3148 833 3231 ὑπὸ
860 3159 925 3231 τοῦ
954 3148 1101 3258 φθόνου,
1120 3151 1179 3230 καὶ
1207 3148 1308 3229 οὐδὲν
1332 3148 1531 3229 ἀκόλουθον

334 3281 542 3372 λαλοῦντες,
562 3269 676 3380 φόνον
699 3277 755 3356 ἐπὶ
783 3271 885 3381 φόνῳ
910 3281 1121 3372 μελετῶσιν,
1141 3271 1293 3374 οἰόμενοι
1320 3281 1386 3353 τοῦ
1413 3305 1531 3373 παρα-

334 3394 444 3501 δόξου
461 3393 641 3498 δράματος
660 3395 725 3496 τὴν
743 3395 893 3495 δύναμιν
911 3403 1205 3499 σνναναιρεῖσθαι
1229 3403 1281 3506 τῷ
1302 3401 1531 3490 τελευτῶντι,

334 3518 393 3596 ἵνα
428 3517 511 3602 τοὺς
549 3517 660 3604 λαοὺς
697 3519 915 3628 ἀνακόψωσι
950 3520 1142 3626 τρέχοντας
1179 3522 1237 3600 ε’πί
1273 3519 1316 3601 τὸ
1351 3519 1531 3601 πιστεύειν

334 3646 500 3752 Χριστῷ.

374 3857 398 3897 1.
414 3840 497 3898 πολὺς
510 3840 539 3896 εἰε
550 3845 602 3896 τῶν
611 3839 743 3896 Ἰουδαίαν
754 3841 807 3897 αλκ.
820 3841 848 3896 ix
860 3846 912 3898 τῶν
922 3840 1054 3898 Ἰουδαίαν
1064 3840 1148 3900 πολίις
1161 3842 1212 3898 Ed.
1321 3859 1382 3914 1-3.
1400 3844 1445 3898 καί
1457 3841 1531 3911 ἦλθον

336 3913 400 3966 -ἒκ
412 3916 508 3983 νεκρῶν
519 3912 547 3966 k.
559 3911 665 3966 favente
677 3929 701 3966 a.
715 3912 757 3966 καί
768 3912 800 3966 τὰ
812 3912 872 3981 ἑξῆς
884 3911 937 3968 Ed.
1064 3913 1091 3970 6.
1109 3911 1292 3985 βεβαιοτίραν]
1306 3915 1531 3984 περισσοτέραν

335 4001 363 4056 9.
380 3981 556 4052 ἀποχωρήσας
567 3982 621 4037 αλκ.
694 3998 736 4038 10.
754 3981 892 4052 ἰπεζήτουν
903 3983 958 4038 ωλι.
1033 3999 1074 4038 11.
1092 3985 1260 4055 καταγνόντες
1271 4003 1296 4038 ιι.
1378 3985 1421 4051 16,
1437 3998 1482 4066 εχ.
1500 3985 1531 4036 ὅσ

335 4051 475 4124 -Ἰιρσοῦν
486 4051 578 4106 addidi
589 4069 622 4106 ex
634 4052 662 4106 k.
811 4069 853 4124 19.
871 4055 922 4108 ὑπὸ
933 4056 981 4108 τοῦ
992 4053 1094 4124 φθόνου
1105 4053 1271 4124 κλονοῦμενοι
1282 4055 1390 4111 inverso
1401 4054 1531 4110 ordmek

337 4140 381 4180 νο.
400 4121 555 4195 λαλοῦντες]
568 4121 690 4196 λε’χοντες
700 4140 725 4180 τι.
833 4139 876 4179 21.
895 4122 1037 4196 δράματος]
1051 4125 1193 4196 δραμόντας
1205 4125 1282 4197 (απ.)
1296 4125 1368 4180 Αυί).
