3274 5118
131 305 232 370 xv.8.
321 307 380 374 IN
410 309 443 374 S.
468 309 723 376 JOANNEM.
769 310 865 375 LIB.
889 311 931 376 X.
977 311 1079 377 CAP.
1103 310 1151 376 II.
1270 311 1345 374 567⁷

132 506 244 570 ματα,
258 477 316 554 καὶ
333 483 406 558 τῶν
419 479 577 583 ἀρχαίων
594 479 893 583 συγγραμμάτων
908 477 973 579 τὴν
992 477 1147 579 μνήμην.
1181 479 1201 557 ὁ
1220 474 1345 577 γεμὴν·

133 595 310 696 Καῒῆκῡός
340 635 378 680 ⁷⁶
411 605 469 682 καὶ
502 601 657 702 εὐμαθὴς
691 605 749 683 καὶ
782 607 845 702 τῆς
877 604 1111 706 εὐαγγελικῆς
1144 601 1344 706 δᾳδουχίας·

134 719 338 822 ἀνάπλεως,
357 723 471 810 πολῦς
499 727 555 806 καὶ
580 729 731 812 διπλοῦς
749 733 797 811 είς
818 735 989 824 πλοῦτον,
1010 725 1073 804 τὸν
1091 729 1128 804 ἐν
1150 721 1341 821 Πνεῦματι·

135 843 175 923 δὲ
200 847 368 945 δηλονότι
392 849 497 954 φημί.
536 851 597 930 νέα
624 849 696 952 γὰρ
717 849 889 946 ἐκβάλλει
917 853 975 930 καὶ
1003 845 1158 945 παλαιὰ,
1179 846 1244 948 τὴν
1270 855 1342 926 τοῦ

97 967 248 1066 5νόμου
275 969 385 1050 σκιὰν
407 975 465 1051 καὶ
492 977 556 1072 τῆς
580 974 618 1051 έν
637 971 734 1080 νόμῳ
762 973 928 1076 λατρείας
955 971 1022 1071 τὴν
1047 972 1196 1068 δύναμιν
1219 1004 1331 1068 μετα-

134 1091 309 1174 πλιίττων
333 1101 381 1178 είς
408 1100 535 1201 σχῆμα
562 1097 743 1182 πολιτείας
770 1098 1014 1199 εῦαγγελικῆς.
1056 1093 1076 1174 δ
1103 1092 1176 1198 γὰρ
1204 1095 1341 1194 ἐδήλου

136 1216 196 1296 διὰ
219 1224 292 1297 τῶν
314 1221 436 1300 τύπων
461 1223 481 1299 ὁ
504 1220 622 1317 νόμος,
645 1229 750 1300 τοῦτο
775 1219 937 1323 Χριστὸς
965 1217 1269 1325 ἀπημφιεσμένας
1295 1221 1341 1298 ε’ν·

135 1343 299 1448 ἀληθείᾳ.
342 1343 397 1423 διὸ
415 1347 473 1423 καὶ
491 1342 616 1446 ἔλεγεν
634 1355 658 1392 “
672 1345 753 1423 Οῦκ
771 1342 885 1444 ἦλθον
903 1351 1107 1423 καταλῦσαι
1129 1341 1193 1422 τόν
1212 1340 1362 1441 νόμον,.ο
1375 1329 1506 1458 ῗζᾞῦ·

137 1475 160 1512 “
178 1464 279 1544 ἀλλὰ
310 1469 535 1570 πληρῶσαι,”
568 1471 626 1547 καὶ
656 1466 769 1548 πόλιν
798 1477 820 1515 “
838 1465 956 1566 Ἀμὴν
987 1464 1082 1566 ἄμην
1113 1466 1209 1568 λέγω
1239 1468 1337 1564 ῦμῖν,,
1376 1491 1467 1542 ιω.

79 1614 123 1654 10
137 1599 160 1636 “
179 1589 267 1669 ίοίτα
291 1589 329 1668 ἓν
346 1589 369 1691 ἢ
388 1591 453 1688 μία
477 1591 598 1694 κεραία
621 1593 663 1670 οὐ
686 1590 737 1690 μὴ
761 1589 926 1698 παρέλθη
950 1589 1022 1672 ἀπὸ
1045 1600 1108 1672 τοῦ
1128 1591 1247 1689 νόμου,
1267 1591 1336 1674 ἕως

135 1724 158 1759 “
177 1714 221 1792 ἃν
239 1713 358 1794 πάντα
383 1713 559 1817 γένηται.”
601 1713 731 1822 καρπός
752 1715 815 1794 οὖν
833 1715 904 1818 ἄρα
924 1713 1033 1799 πολῗις
1059 1716 1079 1793 ὁ
1103 1717 1141 1794 έν
1159 1711 1333 1813 πνεύματι

135 1839 195 1916 καί
220 1838 381 1944 ἀληθείᾳ,
406 1841 470 1938 τῆς
496 1839 730 1940 εῦαγγελικῆς
760 1839 927 1942 λατρείας
952 1839 974 1939 ἡ
1003 1838 1161 1937 δύναμις,
1189 1839 1333 1940 ἐπείπερ

135 1966 184 2044 είς
202 1959 313 2068 δόξαν
335 1970 399 2041 τοῦ
419 1967 515 2042 θεοῦ
539 1965 597 2042 καὶ
617 1961 762 2066 Πατρός
785 1962 973 2064 ἅνθρωπος
995 1963 1143 2065 γέγονεν
1162 1963 1181 2042 ὁ
1202 1967 1328 2040 Μονο·

135 2082 251 2184 γενής.
289 2085 498 2185 συμβέβηκε
518 2083 556 2165 δέ
575 2085 634 2164 διὰ
658 2093 764 2166 τοῦτο
787 2089 846 2166 καὶ
864 2087 973 2166 αὐτοῦ
992 2085 1158 2188 γενέσθαι
1177 2082 1334 2190 μαθητὰς

83 2207 219 2292 15τοῦς
236 2207 341 2292 ὄντας
366 2212 422 2289 ἐπὶ
440 2213 504 2310 τῆς
527 2213 606 2312 γῆς·
645 2209 868 2313 προσελόλει
896 2207 968 2312 γὰρ
990 2217 1064 2294 τοῖς
1091 2207 1332 2312 θρχαιοτεροις
1375 2230 1499 2282 namn.

135 2335 195 2413 καὶ
222 2331 336 2414 πιίλαι
364 2331 422 2413 διὰ
448 2341 520 2413 τῶν
548 2341 746 2439 προφητῶν
770 2337 817 2418 ὡς
836 2331 939 2430 θεὸς,
958 2334 1041 2412 ἀλλ’
1071 2336 1120 2415 είς
1149 2332 1241 2431 ἡμᾶς
1271 2335 1329 2410 καὶ

134 2459 217 2560 περὶ
246 2457 346 2558 ἡμῶν
376 2455 519 2561 ἐλέγετο
548 2468 570 2505 “
586 2459 658 2538 Καὶ
685 2457 829 2538 ἔσονται
856 2453 985 2540 πάντες
1014 2457 1170 2536 διδακτοὶ
1196 2455 1327 2535 Θεοῦ.”
1341 2476 1361 2515 ⁰
1386 2460 1500 2518 ΒΘΗ·

77 2660 82 2674 ,
135 2582 221 2679 ἡμῖν
239 2579 310 2685 γὰρ
329 2590 403 2666 τοῖς
420 2588 468 2666 εἰς
486 2581 594 2662 αὐτὸν
612 2581 865 2678 πιστεύσασιν,
880 2581 947 2685 οὐχ
965 2578 1081 2682 ἕτερός
1099 2613 1152 2662 τις
1170 2588 1330 2677 μεσολα-
1375 2551 1457 2665 ῗίη

135 2704 258 2803 βήσας
277 2705 341 2785 τὸν
362 2708 446 2808 παρ’
467 2707 576 2785 αὐτοῦ
595 2702 850 2807 διεπόρθμευσε
876 2704 1000 2806 λόγον,
1018 2703 1104 2782 ἀλλ’
1124 2702 1203 2783 οὐδὲ
1221 2705 1326 2801 μεσί-

79 2869 122 2910 ιο
135 2861 201 2927 της
219 2830 345 2930 γέγονε
363 2837 436 2909 τῶν
452 2827 665 2929 θελημιίτων
681 2829 791 2908 αὐτοῦ
808 2827 899 2930 πρὸς
917 2829 1019 2928 ἡμᾶς,
1033 2825 1194 2931 καθάπερ
1208 2827 1331 2922 ἀμέλει

137 2957 305 3051 Μωυσῆς
329 2960 403 3037 τοῖς
427 2953 471 3060 ἐξ
492 2951 645 3055 Ἰσραὴλ
673 2955 711 3032 ἐν
735 2957 787 3060 τῷ
812 2951 885 3056 ὅρει
917 2957 1016 3047 Σινᾶ,
1043 2949 1155 3053 ἤγουν
1182 2955 1215 3030 οί
1240 2951 1331 3048 μετὰ

137 3077 303 3156 Μωυσέα
329 3081 513 3182 προφῆται
540 3084 613 3161 τοῖς
641 3077 716 3156 κατ’
737 3075 874 3172 αὐτοὺς,
894 3073 979 3154 ἀλλ’
1006 3074 1112 3158 αὐτὸς
1138 3074 1232 3174 ἡμᾶς
1255 3075 1326 3154 ε’δί-

136 3200 245 3306 δαξεν
264 3202 284 3278 ὁ
302 3198 474 3302 Χριστός.
513 3203 668 3281 διδακτοὶ
688 3198 725 3278 δὲ
745 3204 841 3278 Θεοῦ
863 3195 922 3277 διὰ
944 3205 1049 3277 τοῦτο
1067 3195 1197 3282 πάντες
1215 3199 1325 3296 ἡμεῖς.

136 3325 202 3404 οῦκ
226 3321 271 3404 ἂν
289 3325 351 3404 οῦν
370 3323 464 3408 ὅλως
489 3325 597 3404 αὑτοῦ
620 3321 818 3424 γεγόναμεν
836 3321 996 3430 μαθηταὶ,
1014 3323 1078 3401 οὐκ
1101 3318 1145 3400 διν
1167 3323 1330 3419 ε’τεκομεν

1411 2565 1428 2614 ν

1420 2628 1463 2678 ιε-

80 3485 122 3546 25
136 3447 201 3528 τὸν
222 3451 286 3547 τῆς
304 3447 489 3554 φιλοθείιις
520 3452 646 3552 ιιιιρπδι
671 3449 729 3526 καὶ
754 3455 881 3526 τοῦτον
908 3444 1023 3543 πιλῖιι,
1043 3451 1072 3525 εἰ
1099 3445 1150 3545 μὴ
1172 3442 1364 3554 ε’διξιίσθηῐ)

136 3573 180 3650 δι’
200 3569 414 3674 ἡμερότητος
435 3580 449 3653 ί
470 3569 595 3675 Πατῇρ,
614 3569 811 3672 εὐδοκήσας
829 3573 867 3650 ε’ν
885 3570 977 3670 ἡμῖν,
997 3572 1044 3652 ὡς
1062 3571 1120 3649 καί
1140 3569 1330 3673 ἄνθρωπον

135 3695 304 3796 γενέσθαι
322 3694 386 3775 τὸν
403 3698 441 3775 ἐκ
460 3699 523 3794 τῆς
542 3695 668 3778 οὐσίας
691 3696 800 3774 αὐτοῦ
822 3693 1047 3798 προελθόντα
1066 3691 1200 3796 Λόγον.
1242 3693 1325 3793 νοή·

134 3853 250 3915 σομεν
273 3817 343 3921 γὰρ
368 3820 489 3916 οὕτως,
507 3817 565 3898 ὅτε
584 3816 764 3922 λεγοιίσης
783 3816 957 3916 ἀκούομεν
976 3821 1039 3916 τῆς
1065 3820 1159 3902 θείας
1185 3821 1328 3921 γραφῆς

135 3942 191 4022 ὅτι
210 3941 337 4022 δέδωκε
356 3941 419 4022 τὸν
431 3943 518 4022 ’ίδιον
529 3941 630 4023 Υίόν.
660 3939 900 4042 συνευδόκησε
920 3939 991 4043 γὰρ
1009 3949 1116 4020 τοῦτο
1134 3945 1185 4050 τῷ
1202 3947 1329 4022 παθεῖν

80 4103 122 4161 30
136 4064 224 4166 ῦπὲρ
252 4065 353 4164 ἡμῶν
380 4066 546 4175 ἑλομένῳ,
566 4069 623 4146 καὶ
651 4063 710 4146 διὰ
736 4073 842 4146 τοῦτο
869 4071 926 4146 καὶ
955 4064 1141 4144 δεδωκέναι
1169 4064 1325 4166 λέγεται,

135 4191 194 4268 καὶ
212 4187 313 4288 μάλα
332 4187 484 4274 εἰκότως.

652 4339 692 4378 10.
705 4322 778 4394 κερέα
791 4323 822 4376 E.
