3118 5132
57 319 112 387 xiii
124 326 180 410 36.
341 325 402 392 IN
432 326 467 392 S.
490 325 751 394 JOANNEM.
796 325 893 394 LIB.
917 327 978 394 IX.
1200 325 1261 392 391

57 487 230 590 διστέρων
254 493 321 569 καὶ
348 491 640 594 ἀναγκαιοτέρων
664 494 813 594 ἀγαθῶν
833 493 1063 590 ἐκπίπτοντα,
1081 489 1300 586 τουτέστι,ᾱ

57 607 90 686 τὸ
120 607 173 710 μὴ
213 612 366 693 διώκειν
396 611 489 693 κατά
523 611 678 694 σκοπόν·
728 611 801 696 οἶδε
829 614 868 696 δὲ
900 615 994 696 οὕτω
1026 612 1093 716 τὴν
1120 611 1266 762 ἀγάπην

58 733 211 838 καθάπερ
243 769 331 815 τινα
315 733 533 840 κορωνίδα
556 734 693 822 πάσαις
719 737 919 818 ἐπικεῖσθαι
944 745 1023 823 ταῖς
1046 739 1197 842 ἀρεταῖς,
1217 739 1266 818 ὡς

58 859 106 935 καὶ
140 855 344 938 κάλλιστα
379 861 462 962 περὶ
498 860 607 959 αι’τιῆς
643 859 954 1016 φιλονεικήσρυτα
989 857 1109 964 λέγειν
1146 869 1169 908 “
1184 856 1265 938 Κάν
1254 867 1431 1006 ἑξοὲι

38 983 75 1039 5“
58 983 259 1086 ψωμίσω
277 979 404 1062 πάντα
427 981 473 1062 τά
494 980 702 1130 ὑπάρχοντά
725 1017 807 1084 μου,
825 982 893 1064 κάν
911 981 1123 1088 παραδῶ
1087 1019 1130 1066 το
1155 981 1265 1083 σῶμά

58 1115 157 1272 ἶμρυ
173 1105 242 1184 ἵνα
260 1103 546 1206 καυθήσομαι,’
525 1103 670 1208 αγόπην
689 1105 792 1188 δὲ
746 1143 796 1208 μη
815 1108 899 1214 ἔχω,
919 1106 1020 1189 οὐδέν
1039 1112 1261 1260 ὠφελοῦμαι·

89 1235 264 1313 εανταῖς
295 1227 490 1330 γλώσσαις
517 1237 591 1311 τῶν
613 1231 815 1334 ἀνθρώπων
839 1237 945 1312 λαλῶ
969 1234 1028 1312 καὶ
1053 1238 1126 1312 τῶν
1150 1229 1261 1334 ἀγγέ-

406 1349 650 1382 &Qut

57 1361 74 1396 ‘³
89 1355 225 1450 λων,’
198 1349 360 1454 αγάπην
377 1355 417 1432 δε
434 1387 485 1454 μη
505 1389 585 1460 εχω,
604 1388 738 1457 γεγονα
756 1354 931 1460 χαλκός’
901 1353 1053 1509 ηχῶνῆ
1076 1354 1295 1455 κόμβαλονθ

56 1473 323 1580 “mistus
364 1476 566 1580 πρόσωπον
595 1479 658 1559 οὖν
688 1479 759 1627 ἀρα
791 1481 850 1558 καὶ
881 1477 985 1560 εῖκάιν
1015 1481 1053 1560 ἐν
1085 1478 1169 1580 ἡμῖν
1200 1487 1265 1560 τοῦ

26 1601 224 1704 κΣωτῆρος
244 1604 492 1702 Χριστοῦ,
447 1635 512 1701 της
528 1599 671 1705 ἀγάπης
688 1601 731 1682 τὸ
748 1600 974 1709 καύχημα.

196 1841 299 1918 Λέτει
327 1841 420 1928 αὐτῷ
446 1842 558 1920 Σίμων
585 1845 710 1936 Πέτρου
739 1843 842 1934 Κύριε,
870 1849 932 1911 ποῦ
957 1845 1092 1922 ὑπάτοιο
1105 1875 1114 1928 3
1279 1851 1317 1926 3⁶

102 2017 368 2093 Φιλσπευοτεῖ
397 2012 442 2114 δὴ
479 2014 592 2096 πάλιν
624 2017 663 2096 ἐκ
701 2015 939 2123 φιλομαθείας·
975 2018 995 2097 ὁ
1030 2017 1179 2118 Πέτρος,
1207 2017 1266 2094 καὶ

55 2136 328 2240 τεριεργάζεται
347 2143 410 2216 τοῦ
428 2137 544 2240 λόγου
561 2135 627 2238 τὴν
645 2139 804 2240 δύναμιν,
823 2143 942 2224 συνεὶς
960 2138 1026 2240 μὲν
1044 2141 1155 2236 οὕτω,
1174 2135 1267 2219 κατά

54 2259 91 2338 τὸ
108 2259 222 2358 εἰκὸς,
242 2263 296 2342 ὡς
314 2259 387 2364 ἔχει
405 2259 447 2340 τό
470 2261 661 2365 ἀρημένον,
680 2263 901 2367 θερμοτάτην
918 2261 1033 2366 γεμὴν
1051 2268 1098 2346 εῖς
1124 2258 1167 2342 τό
1194 2265 1267 2341 δεῖν

24 2383 209 2464 *Emona
239 2387 297 2487 τῷ
324 2387 478 2492 Χριστῷ
506 2382 573 2484 τὴν
600 2386 803 2490 προθυμίαν
832 2387 1020 2493 εἰσφέρων.
1066 2387 1125 2466 καὶ
1157 2384 1296 2493 ἀξιά-ιι
1318 2403 1431 2463 755Δ.

55 2541 196 2606 γαοτος
221 2504 294 2606 μέν
312 2507 351 2587 έν
369 2506 485 2615 τοότιρ
508 2514 582 2588 τῶν
600 2511 812 2610 μαθητῶνὴ
836 2509 948 2618 τάξις.
986 2510 1029 2590 οὐ
1052 2507 1125 2612 γὰρ
1151 2509 1265 2611 δήπου

57 2631 141 2734 φαίη
160 2665 223 2714 τις
244 2627 302 2727 ἀν,
317 2629 373 2710 ότι
390 2637 463 2711 τῶν
480 2631 609 2735 ἑτέρων
627 2632 818 2732 συνέντων,
831 2633 943 2738 τυχὸν
960 2631 1070 2733 μόνος
1087 2631 1265 2737 ἠγνόησεν

59 2753 410 2857 όπρστεταγμένος,
432 2754 491 2834 διά
517 2789 555 2834 τε
582 2764 689 2838 τοῦτο
717 2759 899 2859 διερωτοῖν.
941 2765 1200 2863 παραχωροῦσι
1227 2754 1265 2837 δέ

59 2884 207 2971 μᾶλλον
226 2879 279 2960 ὡς
297 2879 494 2982 προῦχοντι
512 2875 554 2958 τῖι
573 2876 818 2986 κατάρχεσθαι
836 2879 963 2983 λόγου,
982 2883 1041 2961 καὶ
1061 2880 1265 2983 παῤῥησίας

28 3004 116 3098 ῑῑτῆς
144 3003 189 3080 έν
216 3005 273 3106 τῷ
302 2999 608 3083 διαπυνθάνεσθαί
630 3009 737 3110 φημι.
789 3000 831 3084 τό
861 3003 933 3107 γὰρ
962 3009 1011 3088 εἱς
1042 3001 1264 3082 διδασκάλου

61 3131 188 3204 λαλεῖν
209 3121 339 3220 ἀκοὰς,
360 3122 441 3204 οὐδὲ
467 3131 541 3209 τοῖς
569 3121 661 3206 εἷναί
685 3160 720 3206 τι
748 3130 926 3224 δοκοῦσιν,
946 3127 1140 3206 ἀκίνδυνον.
1178 3129 1264 3203 θαυ-

59 3247 201 3344 μαστὸς
229 3243 271 3326 δὲ
299 3245 401 3328 οὐδὲν
421 3247 528 3348 ἦττον
553 3250 573 3328 ὁ
598 3248 748 3354 Πέτρος,
770 3251 835 3330 οὐκ
862 3253 959 3331 αἰδοῖ
982 3257 1046 3330 τοῦ
1073 3247 1124 3349 μὴ
1151 3251 1298 3327 δοκεῖνυ

59 3367 141 3452 εἶναι
169 3368 293 3470 νωθὴς
321 3367 387 3470 τὴν
410 3370 547 3471 εἴδησιν
572 3379 644 3452 τῶν
669 3371 916 3475 ἀγνοηθέντων
934 3371 1156 3477 ζητούμενος,
1177 3372 1262 3450 ἀλλ’

58 3494 140 3602 ὀξὺς
159 3497 221 3578 ἐπὶ
242 3493 286 3573 τὸ
306 3497 435 3600 χρῆναι
452 3500 664 3601 σοφοῦσθαι
682 3493 826 3600 τρέχων,
845 3498 903 3576 καὶ
924 3496 1098 3603 αἰσχύνης
1119 3494 1265 3599 ἀκαίρου

26 3623 247 3724 ῑῑιρείττονα
272 3613 342 3715 τὴν
365 3618 403 3696 έκ
429 3621 493 3717 τῆς
521 3620 759 3726 φιλομαθείας
787 3615 914 3718 ὄνησιν
936 3619 1189 3721 ποιησόμενος,
1207 3619 1266 3700 ἵνα

55 3745 164 3830 τόπος
194 3747 277 3826 τοῖς
305 3739 387 3839 μεθ’
406 3739 532 3821 ἑαυτὸν
550 3742 618 3821 κάν
638 3739 755 3850 τοότιρ
780 3741 933 3845 γένηται.
976 3747 1050 3824 δεῖν
1071 3743 1143 3848 γὰρ
1168 3741 1265 3844 οἶμαι

53 3869 97 3969 μὴ
114 3863 371 3975 παρατρέχειν
388 3865 450 3943 ε’ἂν
467 3861 550 3948 τοὺς
574 3871 647 3944 τῶν
665 3865 909 3948 διδασκόντων
928 3865 1076 3969 λόγους,
1097 3867 1194 3971 ε’ίπερ
1220 3864 1265 3944 ἀν

52 3991 113 4073 ιίιν
131 3995 179 4076 οὑ
207 3985 368 4096 σφόδρα
392 3991 534 4094 σαφεῖς,
552 3987 611 4067 ἵνα
635 3987 726 4071 τινές
752 3985 840 4068 εἶναι
867 3993 1026 4088 δοκῶμεν
1054 3989 1197 4094 ἀγχίνοι
1224 4021 1264 4066 τε

50 4123 125 4202 Mur
153 4120 221 4202 καῖ
260 4115 403 4214 δριμεῖς
434 4115 482 4194 είς
512 4111 673 4191 σύνεσιν·
709 4111 1014 4192 διαπυνθάνεσθαι
1046 4110 1084 4190 δὲ
1118 4117 1264 4211 μᾶλλον

20 4253 93 4330 {tta}
120 4233 411 4328 ἅμασκαλεόειν
437 4231 684 4334 ἐπιστημόνως
712 4233 754 4314 τὸ
781 4237 819 4315 ἐν
847 4237 941 4340 ἀρχῇ
970 4230 1194 4340 παραδεχθέν
1215 4239 1294 4318 είςο

47 4373 175 4478 hm,
242 4357 354 4446 πολὺ
397 4355 468 4460 γάρ
505 4359 658 4457 ἀμείνων
695 4359 716 4457 ἡ
750 4363 814 4436 τοῦ
846 4355 1094 4464 συμφέροντος
1130 4363 1264 4461 γνῶσις

504 4561 530 4610 4.
548 4540 783 4614 φιλοσυφῆσαντες
797 4540 829 4596 E.
