3238 5114
302 325 368 392 672
606 327 644 393 Β.
669 327 880 396 OYRILLI
910 327 1200 395 ALEXANDR.
1341 324 1417 390 xvii.
1430 345 1462 404 4,
1475 337 1504 404 5.

300 489 532 594 θεωρήμασιν
549 495 770 580 ἐπινοοῦντες
787 497 924 598 τρίβον,
943 497 1175 598 ἀνθρωπίνως
1199 528 1237 574 τε
1265 491 1430 593 λέγωμεν
1449 491 1506 566 καὶ

300 621 506 719 θεοπρεπῶς
524 621 687 720 εἰρῆσθαι
713 623 772 699 καὶ
796 628 916 702 τοῦτο.
957 626 986 700 εί
1005 619 1071 718 μὲν
1089 620 1153 699 οὖν
1171 621 1219 702 ὡς
1244 617 1436 718 ἅνθρωπος
1462 611 1507 692 τὰ

299 748 448 821 τοιαῦτα
470 741 582 844 λέγοι,
601 741 788 850 παραδέξῃ
813 747 964 824 τοιῦσδε
983 741 1107 827 Τύπος
1131 743 1216 842 ἡμῖν
1242 743 1301 820 καὶ
1327 735 1422 842 ἀρχὴ
1449 740 1506 816 καὶ

266 860 404 944 δείκάιν
425 869 490 965 τῆς
517 865 638 946 ἐνθέου
664 869 849 953 πολιτειάς
876 867 1034 968 κατέστη
1051 864 1231 969 Χριστός,
1253 864 1351 948 ὅπως
1378 895 1419 942 τε
1449 865 1506 942 καὶ

299 988 380 1068 τίνα
405 987 542 1092 τρόπον
564 989 657 1090 ἡμᾶς
681 991 808 1094 διαᾷην
832 990 1042 1090 ἀκόλουθον,
1060 989 1245 1097 παρεδειξε
1270 994 1417 1094 σαφῶς·
1449 984 1534 1066 &as

299 1109 371 1217 γάρ
389 1146 445 1193 τοι
465 1123 573 1194 τοῦτο
595 1112 821 1216 λεπτοτάτην
839 1117 892 1198 ἐπ’
913 1117 1011 1223 αύτῷ
1034 1123 1220 1196 ποιοῦνται
1244 1111 1311 1212 τὴν
1328 1110 1508 1220 ἐξήγησιν

299 1239 333 1316 οἱ
361 1242 435 1316 τῶν
463 1237 567 1318 θείων
596 1238 896 1341 συγγραμμάτων
925 1239 1146 1343 δημιουργοί.
1196 1235 1351 1318 παιδεύει
1384 1235 1508 1314 τοίνυν

299 1358 392 1458 ἡμᾶς
420 1363 479 1440 καὶ
509 1358 553 1440 δι’
584 1359 635 1442 ὧν
663 1363 789 1443 ε’νθάδε
820 1365 946 1470 φησὶν,
975 1362 1030 1444 ὅτι
1060 1359 1127 1462 τὴν
1155 1359 1375 1463 τεταγμένην
1407 1359 1508 1466 αύτῷ

299 1484 526 1588 λειτουργίαν
561 1483 713 1571 ἕκαστος
750 1485 852 1587 ἡμῶν
888 1489 1122 1590 ἀποπληρῶν,
1153 1489 1212 1566 καὶ
1247 1482 1425 1592 διεξάγων
1458 1490 1508 1567 είς

298 1607 474 1694 τέλοςτὰ
501 1609 760 1711 κεκελευσμένα
786 1610 887 1715 παρὰ
914 1616 1020 1710 Θεοῦ,
1043 1609 1124 1692 τότε
1152 1609 1196 1710 δι)
1223 1608 1368 1692 πάντως
1394 1606 1508 1687 αὑτὸν
1523 1635 1557 1676 10

299 1731 357 1812 διά
389 1739 463 1813 τῶν
495 1733 593 1814 ίδίων
626 1733 766 1842 δοξιίζει
799 1734 1098 1838 κατορθωμάτων,
1126 1735 1193 1839 ούχ
1223 1737 1272 1818 ὡς
1303 1730 1353 1832 μὴ
1385 1730 1508 1836 ἔχοντι

297 1858 522 1960 προστιθείς·
551 1857 695 1961 πλήρης
714 1857 786 1960 γὰρ
804 1858 913 1966 δόξης
932 1859 954 1959 ἡ
973 1860 1052 1941 θεία
1069 1893 1109 1939 τε
1128 1862 1185 1938 καὶ
1203 1859 1355 1963 ἀῤῥητος
1373 1856 1503 1962 φύσις·

298 1983 382 2062 ἀλλ’
409 1982 464 2063 ότι
490 1980 581 2088 πρὸς
609 1989 681 2062 τῶν
709 1982 876 2085 δριόντων
903 2016 942 2063 τε
969 1985 1028 2062 καὶ
1056 1983 1317 2090 ὠφελουμένων
1344 1980 1502 2087 δοξολο·

247 2111 442 2209 ὀγεΐσθαι
460 2113 566 2187 ποιεῖ·
598 2109 657 2185 καὶ
677 2114 766 2209 γοῦν
782 2107 803 2186 ό
821 2104 950 2211 Σωτήρ
968 2117 990 2156 “
1004 2105 1211 2212 Λαμφάτω,
1229 2109 1335 2212 φησὶ,
1354 2103 1397 2184 τὸ
1423 2110 1506 2210 φῶς

298 2241 320 2280 “
340 2233 439 2330 ύμῶν
470 2230 677 2335 ἔμπροσθεν
705 2237 779 2311 τῶν
808 2231 1019 2334 ἀνθρώπων,
1050 2229 1148 2315 ὅπως
1185 2229 1291 2310 ’ίδωσι
1322 2227 1369 2308 τά
1404 2227 1506 2308 καλά
1523 2257 1559 2318 15

297 2365 319 2404 ‘⁶
337 2355 425 2458 ἔργα
453 2357 562 2454 ύμῦν,
586 2358 645 2435 καὶ
673 2353 864 2462 δοξάσωσι
890 2353 955 2436 τὸν
976 2354 1123 2458 Πατέρα
1151 2357 1250 2454 ύμῶν
1275 2350 1340 2434 τόν
1364 2356 1402 2434 ἐν
1428 2361 1506 2438 τοῖς

296 2487 319 2524 “
337 2479 532 2582 οῦρανοῖς.”
576 2477 816 2582 ἀνδριζόμενοι
853 2475 926 2581 γὰρ
959 2481 1018 2558 καὶ
1052 2482 1290 2582 ἀγαθουργεῖν
1319 2477 1506 2562 ἐθέλοντες

297 2599 356 2679 διά
376 2601 482 2699 Θεὸν,
500 2601 566 2702 τὴν
584 2605 745 2682 ἐντεῦθεν
763 2604 927 2682 εὔκλειαν
945 2603 1026 2708 οὐχὶ
1052 2607 1128 2687 ταῖς
1154 2603 1295 2687 οἰκείως
1315 2636 1502 2702 μνηστευ-

297 2721 410 2821 όμεθα
437 2733 624 2832 κεφαλαῖς,
649 2725 749 2806 ἀλλά
776 2732 822 2832 τῇ
850 2734 915 2806 τοῦ
941 2725 1089 2807 πάντων
1108 2735 1321 2830 κρατοῦντος
1348 2732 1435 2832 τιμῇ
1462 2759 1505 2804 τε

297 2851 357 2928 καὶ
384 2847 474 2956 δόξῃ
501 2847 568 2950 τὴν
594 2850 773 2955 εὐφημίαν
799 2849 1134 2953 πραγματευόμεθα.
1182 2848 1307 2954 ὥσπερ
1339 2847 1412 2952 γὰρ
1442 2848 1504 2929 ὅτε
1520 2875 1558 2916 ²0

296 2970 364 3072 τὴν
387 2971 601 3080 ἀπᾴδουσαν
625 2979 676 3081 τῷ
703 2979 786 3083 Θεῷ
813 2977 872 3054 καὶ
899 2973 1177 3077 βδελυρωτάτην
1201 2973 1293 3078 ζωὴν
1316 2975 1502 3074 ἐπιτηδεύ-

297 3130 406 3195 οντες,
426 3099 473 3181 ὡς
492 3097 559 3198 τὴν
576 3098 731 3202 ἀρ’ῥηταν
750 3100 860 3178 αύτοῦ
878 3096 1125 3202 παραλύοντες
1143 3097 1265 3206 δόξαν,
1283 3097 1505 3196 εύθυνόμεθά

297 3254 335 3300 τε
368 3221 510 3306 δικαίως
541 3221 601 3301 καὶ
631 3225 815 3326 τιμωρίαις
847 3221 971 3328 ἔνοχον
1000 3221 1066 3323 τὴν
1096 3224 1226 3303 οίκείαν
1255 3225 1505 3321 ἀποτελοῦμεν

130 3343 516 3452 ΕΘ·1υε·ι1φυχὴν,διά
542 3349 605 3444 τῆς
632 3355 696 3427 τοῦ
721 3345 912 3452 προφέγτου
941 3351 1063 3452 φωνῆς
1091 3345 1279 3430 ἀκούοντες
1297 3355 1319 3393 “
1331 3346 1389 3424 Δι’
1410 3347 1504 3444 ὑμᾶς

298 3477 320 3514 “
338 3467 398 3547 διά
422 3467 557 3553 παντὸς
581 3467 624 3548 τὸ
651 3468 764 3570 όνομιί
789 3505 860 3569 μου
883 3477 1160 3576 βλασφημεῖται
1183 3471 1222 3549 ε’ν
1243 3477 1316 3554 τοῖς
1342 3469 1501 3550 έθνεσι·”
1518 3494 1554 3552 ²5

240 3682 245 3690 ,
298 3589 390 3671 κατὰ
412 3591 475 3672 τόν
493 3591 602 3673 αὐτὸν
621 3589 719 3693 οἶμαι
741 3592 867 3696 λόγον,
887 3593 945 3674 ὅτε
971 3592 1288 3698 περιφανεστάτην
1305 3593 1505 3702 ε’ξανύομεν

297 3712 435 3817 ἀρετὴν,
455 3713 534 3796 τότε
554 3714 598 3817 δὴ
616 3715 761 3803 πάντως
776 3721 834 3798 καὶ
863 3717 1142 3825 δοξολογεῖσθαι
1165 3718 1499 3822 παρασκευάᾇιμεν.

296 3839 631 3944 ἀποπληρώσαντες
660 3841 779 3922 τοίνυν
808 3841 850 3922 τὸ
880 3840 984 3922 δοθέν
1011 3842 1096 3942 ἡμῖν
1123 3842 1229 3944 ἔργον
1256 3841 1355 3944 παρὰ
1384 3847 1501 3940 Θεοῦ,

296 3959 377 4043 τότε
396 3967 455 4044 καὶ
472 3961 575 4064 μάλα
599 3967 741 4050 δικαίως
763 3971 812 4050 είς
829 3964 896 4066 τὴν
913 3973 988 4051 τοῖς
1009 3967 1172 4069 γνησίοις
1193 3965 1503 4068 πρεπωδεστάτην

296 4089 550 4183 ἀναβαίνοντες
576 4091 792 4195 παῤῥησίαν,
820 4088 887 4189 τὴν
914 4089 1001 4190 ’ίσην
1028 4087 1154 4193 ὥσπερ
1184 4089 1551 4190 ἀνταπαιτήσομενςο

297 4209 409 4320 δόξαν
435 4211 535 4316 παρὰ
561 4221 626 4293 τοῦ
652 4211 743 4316 πρός
771 4213 873 4314 ἡμῶν
900 4212 1143 4322 δοξασθέντος
1171 4217 1268 4294 Θεοῦ
1295 4223 1317 4261 “
1332 4217 1394 4294 Ζιῦ
1428 4213 1503 4320 γὰρ

334 4515 358 4552 2.
378 4500 419 4553 καί
431 4517 485 4556 om.
497 4500 530 4556 E.
621 4513 646 4571 7.
736 4505 876 4572 ρομμότων
889 4502 920 4558 E.
934 4503 1092 4574 γραμμάτων
1104 4501 1156 4558 Ed.
1255 4521 1295 4569 14.
1313 4503 1384 4574 φησὶ
1396 4521 1452 4560 om.
1467 4503 1500 4560 Ε.

299 4570 340 4623 18.
359 4568 414 4640 διὰ]
431 4577 460 4634 †
475 4573 520 4627 τδν
531 4569 583 4627 Ed.
595 4523 736 4628 inviffl
