3274 5118
118 350 296 434 xv.26,27.
330 350 388 415 IN
419 348 734 428 S.JOANNEM.
779 350 876 416 LIB.
901 351 943 416 X.
988 350 1160 418 cAP.11.
1249 351 1313 416 60⁷

117 513 245 616 γέγονε
263 513 476 620 δημιουργὸς
495 517 516 596 5
533 513 706 620 Χριστὸς,
723 513 747 594 ἀ
766 520 824 595 καὶ
843 515 910 616 τὴν
928 514 1116 600 Μωυσέως
1135 515 1342 620 ὑπεραίρει,

118 634 232 742 δόξαν
260 642 318 718 καὶ
348 638 482 723 παντὸς
515 640 620 741 ἁγίου
650 637 901 743 λαμπρότητα·
940 637 982 720 τῦ
1010 638 1082 742 γάρ
1110 638 1222 744 φάναι
1250 635 1315 719 τὸν

120 759 257 863 Κύρων
286 773 307 811 “
319 767 363 842 Εἰ
391 761 437 842 τά
464 763 552 866 έργα
579 761 629 863 μὴ
654 763 806 862 ἐποίησα
825 764 863 842 έν
881 764 998 848 αὐτοῖς
1015 757 1040 842 ἀ
1059 764 1179 862 μηδεὶς
1198 761 1314 844 ἀλλος
1358 761 1463 894 {2524

119 895 141 932 “
160 887 337 988 ε’ποίησε,”
366 887 532 987 τοιαύτην
562 887 647 987 ἡμῖν
673 885 740 986 τὴν
759 885 915 967 διάνοιαν
938 886 1108 994 εἰσφέρει.
1148 882 1223 966 εἰτα
1250 883 1315 965 τὸν

84 1015 193 1097 5τῶν
221 1009 424 1091 ἐλαττόνων
454 1011 631 1114 ῦπηρέτην
660 1013 719 1090 καῖ
748 1009 921 1109 διάκονον,
953 1013 1048 1118 φημὶ
1075 1009 1113 1091 δέ
1139 1008 1313 1108 Μωυσέα,

118 1140 196 1217 ταῖς
214 1135 306 1213 οὕτω
331 1142 514 1238 λαμπραῖς
539 1134 777 1242 καταστέφειν
795 1142 924 1234 τιμαῖς,
942 1134 1007 1214 τὸν
1025 1131 1064 1214 δέ
1088 1134 1315 1236 ἀσυγκρίτως

120 1257 300 1364 ῦτερφερῆ
326 1261 385 1338 καὶ
409 1256 507 1338 πολῦ
529 1263 602 1338 τῶν
620 1256 814 1358 ἀμεινόνων
836 1255 1001 1362 ε’ργοίτην,
1020 1256 1201 1342 ἀσυνέτως
1220 1257 1314 1336 οὕτω

116 1380 395 1482 παρωθούμενος
413 1382 477 1462 οῦκ
494 1383 668 1488 ἐρυθριᾷς,
687 1381 800 1462 καίτοι
819 1389 894 1467 τοῖς
911 1381 970 1462 διὰ
985 1380 1173 1464 Μωυσέως
1191 1415 1311 1485 χρησ-

118 1502 314 1611 μῳδήμασι
350 1503 393 1585 τῦ
429 1503 545 1586 πάλαι
581 1504 840 1607 διηγγελμένον
876 1503 1060 1609 έπάγοντα
1099 1503 1219 1607 πέρας,
1256 1506 1315 1584 καὶ

67 1665 106 1707 ιο
119 1631 376 1708 κατακλείοντα
403 1627 533 1710 λοιπὸν
560 1635 608 1713 εἰς
635 1629 807 1729 ἀλήθειαν
825 1627 891 1730 τὴν
907 1627 1028 1710 σκιάν.
1068 1631 1159 1728 ὁμοῦ
1186 1660 1344 1730 retra-s
1365 1645 1479 1702 91οὼ

117 1760 205 1856 ροῦν
228 1755 248 1832 5
272 1754 404 1856 Κύριος
424 1754 525 1853 ἡμῶν
548 1754 691 1854 Ἰησοῦς
710 1755 730 1832 ὁ
749 1752 913 1856 Χριστὸς
936 1753 1227 1852 συνεισκεκόμικε
1249 1752 1315 1852 μέν

119 1878 319 1979 ἀναγκαίως
344 1879 458 1986 ἑαυτῷ
475 1911 514 1958 τε
533 1883 591 1958 καὶ
611 1883 663 1983 τῷ
683 1880 802 1979 Πατρῖ
820 1875 888 1976 τὴν
903 1885 968 1958 τοῦ
989 1876 1199 1977 Πνεῦματος
1217 1876 1312 1978 μνή-

118 2029 204 2101 μην·
243 2001 436 2106 ἀπελέγχει
453 1999 490 2081 δέ
509 1997 584 2100 ἀμα
608 1999 651 2081 τὸ
678 2000 861 2104 εἰρημένον
887 1999 1031 2101 ἀληθές,
1050 2002 1248 2098 τουτέστιν,
1266 2003 1315 2084 ὡς

118 2123 216 2228 εἰπερ
240 2159 294 2210 τις
312 2125 431 2205 ἕλοιτο
449 2123 508 2204 διά
525 2126 655 2224 μίσους
677 2123 770 2230 ἔχειν
787 2123 851 2204 τὸν
869 2121 971 2221 Υἰδν,
992 2122 1314 2226 συναποστυγήσει

66 2273 105 2336 15
120 2245 164 2348 δὴ
188 2247 332 2334 πάντως
356 2251 415 2328 καὶ
439 2248 504 2329 τὸν
521 2247 565 2355 ἐξ
584 2248 693 2353 οῦπέρ
726 2250 807 2328 ε’στι
826 2247 983 2352 Πατέρα·
1014 2250 1073 2328 καί
1097 2255 1175 2333 πῶς
1193 2245 1216 2349 ἢ
1235 2248 1315 2328 τίνα

119 2370 164 2471 δὴ
182 2372 332 2474 τρόπον,
355 2373 418 2452 θέα
436 2369 559 2454 πόλιν.

175 2494 269 2576 Ἰδοῦ
299 2494 370 2598 γὰρ
400 2494 476 2575 ἰδοῦ
503 2495 639 2602 πνεύμα
670 2495 727 2589 τῆς
757 2494 929 2594 ἀληθείας,
958 2494 1145 2576 τουτέστιν
1177 2497 1312 2594 ἑαυτοῦ,

118 2616 183 2699 τόν
211 2619 455 2723 Παράκλητον
482 2619 606 2716 εἰπὼν,
637 2617 737 2728 παρῖι
763 2622 818 2701 τοῦ
840 2619 973 2730 Πατρὶς
1001 2617 1110 2700 αῦτῦν
1137 2619 1347 2727 εἰιπιρεύε-ἰ)

119 2743 211 2823 σθαί
244 2751 371 2849 φησιν.
420 2741 544 2848 ὥσπερ
581 2743 653 2848 γάρ
684 2747 785 2824 ἐστιν
820 2744 909 2825 ἰδιον
939 2749 1090 2844 Πνεῦμα
1125 2752 1189 2824 τοῦ
1223 2749 1314 2824 Υίοῦ

67 2921 108 2962 20
121 2873 293 2974 φυσικῶς,
312 2871 350 2948 έν
367 2869 463 2974 αὐτῷ
481 2903 519 2947 τε
539 2867 701 2972 ι’πάρχον
720 2871 778 2948 καὶ
801 2869 844 2947 δι’
862 2869 971 2948 αῦτοῦ
986 2866 1124 2970 προῖῦν,
1144 2869 1237 2948 οῦτω
1255 2871 1315 2948 καί

120 2999 184 3071 τοῦ
213 2989 370 3094 Πατρός·
408 2989 459 3075 οἷς
487 2990 526 3071 δὲ
553 2991 595 3070 τὸ
616 2997 765 3089 Πνεῦμα
793 2989 922 3088 κοινόν,
948 2990 1087 3075 τούτοις
1114 2989 1167 3090 εἰη
1199 2989 1315 3090 δήπου

119 3113 263 3199 πάντως
291 3111 336 3194 ἂν
361 3117 420 3194 καί
447 3114 493 3194 τιί
520 3117 583 3212 τῆς
611 3115 736 3197 οὐσίας
764 3115 806 3192 οῦ
835 3113 1061 3216 διωρισμένα.
1100 3111 1150 3212 μὴ
1173 3111 1246 3215 γάρ
1268 3111 1313 3214 δή

119 3271 210 3322 τινες
235 3238 327 3337 ἡμᾶς
351 3245 424 3318 τοῖν
442 3243 636 3334 δυσσεβεῖν
654 3237 828 3317 εἰωθότων
847 3243 920 3320 τοῖς
939 3237 978 3316 έκ
996 3237 1150 3334 ἀμαθίας
1175 3238 1310 3317 ἀποκο-

119 3361 292 3466 μιζόντων
310 3360 434 3465 λόγοις
453 3367 501 3446 εἰς
520 3357 544 3440 ἀ
565 3359 615 3462 μὴ
635 3363 733 3459 θέμις
758 3363 898 3456 ε’ννοεῖν,
918 3363 966 3444 ὡς
992 3359 1210 3462 ῦπουργικήν
1233 3394 1314 3441 τινα

69 3521 107 3584 25
120 3487 242 3591 χρείαν
270 3488 493 3589 ἀποπληρῶν
517 3485 537 3564 5
564 3482 652 3570 Υἰῦς
680 3483 715 3566 τί
745 3483 846 3593 παρά
872 3486 928 3565 τοῦ
946 3483 1079 3592 Πατρίς
1100 3487 1240 3590 Πνεῦμα
1267 3490 1313 3591 τῇ

120 3609 234 3690 κτίσει
251 3613 413 3690 διακονεῖ·
445 3611 503 3690 καί
521 3617 628 3690 τοῦτο
645 3606 717 3712 γάρ
736 3607 917 3692 ἀσυνέτως
935 3607 1025 3692 τινές
1045 3608 1086 3687 οῦ
1104 3606 1345 3688 κατέδεισανο

120 3739 239 3815 εἰπεῖν.
276 3731 458 3814 πιστεύειν
485 3731 523 3813 δέ
556 3739 701 3832 μᾶλλον
732 3731 945 3822 ἀκόλουθον,
976 3734 1024 3816 ὡς
1056 3733 1198 3834 έπείπερ
1226 3730 1315 3811 ἰδιόν

120 3859 220 3938 ἐστιν
252 3859 370 3956 αὑτοῦ,
401 3853 563 3960 καθάπερ
594 3855 719 3955 ἀμέλει
750 3858 810 3936 καῖ
844 3863 908 3936 τοῦ
941 3861 1038 3936 Θεοῦ
1069 3858 1128 3935 καί
1159 3851 1315 3956 Πατρός,

120 3976 343 4062 ἀποστέλλει
370 3987 444 4065 τοῖς
462 3981 576 4084 αἰγίοις
599 3982 707 4061 αὑτοῦ
730 3986 906 4080 μαθηταῖς
932 3976 1025 4082 πρός
1049 3978 1245 4080 ἀγιασμόν.
1286 3982 1316 4056 εἰ

69 4141 109 4200 30
121 4102 159 4184 δέ
187 4103 231 4204 δὴ
259 4103 442 4208 νομίζουσι
469 4101 604 4208 τρόπον
620 4102 700 4186 τινά
726 4107 784 4184 καῖ
812 4101 918 4207 δριμῦ
936 4108 1028 4182 νοεῖν
1046 4135 1084 4182 τε
1104 4104 1163 4181 καὶ
1185 4101 1316 4205 λέγειν,

121 4225 284 4308 διάκονον
310 4227 394 4328 ἡμῖν
420 4229 479 4308 καί
507 4225 688 4332 ῦπουργῦν
712 4229 779 4308 κάν
797 4226 912 4334 τούτῳ
939 4223 984 4326 δὴ
1008 4223 1122 4306 πάλιν
1143 4222 1207 4306 τὸν
1225 4222 1316 4305 Υίῦν

156 4529 182 4577 4.
199 4509 323 4580 πεποίηκε
336 4508 368 4564 E.
381 4507 415 4564 cs.
429 4525 511 4579 supra
522 4521 573 4580 907
586 4507 614 4564 b.
729 4505 756 4560 8.
773 4507 818 4575 τῆς
850 4523 880 4560 το
893 4507 947 4562 τοῖς
960 4504 991 4560 Ε.
1115 4517 1193 4576 17-p.
1203 4502 1264 4575 609,
1274 4520 1316 4559 ας.

122 4581 204 4636 citant
216 4598 242 4653 q.
256 4580 337 4636 Vacci
349 4579 442 4652 Epigr.
455 4596 481 4635 v.
652 4593 696 4650 30.
714 4575 806 4648 δριμὺν
844 4616 850 4632 .
865 4577 948 4632 invito
961 4575 1058 4632 Vecco.
