3248 5112
302 316 368 382 524
606 321 644 385 B.
668 319 880 386 CYRILLI
911 321 1200 387 ALEXANDR.
1369 314 1434 378 xiv.
1451 309 1508 376 28.

302 514 342 559 τε
366 481 511 586 Πατρὺς
529 491 587 566 καὶ
605 492 695 568 Υίοῦ
713 491 776 588 τῆς
795 485 963 588 θεότητος
982 487 1077 591 ὅρου,
1096 485 1119 588 ἢ
1139 485 1235 570 ὅπως
1253 483 1297 564 ἄν
1315 516 1368 566 τις
1391 477 1507 562 είπὺιν

136 624 205 680 850
216 623 253 681 Δ.
266 641 291 710 ἰ
303 606 367 686 οὑκ
404 605 449 686 ἂν
485 617 549 688 τοῦ
586 612 785 713 πρέποντος
821 613 1008 720 ε’ξοίχοιτο·
1054 611 1306 714 συγκρίνονται
1341 604 1415 708 γὰρ
1454 607 1507 688 ὡς

134 701 216 828 ἓήίῗ
303 729 492 832 ὁμογενεῖς,
516 733 737 838 κεχρήσομαι
762 733 800 816 δέ
828 735 886 816 διὰ
915 735 981 836 τὴν
1003 733 1163 838 ἀνάγκην
1183 740 1248 813 τοῦ
1273 727 1506 834 θεωρήματος

302 853 361 931 καὶ
396 861 470 938 τοῖς
506 857 615 936 αὑτοῦ
652 855 787 960 λόγοις·
832 856 1078 940 διδασκόντων
1110 862 1143 938 οί
1176 855 1327 939 τάλανες
1357 851 1396 932 τί
1428 850 1505 954 ἄρα

303 974 486 1079 νομίζουσι
517 988 795 1084 παρασκευῦσαι
823 981 887 1062 τὸν
911 981 1002 1063 Υίῦν
1028 985 1067 1063 έν
1095 979 1288 1062 ἐλάττοσιν
1317 973 1403 1056 εἶναι
1435 981 1541 1056 τοῦ5

302 1105 399 1180 Θεοῦ
426 1104 484 1182 καὶ
514 1103 681 1206 Πατρός;
720 1101 791 1206 ἆρα
819 1103 946 1204 πόθος,
973 1103 996 1206 ή
1028 1106 1185 1212 ῥᾳθυμία
1212 1105 1271 1184 καὶ
1302 1102 1375 1182 ὅσα
1404 1134 1503 1198 συμ-

301 1225 437 1316 βαίνειν
456 1222 527 1306 οἶδε
551 1234 625 1312 τοῖς
649 1227 802 1330 γενητήν
820 1229 945 1334 έχουσι
967 1227 1035 1329 τὴν
1053 1229 1191 1336 φύσινς
1222 1223 1298 1307 εἶτα
1324 1225 1377 1309 τίς
1404 1225 1504 1304 οὕτω

301 1347 455 1453 ληρήσει
479 1353 539 1430 καὶ
561 1354 775 1434 διακείσεται
799 1352 1031 1458 παραλόγως,
1051 1357 1099 1437 ὡς
1124 1355 1183 1432 καὶ
1206 1351 1319 1451 μόνον
1340 1346 1500 1452 ἀνασχέ-

299 1481 389 1555 σθαι
430 1473 498 1555 κᾶν
532 1484 622 1579 γοῦν
658 1481 707 1562 είς
744 1479 806 1562 οῦς
840 1480 989 1558 ἑλέσθαι
1026 1474 1093 1576 τὴν
1127 1475 1393 1586 βλασφημίαν,
1439 1471 1502 1552 ὅτε

299 1599 429 1697 τοίνυν,
457 1602 505 1684 ὡς
538 1599 710 1702 ὁμογενὴς
744 1600 914 1706 ὑπάρχων
942 1606 994 1709 τῷ
1021 1599 1113 1681 κατὺι
1140 1599 1255 1707 φύσιν
1283 1603 1376 1705 Θεῷ,
1404 1595 1502 1680 Θεόι·
1522 1617 1563 1659 ¹0

266 1723 379 1802 δέστι
406 1721 573 1821 δηλονότι
601 1721 693 1804 κατὰ
720 1723 919 1831 φύσινκαὶ
947 1722 1063 1808 αὑτός·
1091 1724 1320 1826 συγκρίνεται
1346 1717 1419 1822 γὰρ
1447 1727 1502 1824 τῷ

303 1847 434 1948 Πατρί·
464 1845 681 1928 διακωλύσει
705 1845 743 1928 δέ
770 1847 871 1928 οὐδέν
887 1848 929 1928 τὸ
954 1846 1127 1932 ὡσαύτως
1144 1847 1236 1952 ἔχειν
1254 1851 1306 1955 τῷ
1323 1844 1498 1952 φύσαντι·

299 1974 376 2052 πῶς
394 1969 554 2050 ἐλάττων
571 1971 695 2067 ε’στίνς

355 2092 502 2194 Ἐπειδὴ
535 2093 573 2174 δέ
605 2099 663 2174 καὶ
693 2095 926 2195 ἀμαθέστατα
952 2129 991 2176 τε
1022 2099 1081 2176 καὶ
1113 2093 1331 2197 ἇλσγιότατα
1359 2093 1397 2171 έν
1423 2095 1501 2174 τοῖς

299 2217 540 2319 προκειμένοις
568 2216 717 2325 διεξιὼν,
746 2220 788 2298 οὑ
818 2220 1019 2300 κατέδεισεν
1046 2225 1154 2300 εἰπεῖν
1181 2221 1202 2298 ὁ
1233 2221 1297 2316 τῆς
1328 2215 1500 2313 ἀληθείας
1518 2236 1558 2294 ¹5

301 2338 440 2444 ἐχθρὸς,
460 2401 482 2438 ,,
494 2340 549 2420 ὅτι
566 2339 693 2444 μείζων
711 2343 731 2422 ὁ
752 2339 880 2446 Πατὴρ
903 2347 967 2442 τῆς
988 2340 1154 2443 θεότητος
1171 2349 1235 2422 τοῦ
1253 2337 1379 2422 Υίοῦ·”
1409 2339 1499 2444 φέρε

300 2467 363 2562 τῆς
388 2462 480 2562 μετὰ
504 2465 641 2567 σαρκὸς
665 2466 866 2564 οἰκονομίας
891 2465 955 2548 τὸν
977 2465 1090 2570 λόγον
1107 2464 1229 2571 βραχύ
1254 2499 1290 2545 τι
1317 2464 1500 2568 περιστεί-

298 2597 437 2684 λαντες,
459 2590 518 2668 καὶ
545 2593 608 2688 τῆς
635 2595 708 2670 τῶν
733 2591 973 2694 προκειμένων
1000 2592 1134 2676 ε’ννοίας
1161 2586 1410 2673 ἀποδιελόντες
1437 2585 1499 2668 διὰ

298 2707 361 2790 τὸν
380 2707 543 2816 ἔλεγχον,
562 2710 628 2812 τὴν
646 2711 799 2814 θεότητα
820 2723 885 2794 τοῦ
903 2719 993 2796 Υίοῦ
1017 2719 1063 2820 τῇ
1089 2721 1152 2794 τοῦ
1171 2711 1316 2816 Πατρὺς
1341 2711 1494 2816 συγκρί-

270 2866 415 2932 ονωμεν
438 2833 529 2914 κατά
555 2869 598 2937 γε
622 2833 686 2916 τὸν
708 2839 848 2919 ἐκείνων
866 2835 996 2940 λόγον,
1017 2840 1126 2918 έκεῖνο
1152 2836 1196 2936 δή
1220 2841 1364 2939 πρῶτον
1386 2841 1498 2916 εἰπεῖν
1515 2863 1555 2902 20

297 2956 561 3058 ιίπαιτήσαντες
589 2958 653 3040 τὸν
679 2969 785 3044 τοῦτο
812 2959 926 3068 φάναι
953 2961 1205 3061 τολμήσαντα,
1229 2957 1382 3062 πότερόν
1408 2994 1499 3040 ποτε

298 3078 394 3162 Θεὸν
418 3081 505 3163 ὄντα
532 3081 625 3164 κατὺι
651 3083 766 3190 φύσιν
789 3084 960 3190 ὑπάρχειν
984 3083 1092 3164 οἴεται
1119 3081 1183 3164 τὸν
1201 3079 1350 3183 Θεὸυ,ἢ
1377 3083 1498 3186 ἕτερον

296 3205 362 3304 μέν
392 3241 427 3287 τι
462 3205 562 3310 παρὰ
598 3217 715 3306 τοῦτο,
749 3211 962 3308 τετιμῆσθαι
996 3206 1111 3310 γεμήν
1145 3212 1191 3313 τῇ
1228 3210 1293 3306 τῆς
1330 3205 1497 3307 θεότητος

205 3371 211 3385 ·
296 3328 436 3430 κλήσει,
469 3329 632 3435 καθάπερ
669 3333 732 3412 οὑν
760 3331 882 3430 α’μέλει
913 3333 1048 3412 πολλοὶ
1083 3327 1149 3430 μέν
1177 3333 1216 3412 έν
1248 3331 1387 3438 οὐρανῷ
1422 3334 1496 3411 θεοὶ

297 3457 355 3533 καὶ
377 3454 500 3557 κύριοι,
518 3457 653 3534 πολλοὶ
678 3455 717 3536 δέ
740 3458 799 3536 καὶ
824 3459 882 3536 ε’πὶ
905 3460 970 3556 τῆς
993 3459 1061 3556 γῆς
1085 3451 1173 3535 εἶναι
1197 3454 1378 3560 λέγονται.
1418 3459 1495 3535 δια-
1511 3479 1550 3538 ²5

296 3577 555 3678 βεβαιουμέυου
572 3578 638 3678 μέν
656 3577 728 3682 γὰρ
746 3584 843 3685 ψιλῇ
862 3579 1080 3687 δεδοξάσθαι
1104 3579 1335 3685 προσηγορίᾳ
1358 3585 1404 3684 τῇ
1429 3583 1495 3677 τῆς

297 3697 462 3801 θεότητός
489 3708 583 3807 φημι
610 3701 675 3782 τὸν
691 3702 790 3800 ww,
808 3700 859 3802 μή
886 3702 1038 3802 μήνκαὶ
1067 3701 1239 3808 ὑπάρχειν
1260 3699 1352 3782 κατὰ
1379 3701 1496 3808 φύσιν

263 3823 405 3912 ᾶαὺτὸν
422 3827 568 3927 ἀληθῶς
592 3827 694 3906 τοῦθ’
714 3825 800 3930 ὑπερ
825 3823 912 3907 εἶναι
937 3830 996 3908 καὶ
1020 3826 1170 3930 λέγεται,
1189 3823 1237 3906 τὰ
1259 3823 1378 3906 εἰκότα
1403 3831 1495 3930 φρο-

295 3956 437 4035 νοῦντες
455 3949 718 4050 ὑπαιπήσομεν,
738 3947 929 4055 διαῤῥήδην
947 3947 1225 4054 ἀνακεκραγότες
1236 3945 1289 4030 Ὠ
1306 3955 1383 4046 τᾶν,
1397 3952 1446 4034 ὡς
1465 3955 1494 4030 εἰ

293 4071 345 4173 μὴ
373 4073 483 4182 φύσει
506 4071 600 4158 Θεός
625 4075 716 4172 ἔστι,
734 4075 904 4174 κτίσματι
930 4082 1203 4178 προσκυνοῦμεν
1225 4071 1277 4153 ε”τι
1303 4071 1403 4177 παρὰ
1429 4071 1495 4155 τὸν
1509 4099 1549 4156 30

294 4199 481 4296 κτίσαντα,
518 4199 576 4278 καὶ
612 4199 690 4303 οὑχὶ
726 4197 838 4299 μόνον
872 4197 971 4299 ἡμεῖς
1007 4203 1041 4278 οί
1077 4196 1179 4279 τόνδε
1215 4195 1280 4279 τὸν
1314 4197 1494 4302 περίγειον

330 4483 356 4538 6.
373 4483 499 4555 ρρθνμιαν
511 4485 544 4541 Ε.
646 4485 1107 4559 14:01priusmumptumexss.
1206 4503 1250 4542 21.
1268 4484 1446 4556 τολμήσαντες
1460 4485 1494 4544 Ε.

294 4553 338 4610 26.
356 4558 387 4624 τῇ
400 4565 569 4628 assumptum
582 4574 615 4613 ex
629 4557 662 4612 Ε.
769 4575 813 4628 31.
832 4559 878 4612 τὸν
889 4574 943 4612 om.
958 4555 1060 4628 Migne.
