3248 5112
166 267 231 338 xiv.
248 273 297 341 18.
353 277 411 344 IN
443 281 756 351 S.JOANNEM.
801 283 981 350 mlx.
1026 281 1130 349 CAP.
1153 281 1182 348 Ι.
1300 275 1363 341 471

168 443 405 542 εῖσκομίσειεν
432 447 487 530 άν.
529 448 588 530 ἵνα
620 449 740 530 τοίνυν
767 450 927 558 ἐπιδείξῃ
954 455 1098 558 σαφεῖς,
1124 447 1179 528 ὅτι
1210 442 1275 526 τὸν
1303 444 1400 541 τῆςΙ)

167 564 372 668 ἑτερότητος
403 568 517 676 λόγον
547 573 590 652 οῦ
622 573 705 654 καθ’
735 572 856 678 ἕτερόν
885 608 967 656 τινα
1001 578 1161 654 νοεῖσθαι
1197 568 1369 666 βούλεται

166 686 312 789 τρόπον,
332 695 434 774 ἀλλὰ
458 694 549 777 κατὰ
574 695 687 797 μόνον
705 695 748 777 τὸ
773 699 870 782 ἰδίως
895 695 1068 803 ὑπάρχειν
1092 693 1189 776 αὐτό·
1221 697 1370 790 Πνεῦμα

167 811 240 916 γὰρ
266 815 309 896 τὸ
333 823 483 919 Πνεῦμα
510 821 569 902 καὶ
598 821 665 928 οῦχ
683 827 723 908 ,Υ
724 819 785 921 ίδς,
803 821 927 926 ὥσπερ
956 823 1020 902 οῦν
1041 817 1130 906 Υίδς
1154 819 1175 899 ὅ
1196 814 1285 900 Υἱὸς
1312 813 1371 894 καὶ

137 938 212 1016 5οῦ
240 939 382 1046 Πατήρ·
414 944 744 1044 άποσταλήσεσθαι
771 941 835 1026 τὸν
855 944 1100 1050 Παράκλιγτσν
1127 940 1246 1036 εἰπὸν,
1264 936 1371 1022 αὐτὸς

169 1061 268 1170 ἥξειν
287 1067 561 1171 ἐπαγγέλλεται,
580 1070 647 1175 ούχ
665 1068 785 1174 ἕτερόν
803 1103 838 1150 τι
856 1066 899 1149 τδ
920 1075 1068 1168 Πνεῦμα
1087 1065 1222 1151 δεικνῦς
1240 1062 1263 1166 ἢ
1283 1061 1371 1164 ὅπερ

171 1189 272 1268 ε’στῖν
290 1189 407 1290 αὐτὸς,
426 1193 569 1296 ε’πείπερ
594 1194 695 1274 ε’στῖν
712 1194 751 1273 ἐκ
775 1201 840 1274 τοῦ
859 1192 1006 1297 Πατρός
1031 1193 1121 1272 ἰ’διον
1141 1197 1291 1289 Πνεῦμα
1313 1187 1372 1268 καὶ

172 1313 281 1392 αι’ντοῦ
299 1322 440 1395 νοεῖται·
468 1318 527 1396 καὶ
545 1324 628 1402 νοῦς
644 1318 754 1398 αὐτοῦ
773 1315 832 1398 διά
849 1323 955 1397 τοῦτο
981 1319 1039 1398 καῖ
1066 1312 1283 1416 ὠνόμασται·
1314 1314 1372 1392 καὶ

172 1443 262 1538 γοῦν
280 1437 300 1517 ὃ
321 1436 469 1524 Παῦλός
494 1446 612 1548 φησιν
629 1439 717 1522 αὐτὸ
744 1439 789 1542 δὴ
813 1449 921 1522 τοῦτο
944 1441 1132 1542 σημαίνων
1150 1448 1173 1486 “
1185 1439 1313 1538 Ἡμεῖς
1333 1433 1499 1560 &effi

122 1583 161 1625 10
174 1569 195 1606 “
215 1567 300 1642 νοῦν
329 1565 495 1665 Χριστοῦ
530 1563 691 1670 έχομεν.”
734 1565 915 1651 συνιέντες
946 1565 1066 1646 τοίνυν
1096 1564 1211 1668 ὀρθῶς
1243 1593 1282 1641 τε
1314 1560 1373 1640 καὶ

174 1686 355 1785 ἀπλανῶς,
373 1689 431 1767 καὶ
449 1684 491 1768 τῦ
509 1689 747 1792 ε’κτρέπεσθαί
761 1722 824 1770 ποι
842 1688 942 1791 παρὰ
959 1687 1002 1770 τὸ
1024 1685 1115 1772 εῖκδς
1142 1690 1191 1772 ὡς
1215 1681 1375 1768 ἀκαλλὲς

175 1807 414 1910 διωθούμενοι,
449 1815 507 1892 καὶ
538 1819 613 1898 τοῖς
648 1816 713 1912 τῆς
750 1813 991 1894 θεοπνεύστου
1027 1815 1174 1919 γραφῆς
1210 1806 1376 1908 ἑπόμενοι

176 1931 310 2036 λόγοις,
330 1935 451 2040 φαμέν
469 1933 525 2015 ὅτι
544 1937 611 2042 οὐχ
628 1934 748 2039 ἕτερόν
763 1971 799 2016 τι
818 1936 902 2040 παρ’
922 1935 1041 2034 αὐτὸν,
1058 1935 1149 2016 ὅσον
1166 1935 1251 2036 ἧκεν
1267 1939 1377 2014 εῖπεῖν

177 2063 226 2142 εῖς
257 2057 457 2160 ταυτότητα
489 2059 660 2167 φυσικὴν,
692 2059 910 2166 διῃρημένος
939 2094 979 2140 τε
1010 2062 1069 2141 καῖ
1100 2055 1372 2142 ῖδιοσυστάτως·

128 2193 164 2254 ¹5
176 2190 283 2262 τοῦτο
300 2181 371 2286 γὰρ
389 2179 486 2283 οἶμαι
504 2187 624 2269 συνεῖς
641 2187 700 2266 καὶ
726 2186 746 2265 ὃ
773 2187 967 2270 θεσπέσιος
987 2189 1137 2268 Παῦλος
1153 2182 1377 2286 παραμίσγει

176 2303 365 2406 πολλάκις,
389 2309 448 2386 καὶ
475 2309 523 2392 ὡς
550 2305 681 2389 ταύτδν
707 2304 750 2388 δν
777 2305 944 2413 ἑκάτερον
967 2307 1136 2415 εῖσφέμει,
1161 2305 1225 2388 τὸν
1245 2303 1372 2409 Παρά-

179 2429 314 2530 κλητόν
335 2435 429 2538 φημι
456 2434 515 2512 καὶ
543 2431 607 2512 τὸν
624 2430 727 2516 Υίόν.
764 2431 927 2537 εὑρήσεις
954 2431 1026 2538 γὰρ
1054 2431 1210 2536 λέγοντα
1228 2441 1252 2478 “
1265 2435 1312 2511 El
1339 2427 1382 2510 δέ
1389 2445 1411 2511 ι1
1424 2415 1512 2546 ἐξ,

180 2563 201 2601 “
220 2588 274 2638 τις
303 2559 453 2656 Πνεῦμα
479 2561 645 2662 Χριστοῦ
677 2557 741 2638 οὐκ
769 2556 852 2663 ἔχει,
880 2557 984 2642 οὗτος
1012 2557 1076 2638 οῦκ
1105 2556 1207 2637 ἔστιν
1235 2554 1376 2654 αῦτοῦ,”

181 2680 239 2758 καὶ
267 2676 381 2760 πάλιν
407 2679 510 2766 εὐθύς
540 2691 562 2728 “
578 2687 624 2762 El
654 2679 692 2762 δὲ
721 2680 885 2785 Χριστὸς
916 2683 953 2762 ἐν
982 2683 1074 2780 ὑμῖν,
1101 2678 1144 2761 τὸ
1173 2679 1239 2781 μέν
1268 2685 1378 2779 σῶμα
1422 2701 1514 2754 nm

130 2833 169 2872 20
183 2812 203 2849 “
222 2801 346 2906 νεκρὸν
367 2801 427 2884 διά
450 2803 517 2904 τὴν
539 2805 731 2908 ἁμαρτίαν,
751 2803 794 2885 τὸ
820 2805 858 2886 δέ
879 2811 1029 2904 Πνεῦμα
1057 2802 1127 2908 ζωὴ
1155 2801 1215 2884 διῖι
1242 2806 1377 2882 δικαιο-

183 2937 204 2974 “
223 2925 373 3027 σύνην.”
408 2927 545 3013 ἀκούεις
572 2935 651 3013 πῶς
676 2925 843 3031 Χριστὸν
867 2928 960 3034 ἔχειν
988 2927 1180 3032 διαῤῥήδην
1207 2929 1385 3026 ὁμολογεῖ

182 3047 265 3134 τοῦς
292 3046 335 3130 τὸ
355 3054 504 3150 Πνεῦμα
530 3049 713 3146 λαβόντας
741 3052 878 3149 αὑτοῦ,
918 3053 1014 3158 φησὶ
1042 3047 1079 3130 δὲ
1106 3052 1164 3130 καὶ
1191 3050 1230 3130 έν
1250 3048 1382 3152 ἑτέροις

183 3181 206 3220 “
219 3177 327 3253 Δοκοῖ
354 3171 427 3277 γάρ
454 3171 555 3275 κάγδι
582 3179 732 3273 Πνεῦμα
759 3179 855 3254 θεοῦ
883 3172 1010 3280 ἕχειν.”
1044 3175 1065 3254 ὁ
1093 3171 1131 3253 δὲ
1158 3179 1265 3253 τοῦτο
1291 3168 1382 3276 πρὸς
1426 3181 1514 3307 ζὶξῠῖὁ

183 3296 276 3396 ἡμᾶς
307 3296 416 3378 εῖποίν
443 3307 465 3345 “
481 3303 527 3378 Ei
555 3293 705 3398 δοκιμὴν
732 3298 874 3402 ζητεῖτε,
905 3300 1011 3406 φησὶ,
1041 3305 1106 3378 τοῦ
1133 3299 1172 3377 έν
1200 3298 1277 3395 ἐμοὶ
1308 3306 1380 3374 λα·
1427 3280 1522 3429 ἔὲοτί
1604 3341 1615 3346 -

132 3429 171 3491 ²5
185 3429 207 3468 “
225 3428 377 3507 λσῦντος
396 3421 591 3526 Χριστοῦ,”
611 3423 670 3503 καὶ
687 3421 773 3523 ἡμῖν
790 3421 828 3502 δὲ
853 3429 927 3507 τοῖς
947 3417 1227 3503 πεπιστευκόσιν
1244 3421 1381 3520 ε’νοικῆ·
1493 3389 1517 3441 ³⁶

185 3579 251 3626 σαι
269 3543 435 3648 Χριστὸν
453 3543 512 3626 διὰ
536 3550 600 3646 τῆς
624 3547 782 3631 πίστεως
806 3543 986 3630 πολλάκις
1001 3544 1196 3654 ἐπεύχεται,
1211 3542 1324 3625 καίτοι
1341 3541 1385 3624 τὸ

188 3675 337 3769 Πνεῦμα
355 3669 543 3776 δεχόμενος
561 3668 604 3752 τὸ
616 3669 749 3774 Ἅγιον.
780 3673 838 3752 καὶ
856 3667 908 3771 μή
926 3705 980 3754 τις
999 3668 1128 3750 οἰέσθω
1147 3669 1267 3772 λέγειν
1281 3668 1415 3769 ἡμᾶς,ο

187 3793 242 3876 ὅτι
278 3799 351 3874 τῶν
383 3793 578 3895 ὀνομάτων,
610 3794 690 3895 ἤτοι
724 3801 798 3875 τῶν
826 3794 1036 3898 προσώπων
1068 3796 1207 3898 ἀναιρεῖ
1237 3790 1305 3893 τὴν
1337 3797 1386 3876 είς

186 3917 352 4026 ἑκάτερον
370 3919 516 4018 στάσιν,
537 3917 559 4022 ἢ
585 3919 641 4000 ότι
664 3917 730 4001 τὸν
746 3919 837 4000 Υῖὸν
855 3920 922 4024 οὐχ
940 3915 1031 3998 Υῖὸν
1048 3913 1138 3998 εἶναί
1154 3921 1270 4022 φησιν
1286 3912 1387 3994 ἀλλὰ

134 4071 174 4130 30
189 4049 347 4146 Πνεῦμα,
371 4044 484 4148 ἤγουν
508 4043 551 4126 τὸ
577 4049 728 4146 Πνεῦμα
752 4049 904 4143 Πνεῦμα
930 4038 995 4142 μέν
1019 4041 1084 4121 οῦκ
1112 4035 1217 4140 οἶδεν,
1234 4035 1387 4119 Υίῦνδὲ

228 4317 252 4354 τ.
271 4297 446 4370 κομίσειενΕ.
555 4313 621 4353 ι-τι
635 4297 699 4352 citat
711 4315 739 4369 p.
846 4311 871 4350 τ.
890 4291 1037 4360 βούλεσθαι
1051 4291 1083 4348 Ε.
1196 4309 1222 4360 4.
1241 4291 1388 4348 δυίδςυίδς

190 4371 297 4426 inverso
309 4369 448 4426 ordinoE.
553 4381 580 4440 5.
598 4368 630 4424 οὐ
642 4367 674 4423 Ε.
696 4367 776 4440 .οδχὶ
788 4364 841 4422 Ed.
956 4365 983 4420 8.
1001 4365 1043 4418 καὶ
1056 4359 1206 4418 secundum
1217 4371 1387 4432 assumptum

191 4441 299 4584 εὼς.
391 4456 431 4496 11.
450 4438 695 4512 ποι]πηρ.τοι.
789 4449 830 4508 15.
848 4432 1129 4510 πομασμίγει(ιῖο)Ε.
1228 4449 1270 4506 19.
1288 4431 1348 4503 ἡμῖν
1359 4449 1388 4505 ρ.

193 4529 236 4569 το.
254 4535 270 4568 τ
286 4521 481 4584 mmmptum
492 4529 525 4568 ex
537 4529 574 4585 μ,
585 4509 621 4568 σί.
633 4527 715 4582 supra
727 4506 818 4582 3781).
926 4518 970 4578 τη.
987 4505 1127 4578 διχόμινον
1139 4503 1172 4560 Ε.
