3118 5132
74 291 160 379 κιρ,
298 296 361 363 ιρι
391 297 429 362 s.
451 295 713 364 ιοκοιυσιι.
757 295 855 362 mn.
879 293 940 362 ιιι.
1162 291 1224 357 σοι

71 455 199 558 δαέρων
216 464 276 540 καὶ
304 462 602 564 ἀναγκαιοτέρων
627 463 774 563 ἀγαθῶν
794 462 1025 556 ἐκπίπτοντα,
1043 455 1224 552 τουτέστι,
1239 475 1262 541 d

71 575 153 677 ἀμ)
184 583 322 664 διάκειν
355 581 451 664 καπά
485 581 641 664 σκοπόν
690 580 762 665 σίδε
791 583 831 663 δέ
862 583 956 664 οὕτω
988 579 1055 682 τὴν
1082 577 1228 729 ἀγάπην

72 701 181 808 Qp
204 740 285 787 τινα
269 705 495 811 κορωνίδα
519 705 656 792 πάσαις
681 707 881 788 ἐπικεῖσθαι
907 713 986 790 ταῖς
1009 705 1160 809 ἀρεταῖς,
1179 705 1228 785 ὡς

71 827 104 900 αἰ
127 827 297 910 κάλλιστα
336 833 424 934 περὶ
461 830 570 929 αι’πῆς
607 828 916 936 φιλονεικήσαντα
952 825 1072 931 λέγειν
1108 835 1131 875 “
1146 822 1228 905 Κάν
1275 832 1353 884 ¹⁰⁰¹·

59 951 106 1005 3·¹
92 953 218 1050 νομίσω
233 951 429 1034 πάντα
387 987 435 1034 τα
457 951 664 1057 υπάρχονπά
687 986 769 1053 μου,
787 951 856 1034 κάν
873 949 1086 1056 παραδῶ
1050 986 1093 1031 το
1118 946 1228 1049 σῶμά
1272 899 1394 963 ”¹⁵5¹

72 1079 138 1168 “W
150 1075 202 1154 ἵνα
217 1075 469 1177 καυθήσσμαι,
489 1073 634 1179 ἀγάπην
652 1075 754 1158 δέ
709 1113 759 1176 μη
778 1076 862 1183 ἔχω,
882 1074 983 1158 οάδέυ
978 1079 1224 1230 ὠφελοῦμαι·

72 1193 134 1273 ε’ἀν
152 1207 221 1284 ταῖς
248 1200 453 1303 γλώσσαις
481 1207 555 1280 τῶν
577 1201 778 1304 ἀνθρώπων
802 1206 909 1280 λαλῶ
932 1201 991 1280 καί
1015 1205 1090 1279 τῶν
1112 1194 1224 1301 ἀγγέ-

73 1321 315 1425 Ἦλάγάπην
334 1322 445 1404 δέ
396 1359 449 1424 μη
468 1323 549 1430 ἔχω,
568 1324 702 1427 γέγονα
719 1324 894 1430 χαλκδς’
874 1357 975 1430 ηχων
993 1359 1017 1424 η
997 1320 1259 1422 κύμβαλονο

72 1443 276 1550 Mau?
320 1448 531 1552 πρόσωπον
559 1449 679 1528 οὖν
651 1482 723 1552 αρα
754 1451 814 1528 καὶ
845 1446 948 1528 εἰκάιν
979 1449 1017 1528 ἐν
1048 1445 1133 1546 ἡμῖν
1164 1453 1229 1525 τσῦ

54 1565 187 1668 ‘Myos
203 1575 456 1675 Χριστοῦ,
410 1605 477 1672 της
493 1569 634 1675 ἀγάπης
651 1571 694 1652 τὸ
713 1570 938 1678 καύχημα

165 1811 251 1888 λέτει
280 1815 383 1900 αὐτῷ
410 1813 523 1892 Σίμων
551 1815 674 1905 Πὲτροο
703 1813 806 1904 Κύριε,
834 1817 896 1880 ποῦ
921 1812 1078 1894 &misem
1244 1815 1281 1890 36

103 1983 325 2067 Φιλαπευστεῖ
361 1984 408 2086 δὴ
444 1985 608 2066 πάλιν’
590 2021 628 2066 εκ
665 1984 955 2094 φιλομαθείας
939 2020 960 2065 ο
995 1984 1144 2086 Πέτρος,
1172 1981 1231 2060 καὶ

75 2107 293 2262 Ἶνςμγάζεται
301 2144 375 2189 που
357 2106 566 2211 ”λόγου
527 2143 593 2260 την
610 2109 769 2210 δύναμιν,
787 2112 907 2193 συνεὶς
924 2106 991 2208 μέν
1010 2109 1120 2204 οὕτω,
1139 2101 1232 2184 κατά

74 2220 185 2328 welde,
200 2235 249 2316 ὦς
267 2267 352 2338 εχει
370 2229 413 2312 τδ
435 2231 627 2336 εἰρημένον,
646 2233 866 2337 θερμοτάτην
884 2229 999 2334 γεμὴν
1016 2235 1063 2315 εἰς
1090 2225 1133 2308 τδ
1159 2231 1232 2306 δεῖν

54 2345 248 2431 Ξέἵεσθαι
198 2390 249 2461 περ
276 2353 513 2463 Χριστῷ
472 2390 540 2454 την
566 2355 769 2461 προθυμίαν
797 2355 1090 2462 εἰσφέρων.κά
1122 2350 1227 2459 ἀξιά-
1211 2368 1397 2429 -οτὸὅὰ

75 2501 163 2564 Μῦς
182 2477 246 2578 μέν
264 2482 306 2561 ἐν
327 2477 451 2586 τούτῳ
475 2485 549 2558 τῶν
566 2480 777 2580 μαθηπῶνὴ
802 2478 913 2586 τάξις.
952 2478 994 2558 σθ
1018 2475 1091 2579 γάρ
1116 2476 1231 2576 δήπου

74 2595 126 2695 θές
138 2634 183 2685 τις
199 2601 253 2702 ἀν,
268 2603 340 2685 ὅτι
356 2608 429 2682 τῶν
447 2602 576 2705 ἐπέρων
593 2603 783 2702 συνέντων,
797 2601 908 2708 τυχὸν
926 2598 1035 2701 μόνος
1053 2597 1232 2702 ἠγνόησεν

75 2715 376 2829 0προτεταγμένος,
398 2725 458 2805 διά
484 2760 522 2804 τε
549 2734 655 2807 τοῦτο
683 2729 865 2830 διερωτάν.
906 2731 1167 2830 παραχωροῦσι
1194 2719 1231 2802 δέ

77 2845 208 2926 ἀλλον
187 2885 233 2936 ως
251 2851 462 2954 προῦχοντι
480 2882 523 2929 το
504 2846 784 2955 κατάρχεσθαι
802 2848 929 2951 λόγου,
948 2851 1007 2930 καί
1027 2846 1231 2950 παῤῥησίας

56 2965 141 3058 ’τήν
128 3003 157 3048 εν
179 2980 228 3082 τῷ
256 2970 575 3056 διαπυνθάνεσθαί
597 2979 704 3080 φημι.
756 2969 798 3053 τδ
827 2971 899 3076 γάρ
928 2977 978 3056 εἰς
1008 2967 1231 3051 διδασκάλου

76 3093 158 3172 mciv
174 3093 408 3196 ἀκοάς,σύδέ
434 3102 509 3180 τοῖς
536 3093 628 3176 εἷναί
652 3129 687 3176 τι
715 3099 893 3194 δοκοῦσιν,
913 3097 1107 3176 ἀκίνδυνον.
1145 3097 1231 3171 θαυ-

75 3243 169 3303 Muros
190 3219 227 3300 δέ
254 3217 368 3302 σάδέν
388 3219 536 3318 ἦττον
520 3254 540 3299 ο
564 3218 777 3322 Πέτρος,’
738 3253 802 3299 ουκ
829 3222 926 3299 αἰδοῖ
949 3225 1013 3300 τοῦ
1040 3253 1091 3317 μη
1075 3215 1265 3296 δοκεῖνδ

74 3361 127 3414 W
145 3343 249 3444 νωθὴς
277 3341 353 3444 τὴν
378 3341 587 3442 εἴδησιν
539 3377 611 3422 των
637 3341 884 3445 ἀγνοηθέντων
902 3339 1124 3446 ζητουμενσς,
1144 3337 1229 3417 ἀλλ

75 3455 185 3560 ὄφρ’
139 3499 186 3546 οτι
202 3468 244 3548 τὸ
260 3471 403 3616 χρῆναι
421 3470 631 3572 σοφοῖνσθαι
649 3462 793 3570 τρέχων,
812 3467 871 3544 καὶ
892 3463 1065 3612 αἰσχύνης
1086 3460 1233 3565 ἀκαίρου

54 3585 209 3678 ἱψέιτονα
231 3589 302 3690 τὴν
328 3591 371 3668 ἐκ
397 3592 461 3688 τῆς
489 3585 778 3696 φιλομαθείας*
755 3622 882 3688 ονησιν
904 3587 1156 3686 ποιησάμενος,
1174 3585 1233 3664 ἰνα

75 3703 147 3792 τίρος
169 3721 238 3800 τοῖς
264 3712 354 3814 μεθ’
373 3710 500 3791 ἑαυτὸν
518 3713 585 3792 κάν
606 3710 722 3819 τοθτιρ
747 3711 901 3815 γένηται.
944 3714 1017 3791 δεῖν
1039 3707 1110 3814 γάρ
1135 3705 1233 3808 οἶμαι

75 3823 338 3943 θραρατρέχειν
355 3837 418 3915 ἐᾶν
435 3831 518 3920 τοὺς
542 3841 615 3915 τῶν
633 3835 877 3916 διδασκόντων
896 3832 1044 3936 λόγους,
1065 3832 1162 3934 εἰπερ
1188 3827 1233 3908 δν

76 3943 163 4035 ἱδροῖ
183 3960 335 4068 σφόδρα
359 3961 502 4064 σαφεῖς,
520 3957 579 4038 ἵνα
603 3954 694 4041 τινές
720 3955 809 4036 εἰναι
836 3959 994 4056 δοκῶμεν
1022 3955 1165 4058 ἀγχίνοι
1193 3987 1232 4032 τε

76 4073 128 4152 δέον
149 4087 198 4162 καί
229 4088 370 4187 δριμεῖς
402 4085 452 4164 εἰς
481 4081 641 4161 σύνεσιν·
678 4079 983 4161 διαπυνθάνεσθαι
1015 4077 1052 4158 δέ
1086 4083 1233 4178 μᾶλλον

56 4203 111 4274 3²¹2?
130 4205 379 4288 ἀνασκαλειίειν
406 4201 653 4305 ἐπιστημόνως
680 4202 722 4283 τδ
749 4207 787 4284 ἐν
815 4207 911 4312 ἀρχῇ
939 4199 1163 4308 παραδεχθέν
1184 4205 1263 4284 εἰςο

78 4315 172 4420 ὅταν.
221 4329 322 4412 πολὺ
364 4327 438 4432 γάρ
474 4329 626 4428 ἀμείνων
663 4327 685 4426 ἡ
719 4335 783 4408 τοῦ
815 4327 1063 4434 συμφέροντος
1099 4329 1233 4427 γνῶσις

473 4533 498 4582 4.
517 4509 753 4586 φιλοσοφήσαντες
767 4512 799 4568 Ε.
