3238 5114
76 356 292 440 xvii.16‚17.
320 359 377 422 IN
408 359 720 424 S.JOANNEM.
769 359 862 424 LIB.
887 360 947 424 XI.
995 361 1096 424 OAP.
1115 358 1175 423 IX.
1222 359 1282 422 715

82 519 216 624 χειρὸς,
235 530 309 606 τοῖς
339 524 397 602 διὰ
421 523 516 604 θεὸν
539 523 802 604 κινδυνεύουσιν
827 525 983 632 ὑπάρξαι
1012 526 1138 630 φησὶν,
1162 521 1286 601 ὁποῖόν

81 678 124 722 τι
153 649 210 724 καὶ
238 648 385 749 γε’γονεν
407 650 461 730 ἐπ’
481 650 609 746 αὐτοῖς,
629 647 720 729 κατδι
747 649 789 730 τὸ
812 649 1060 747 σιωπώμενον,
1082 644 1102 726 δ
1125 649 1183 726 καὶ
1211 653 1285 728 τοῖς

82 770 215 850 ἑαυτοῦ
244 777 418 872 μαθηταῖς
447 773 680 853 ἐκκαλύπτων
703 771 793 852 κατὰ
821 771 964 876 καιροῦς
992 772 1127 874 εἴρηκεν
1149 773 1169 849 5
1188 775 1283 872 Χρι-
1331 851 1349 900 s

84 891 179 978 στός
201 905 222 942 “
237 897 359 994 Σίμων
384 898 516 994 Σίμων,
539 895 614 976 ἰδοῦ
642 899 845 980 ὁσατανᾶς
873 895 1076 1002 ἐξγμήσατο
1104 898 1204 993 ὑμᾶς,
1221 901 1285 973 τοῦ
1331 849 1440 978 κυῖυῖῖ.

22 1049 56 1104 5
85 1027 111 1062 “
130 1019 293 1098 σινιάσαι
324 1023 371 1104 ὡς
398 1019 462 1100 τόν
480 1019 594 1100 σίτον·
632 1019 703 1122 ἐγὼ
729 1019 766 1100 δέ
788 1021 933 1120 ἐδεήθην
951 1024 1033 1122 περὶ
1059 1029 1139 1116 σοῦ,
1158 1020 1216 1098 ἵνα
1235 1017 1285 1118 μὴ
1300 1069 1317 1108 a
1332 995 1456 1109 ῖῖέη,

87 1153 111 1188 “
129 1144 258 1247 ἐκλίπῃ
286 1145 308 1241 ἡ
336 1145 459 1228 πίστις
486 1146 592 1224 σου.”
627 1144 833 1245 λεληθότως
860 1143 931 1248 γὰρ
957 1149 1190 1236 οἰκονομεῖται
1214 1149 1286 1221 τῶν

89 1265 173 1345 καθ’
194 1269 285 1365 ἡμᾶς
311 1267 356 1346 τὰ
380 1266 516 1364 πολλὰ,
538 1277 774 1370 προνοοῦντος
799 1267 966 1368 δηλονότι
994 1273 1052 1346 καὶ
1080 1268 1282 1368 ῦπερασπί·

87 1389 212 1492 ζοντος
233 1399 297 1469 τοῦ
315 1395 480 1491 Χριστοῦ
509 1396 572 1489 τῆς
600 1392 755 1471 ἑκάστου
779 1390 880 1493 ζωῆς.
922 1393 1074 1471 ἐνταῦθα
1103 1389 1141 1470 δέ
1168 1389 1288 1489 λέγων

87 1517 227 1622 Τήρησοι
260 1511 378 1600 αὐτοῦς
409 1515 438 1594 ἑν
471 1525 508 1628 τῇ
538 1514 690 1624 ἀληθεία,
721 1517 978 1614 κατασημαίνει
1008 1521 1140 1621 σαφῶς
1172 1511 1214 1593 τῦ
1244 1514 1286 1591 δι’

4 1673 69 1710 ιο
87 1637 310 1744 ἐλλάμψεως
336 1642 400 1737 τῆς
425 1638 595 1737 ἀληθείας
613 1645 661 1722 εὶς
683 1637 750 1738 τὴν
768 1643 832 1737 τῆς
859 1639 1027 1738 ἀληθείας
1055 1644 1283 1743 χειραγωγεῖ-

88 1768 180 1842 σθαι
218 1759 438 1868 κατάληψιν.
486 1761 564 1842 οῦδέ
601 1761 672 1867 γάρ
705 1761 750 1842 διν
784 1765 867 1867 δίχα
898 1772 961 1842 τοῦ
992 1760 1049 1842 διὰ
1079 1761 1290 1859 Πνεῦματος

89 1893 283 1986 φωτισμοῦ
320 1884 411 1988 πρὸς
447 1887 643 1986 ἐπίγνωσιν
679 1891 743 1984 τῆς
770 1886 941 1985 ἀληθείας
973 1887 1019 1965 ἰὀι
1046 1920 1100 1970 τις
1129 1884 1183 1982 ἂν,
1212 1882 1289 1963 οὐδ’

89 2010 137 2088 ἂν
156 2009 250 2092 ὅλως
276 2012 407 2112 ἀκριβῆ
431 2017 504 2090 τῶν
529 2010 630 2089 θείων
653 2007 844 2111 δογμάτων
870 2010 1087 2113 ἐκπορίσαιά
1107 2007 1153 2089 ἂν
1177 2012 1291 2114 ἐαυτῷ

90 2129 159 2230 τὴν
178 2131 397 2238 κατάληψιν,
416 2132 508 2212 κατά
525 2167 568 2234 γε
586 2132 629 2212 τὸ
649 2133 847 2236 ἀνθρώποις
868 2132 987 2240 φαμὲν
1005 2131 1160 2240 ἐφικτόν.
1202 2131 1290 2232 ῦπέρ

21 2294 75 2354 ι5
90 2254 163 2356 γὰρ
176 2264 259 2335 νοῦν
273 2254 336 2336 τῦν
354 2257 522 2360 ἡμέτερον
541 2255 586 2337 τά
600 2261 637 2338 ἐν
655 2264 700 2362 τῇ
714 2257 941 2366 θεοπνεύστερ
953 2262 1079 2363 γραφῇ
1098 2255 1322 2358 μυστήριάδ

90 2376 192 2478 πλὴν
222 2381 286 2460 οῦκ
316 2381 439 2465 άκλεές
468 2381 510 2461 τὸ
540 2387 665 2485 δῶρον,
695 2381 738 2461 τὸ
768 2379 834 2460 κᾶν
858 2391 946 2483 γοῦν
976 2385 1013 2462 ἐν
1041 2381 1166 2487 μετρίᾳ
1196 2381 1291 2485 φημὶ

92 2505 261 2605 γενέσθαι
291 2512 337 2609 τῇ
363 2505 497 2607 γνώσει
525 2511 570 2610 τῇ
598 2510 679 2609 περὶ
708 2511 885 2608 Χριστοῦ.

151 2627 290 2731 Πέτρος
317 2637 406 2729 γοῦν
433 2631 453 2708 5
486 2629 672 2732 μακάριος,
702 2628 792 2708 Υίὸν
825 2632 970 2727 άληθῶς
1001 2636 1065 2708 τοῦ
1098 2632 1195 2707 Θεοῦ
1227 2635 1291 2706 τοῦ

96 2749 226 2852 ζῶντος
250 2752 483 2854 ὁμολογήσας
506 2751 569 2833 τὸν
591 2753 735 2856 Κύριον,
756 2753 882 2853 ἤκουεν
900 2752 1042 2836 εἰκότως
1065 2762 1086 2800 “
1102 2751 1291 2854 Μακάριος
1336 2765 1459 2880 ξηξῖζθδ·

29 2921 79 2960 20
96 2887 119 2922 ‘⁴
138 2873 170 2954 εἶ
191 2878 312 2974 Σίμων
332 2875 410 2979 Βὰρ
428 2880 542 2974 Ἰωνᾶ,
571 2877 626 2958 ὅτι
655 2876 757 2982 σάρξ
784 2880 842 2955 καὶ
870 2875 957 2975 αἷμα
985 2879 1048 2957 οὐκ
1076 2877 1299 2982 άπεκάλυψέ
1381 2869 1386 2880 ’
1416 2845 1438 2892 ⁷⁰

94 3011 117 3047 ‘⁴
135 3033 208 3096 σοι,
231 3001 315 3078 ἀλλ’
335 3002 354 3079 5
376 3000 504 3102 Πατήρ
529 3035 599 3100 μου
618 3001 638 3078 5
656 3003 693 3079 ἐν
712 3005 787 3084 τοῖς
812 3001 1005 3102 οῦρανοῖς.”
1045 3001 1292 3080 ἀποκαλύπτει

95 3121 168 3224 γάρ
187 3129 259 3206 τοῖς
287 3125 400 3225 ἁγίοις
427 3124 490 3204 τὸν
513 3125 602 3204 ’ίδιον
621 3124 722 3220 Υίὸν,
741 3123 780 3206 ὅς
808 3126 908 3202 ἐστιν
927 3121 1087 3222 ἀλήθεια,
1107 3125 1288 3228 παρατρέ·

94 3280 175 3326 πειν
202 3247 266 3326 ούκ
296 3248 409 3328 ἐῶντα
436 3247 500 3327 τὸν
529 3253 692 3327 σατανιῖν
724 3245 815 3350 πρὸς
845 3246 1020 3346 κίβδηλον
1048 3254 1186 3348 γνῶσιν
1219 3255 1292 3327 τεῦν

94 3368 337 3451 πιστευόντων
376 3370 440 3451 τὸν
477 3381 570 3469 νοῦν,
610 3369 639 3480 ᾧ
679 3371 980 3473 προσκεκλιμεῦοι
1021 3371 1113 3451 κατὰ
1149 3371 1292 3474 καιροῦς

1340 3455 1348 3488 ι
1360 3440 1423 3489 Tun.

39 3525 80 3586 25
94 3494 282 3592 Ὕμέναιος
306 3497 363 3575 καὶ
381 3495 635 3602 Ἀλέξανδρος,
660 3505 682 3541 “
696 3493 926 3597 ἐναυάγησαν
948 3498 1028 3599 περὶ
1052 3493 1117 3595 τὴν
1134 3495 1289 3594 πίστινξ·
1304 3523 1321 3568 0
1336 3507 1353 3556 i.
1369 3520 1408 3555 ιο.

95 3617 159 3698 τὸν
178 3616 287 3722 ὀρθόν
300 3623 363 3718 τῆς
382 3621 550 3719 ἀληθείας
567 3616 823 3722 παρωσάμενοι
840 3615 965 3719 λόγον.
996 3617 1089 3722 μίγα
1107 3620 1226 3701 τοίνυν
1244 3627 1292 3706 εἰς
1337 3572 1375 3622 lb·
1388 3585 1426 3636 ¹⁹·

96 3741 138 3822 τὸ
164 3747 336 3842 διαμεῖναι
358 3749 478 3827 καλῶς
501 3747 558 3823 καὶ
582 3745 620 3822 ἐν
638 3741 804 3844 ὀρθότητι
829 3749 1020 3844 λογισμῶν
1038 3746 1096 3824 καὶ
1114 3743 1293 3852 πράξεων,

96 3864 138 3945 τῦ
166 3868 205 3945 ἐν
232 3865 379 3966 ὀνόματι
399 3872 494 3946 Θεοῦ
516 3869 574 3946 καὶ
602 3867 633 3946 ἒν
656 3864 796 3976 ἀληθείᾳ
820 3873 993 3973 τηρεῖσθαι
1017 3866 1117 3970 παρὰ
1137 3867 1293 3970 Πατρός,

96 3990 154 4069 ἵνα
180 3989 269 4090 μήτε
297 3993 378 4092 περὶ
400 3989 466 4090 τὴν
484 3995 549 4090 τῆς
570 3995 766 4094 πρακτικῆς
791 3991 1012 4097 φαιδρότητα
1040 3990 1291 4088 διαπταίωμεν,

44 4159 84 4214 30
98 4112 185 4212 μίγτε
203 4114 275 4213 μὴν
294 4121 370 4200 ταῖς
392 4119 441 4198 εἷς
459 4115 615 4214 ἀμαθίαν
638 4121 896 4217 παρατροπαῖς,
914 4121 986 4192 τῶν
1005 4117 1068 4212 τῆς
1085 4115 1123 4192 ἐν
1141 4115 1292 4221 ἀληθείᾳ

99 4238 300 4332 θεοσεβείας
317 4236 508 4339 δογμάτων
521 4236 741 4345 ἐξοιχιόμεθά
754 4272 816 4318 ποι
834 4234 987 4340 μακράν.
1008 4244 1114 4316 τοῦτο
1130 4237 1160 4316 δ’
1176 4235 1220 4316 ἂν
1234 4242 1291 4317 καὶ

99 4367 216 4448 αὐτοῖς
233 4365 317 4464 ἡμῖν
337 4365 493 4472 ὑπάρξαι
516 4367 659 4472 ῥᾳδίως,
680 4365 766 4445 όταν
783 4364 853 4471 ἔξω
876 4367 930 4446 τοῦ
958 4369 1085 4472 κόσμια
1106 4365 1293 4469 γεγονότες

507 4599 548 4652 ¹9·
567 4585 656 4650 ἤκουεν
668 4581 700 4636 Ε.
714 4584 823 4650 ἤκουσεν
835 4579 886 4636 Ed.

652 4683 743 4744 452
