3248 5112
123 345 254 416 xiv.28.
319 351 376 416 IN
407 355 440 418 S.
464 351 720 418 JOANNEM.
751 351 862 416 ¹LIB.
888 353 928 416 X.
975 350 1074 416 CAP.
1099 352 1127 416 Ι.
1260 347 1323 414 515

122 544 230 610 μενον
248 513 352 619 ἔχειν·
388 518 535 597 ἀλλὀὐ
561 515 711 622 σφόδρα
735 516 917 620 χρήσιμον
935 519 1031 626 αὐτῷ
1056 515 1265 621 διεφαίνετο,
1284 516 1353 595 ένο

122 644 270 737 μακροῖς
303 639 396 720 οῦτω
428 641 570 744 χρόνοις
603 643 867 747 ἐμφιλοχωρεῖν
896 647 948 748 τῷ
980 645 1043 740 τῆς
1075 639 1323 722 ταπεινώσεως

123 757 285 864 σχήματι
317 763 576 868 παραδεχθέντι
612 764 800 869 χρησίμως
837 763 894 844 διὰ
926 763 991 864 τὴν
1024 771 1072 848 εἰς
1103 765 1195 862 ἡμᾶς
1227 761 1319 865 ἀγά-

122 917 246 982 πησιν,
266 885 426 992 καθάπερ
445 887 513 988 ἤδη
531 894 758 990 προείπομεν.
799 888 865 968 ἔδει
884 887 954 992 γάρ
977 895 1133 986 μᾶλλον,
1152 891 1216 986 τῆς
1239 888 1321 967 καθ’

88 1007 216 1106 5ἡμᾶς
233 1011 432 1109 οἰκονομίας
452 1011 659 1096 ἀκολούθως
684 1013 753 1114 ἤδη
779 1015 1062 1115 πεπερασμένης,
1081 1019 1128 1095 εἰς
1147 1009 1213 1111 τὴν
1232 1011 1323 1090 ἰδίαν

123 1133 365 1237 ἀναφυσῆσαι
384 1133 495 1242 δόξαν
512 1135 711 1234 αὑτὸν,καί
735 1135 825 1236 μετοί
851 1140 915 1235 τῆς
941 1135 984 1216 δι’
1003 1137 1094 1234 ἡμεῖς
1118 1135 1324 1240 ληφθείσης

122 1252 259 1357 σαρκὸς
276 1262 533 1362 παλινδρομεῖν
551 1265 599 1344 εἰς
618 1261 772 1362 ἰσότητα
788 1259 854 1361 τὴν
872 1258 963 1362 πρὸς
978 1258 1073 1340 Θεὸν
1087 1262 1145 1338 καί
1165 1257 1323 1361 Πατέρα,

122 1377 168 1477 ἣν
198 1381 266 1486 οὐχ
301 1384 493 1486 ἁρπαγμὸν
525 1384 767 1486 ἡγησάμενος·
807 1385 893 1492 ἐξῆν
924 1383 996 1487 γοίρ
1033 1383 1125 1488 ἐχειν
1154 1386 1203 1467 ὡς
1234 1381 1324 1462 ἰδιον

122 1506 273 1604 ἀγαθόν·
304 1513 351 1592 εἰς
371 1509 599 1612 ἀνθρωπίνην
618 1509 864 1608 καταβέβηκεν
882 1508 1041 1616 ἀδοξίαν.
1079 1508 1144 1592 ἕως
1168 1507 1233 1606 μὲν
1251 1505 1357 1609 γάρὰ

67 1663 108 1703 10
123 1624 167 1726 ἦν
185 1631 241 1710 ἐπὶ
266 1635 331 1732 τῆς
355 1637 423 1734 γῆς
446 1633 508 1732 ἐτι,
528 1635 649 1714 καίτοι
661 1632 754 1718 Θεὸς
779 1632 949 1738 ὑπάρχων
972 1631 1142 1733 ἀληθινὸς
1166 1635 1225 1712 καί
1250 1639 1324 1712 τῶν

122 1751 220 1832 ὅλων
254 1757 396 1860 Κύριος,
429 1756 572 1842 οὐδενὸς
608 1760 760 1856 ἀμείνων
797 1765 870 1837 τῶν
902 1759 983 1837 καθ’
1017 1758 1110 1857 ἡμᾶς
1145 1757 1323 1860 ἐλογίζετο

121 1877 222 1979 παρά
248 1914 290 1983 γε
316 1889 390 1966 τοῖς
415 1883 479 1962 οῦκ
504 1882 617 1962 εἰδόσι
642 1879 708 1980 τὴν
726 1880 839 1989 δόξαν
858 1883 979 1961 αὐτοῦ.
1023 1885 1082 1960 καί
1109 1889 1199 1982 γοῦν
1217 1883 1320 1985 ε’ῤῥα-

121 2003 248 2104 πίσθη,
279 2009 337 2085 καί
370 2004 582 2106 ἐνεπτύσθη,
613 2009 672 2086 καί
704 2005 926 2107 ἐσταυρώθη,
959 2007 1018 2084 καὶ
1050 2009 1113 2102 τῆς
1143 2003 1325 2084 Ἰουδαίων

122 2127 355 2230 ἀνοσιότητος
386 2127 524 2230 ῦπέστη
556 2129 620 2209 τὸν
648 2131 793 2232 γε’λωτα
820 2127 1086 2228 τολμησάντων
1114 2135 1223 2210 εἰπεῖν
1243 2139 1264 2177 “
1278 2134 1324 2208 Εἰ
1368 2126 1493 2256 ξχξζίζξ;

70 2277 108 2338 ¹5
123 2261 145 2297 “
165 2249 237 2335 υίὸς
268 2250 301 2332 εἰ
330 2262 394 2333 τοῦ
429 2259 535 2349 Θεοῦ,
565 2250 743 2353 κατάβηθι
773 2262 836 2332 νῦν
867 2251 938 2332 ἀπὸ
971 2261 1034 2332 τοῦ
1064 2261 1234 2357 σταυροῦ,
1264 2255 1324 2332 καί
1368 2260 1450 2322 ⁰s·4²·

123 2386 145 2422 “
163 2377 408 2476 πιστεύσομέυ
426 2379 521 2458 σοι.”
554 2377 672 2476 ἐπειδὴ
699 2376 737 2457 δέ
762 2376 804 2456 τὸ
829 2374 912 2456 καθ’
932 2377 1024 2476 ἡμεῖς
1050 2377 1324 2478 ἀποπληρώσας

122 2501 333 2601 μυστήριον,
362 2501 452 2606 πρὸς
480 2501 544 2582 τὸν
571 2505 608 2582 ἐν
635 2508 709 2585 τοῖς
738 2502 899 2604 οὐρανοῖς
928 2501 1148 2604 ἀνεκομίζετο
1178 2499 1323 2604 Πατέρα

124 2627 183 2703 καί
202 2625 308 2724 Θεὸν,
331 2624 393 2707 ἅτε
422 2626 466 2726 δὴ
494 2624 770 2729 παρελάσαντος
797 2624 865 2726 ἤδη
894 2633 958 2704 τοῦ
985 2629 1049 2724 τῆς
1076 2625 1353 2709 ταπεινώσεωςο

123 2747 268 2853 χρόνον,
290 2753 349 2830 καὶ
375 2751 657 2854 πεπερασμένων
681 2755 754 2829 τῶν
779 2756 911 2852 καιρῶν
934 2753 996 2848 τῆς
1022 2749 1186 2829 ἑκουσίου
1211 2749 1319 2828 κενώ·

68 2905 109 2946 υο
123 2907 224 2971 σεως,
257 2873 350 2960 Θεὸς
387 2874 455 2974 ἤδη
493 2881 571 2958 ταῖς
603 2873 678 2952 ἀνω
710 2871 884 2970 δυνάμεσι
916 2873 1126 2980 διεφαίνετο.
1177 2874 1219 2952 οῦ
1252 2871 1323 2976 γὰρ

122 2997 303 3098 ἠγνόησεν
321 2999 561 3093 ἀναβαίνοντα
588 2995 652 3076 τὸν
678 3003 749 3075 τῶν
773 2995 870 3078 ὅλων
890 2994 1128 3095 Δεσπότηνὸ
1157 2997 1319 3097 οὐρανὸς,

123 3123 209 3200 ἀλλ’
229 3121 432 3202 ἐκελεύοντο
451 3122 515 3220 μέν
534 3125 567 3200 οἰ
586 3128 664 3203 ταῖς
682 3119 755 3199 ἅνω
772 3119 905 3204 πύλαις
922 3117 1169 3226 ἐφεστηκότες,
1189 3123 1236 3202 ὡς
1259 3118 1323 3200 τὸν
1378 3133 1387 3146 “

123 3251 196 3324 τῶν
215 3243 397 3343 δυνάμεων
415 3244 634 3348 προσίεσθαι
662 3241 808 3343 Κύριον,
828 3244 941 3322 καίτοι
965 3241 1055 3341 μετὸι
1080 3243 1217 3346 σαρκὸς
1241 3247 1319 3322 ἀνι·

122 3368 316 3466 πτάμενον,
346 3369 456 3472 αἰρειν
483 3403 521 3447 τε
550 3365 615 3451 τὸς
644 3366 764 3449 πύλας
792 3369 887 3474 αύτῷ
915 3366 1078 3448 διετύπου
1106 3368 1148 3448 τὸ
1173 3373 1322 3464 Πνεῦμα

70 3511 109 3573 ²5
124 3494 233 3594 λέγον
249 3503 271 3540 “
283 3491 420 3595 Ἀρατε
439 3491 558 3576 πύλας
576 3496 609 3570 οἰ
629 3489 798 3594 ἄρχοντες
818 3492 995 3589 ὑμῶν,καί
1014 3491 1189 3594 ἐπάρθητε
1207 3492 1320 3574 πύλαι
1367 3491 1408 3619 {²}
1420 3491 1490 3542 ¹¹³st

124 3626 146 3664 “
164 3616 308 3714 αἰώνιοι,
327 3619 386 3696 καί
413 3615 658 3696 εἰσελεύσεται
685 3616 705 3693 ὸ
734 3613 910 3708 βασιλεῦς
937 3619 1000 3714 τῆς
1029 3617 1150 3723 δόξης·
1187 3617 1319 3718 Κύριος
1365 3639 1438 3688 Ib·8·

124 3749 146 3788 ‘⁴
164 3740 330 3843 κραταιὸς
354 3745 412 3821 καί
438 3739 597 3836 δυνατὸς,
620 3738 751 3840 Κύριος
777 3737 926 3824 δυνατὸς
950 3742 988 3819 ἐν
1006 3741 1165 3849 πολέμῳ,
1187 3741 1349 3844 Κύριοςι
1371 3761 1489 3816 844A.

124 3876 146 3914 ‘⁶
164 3871 237 3946 τιῦν
256 3864 448 3964 δυνάμεων,
468 3861 575 3948 αύτός
593 3865 694 3944 ἐστιν
713 3863 814 3948 οὗτος
839 3865 859 3942 ὁ
883 3864 1059 3960 βασιλεῦς
1085 3871 1148 3963 τῆς
1174 3863 1316 3970 δόξης.”
1364 3837 1454 3888 Ib'm'

1298 3985 1481 4050 'Emffi

123 3989 290 4092 ἐγνώσθη
319 3989 389 4092 γάρ
408 3996 520 4073 “ταῖς
548 3991 674 4093 ἀρχαῖς
703 3991 760 4067 καί
788 3995 864 4072 ταῖς
892 3987 1072 4094 ἐξουσίαις
1098 3990 1119 4086 ἡ
1144 3999 1320 4068 πολυποι-
1369 4064 1455 4108 10·st

70 4151 110 4209 30
124 4125 146 4162 ‘⁶
165 4126 266 4200 κιλος
301 4115 417 4222 σοφία
453 4121 518 4193 τοῦ
551 4119 656 4209 Θεοῦ,
692 4108 736 4210 ἢν
768 4112 936 4210 ἐποίησεν
971 4114 1009 4191 ἐν
1042 4115 1093 4218 τῷ
1129 4115 1319 4220 Χριστῷ,”

123 4237 284 4342 καθάπερ
320 4241 340 4318 ό
374 4237 522 4322 Παῦλός
560 4241 687 4344 φησιν.
739 4239 989 4334 ἀνακομισθεὶς
1026 4234 1097 4339 γὰρ
1132 4233 1221 4338 πρὸς
1258 4236 1321 4314 τὸν

127 4361 283 4466 Πατέρα,
303 4363 415 4444 καίτοι
443 4359 586 4464 μείζονα
610 4355 633 4460 ἢ
659 4361 734 4438 κατ’
755 4355 863 4438 αὐτὸν
885 4360 960 4438 κατ’
981 4361 1091 4440 ἐκεῖνο
1114 4357 1317 4460 νοούμενον,

543 4587 904 4660 ιῦᾶωωωωωδ

678 4690 770 4756 3ου
