3238 5114
310 259 375 322 660
617 256 657 320 B.
680 254 888 322 CYRILLI
919 253 1209 320 ALEXANDR.
1411 245 1520 310 ποθι.

311 432 444 506 λοιτας
471 427 681 530 φιλοθηρεῖν
708 423 747 502 εὖ
768 419 870 522 μάλα
897 419 963 520 τὴν
990 427 1062 500 τῶν
1091 417 1287 520 δογμάτων
1317 411 1521 517 ἀκρίβειαν.

312 546 425 654 Ποίτερ
452 547 570 626 τοίνυν
589 551 705 652 φησίν
724 543 875 639 ι’λιίλοθον
900 549 917 640 ἡ
940 543 1018 649 ἀρα,
1044 539 1182 650 δόξασόν
1211 579 1274 623 σου
1302 541 1366 622 τδν
1386 539 1463 617 Τίσι
1477 537 1525 612 'im

313 675 373 749 καί
398 679 413 750 o'
436 671 511 756 Υἱός
535 706 593 750 σου
621 666 746 784 δοξιῖση
776 705 825 750 σε.
868 671 926 749 καὶ
954 667 1044 748 ὅσον
1071 664 1136 764 μέν
1163 666 1246 768 ἧκεν
1276 671 1330 749 είς
1360 661 1437 762 τὴν
1463 665 1524 737 τιῗυ

310 793 502 896 εἰρημένων
536 790 737 892 διασκευὴν,
774 793 906 892 οἰηθείη
937 789 1003 892 μέν
1034 791 1079 870 ἅν
1111 825 1164 876 τις
1200 790 1376 872 εὐκλείας
1412 787 1526 864 ἐπιδεᾶ

311 915 527 997 καθεστάναι
548 916 657 1021 τυχὸν
676 916 739 996 τὸν
757 924 903 996 τοιαῦτα
925 916 1091 1018 λέγοντα·
1131 913 1307 1014 ἐννοήσας
1336 909 1469 1014 γεμην
1490 909 1549 995 τόδ

309 1049 374 1122 τοῦ
395 1046 623 1144 Μονογενοῦς
642 1040 794 1148 ἀξίωμα,
815 1040 944 1148 ῥηιδίως
969 1035 1014 1118 ἀν
1032 1035 1128 1138 οἶμαι
1146 1045 1219 1117 τῶν
1242 1040 1364 1121 οὕτως
1389 1036 1527 1116 ἀθλίων

310 1163 543 1265 ἀποπηδήσαι
568 1170 770 1265 λογισμῶν.
811 1164 951 1264 ἠλίθιον
969 1161 1041 1267 γάρ
1060 1165 1187 1268 κομιδῇ
1212 1159 1255 1241 τὸ
1280 1161 1405 1268 δόξης
1436 1156 1529 1241 τινὸς

276 1289 448 1369 θοίεσθαι
473 1291 591 1368 ἐπιδεᾶ
610 1291 749 1386 καὶτῆς
768 1289 864 1394 αὐτῷ
888 1287 1097 1390 πρεπούσης
1115 1290 1309 1388 ἀμοιρῆσαε
1329 1289 1452 1385 τιμῆς
1470 1281 1529 1361 τὸν

143 1419 265 1534 {2⁰3}ss
310 1410 412 1510 Υίδν,
439 1415 552 1492 καίτοι
579 1415 643 1512 τῆς
671 1411 779 1518 δόξης
806 1411 893 1491 ὄντα
921 1411 1069 1514 Κύριον·
1114 1412 1208 1492 οὕτω
1240 1410 1313 1512 γὰρ
1343 1407 1530 1488 αὑτὸναί

142 1524 168 1600 θ’·
183 1523 203 1600 ῐῘ
310 1533 541 1616 θεόπνευστοι
572 1545 726 1615 καλοῦσι
757 1536 909 1641 γραφαί.
960 1537 1086 1620 ἄλλως
1114 1570 1153 1614 τε
1182 1537 1241 1614 καὶ
1268 1534 1429 1636 ἑτέρωθί
1460 1566 1529 1613 που
1542 1567 1568 1606 ιο

143 1681 213 1730 ιῃιει
310 1660 490 1760 θεωρῆσαι
509 1695 561 1742 τις
581 1658 625 1739 ἀν
644 1660 799 1761 λέγοντα
816 1658 905 1764 πρὸς
926 1657 989 1740 τδν
1009 1661 1155 1763 Πατέρα
1173 1670 1194 1706 “
1211 1657 1336 1760 Πάτερ
1354 1653 1529 1764 δόξασόν

142 1760 226 1810 vm
311 1794 332 1832 “
349 1817 393 1882 με
417 1787 461 1887 τῇ
487 1781 576 1889 δόξῃ
599 1779 622 1887 ᾗ
651 1781 747 1888 εἶχον
765 1783 836 1886 πρὸ
856 1792 919 1864 τοῦ
944 1782 1008 1863 τὸν
1026 1782 1166 1882 κόσμον
1184 1777 1270 1862 εἶναι
1295 1780 1401 1883 παρὰ
1427 1779 1526 1860 σοί.”

310 1903 385 1986 εἶτα
420 1909 488 1986 τίνι
522 1905 651 1988 λοιπὸν
683 1910 901 2013 ἀμφίλογον,
933 1907 987 1992 τίς
1019 1907 1056 1986 δέ
1087 1909 1180 1988 οὕτω
1208 1903 1274 1986 τδν
1302 1913 1390 1986 νοῦν
1423 1902 1526 1984 ἀπό-

309 2044 470 2130 πληκτος
490 2034 548 2110 καὶ
566 2031 689 2129 πόσης
711 2033 881 2131 ἀληθείας
904 2031 1041 2136 ἐχθρὸς,
1064 2034 1112 2114 ὡς
1138 2029 1187 2129 μὴ
1206 2030 1366 2110 συνιέναι
1394 2063 1435 2109 τε
1464 2028 1525 2108 καί

310 2155 500 2257 ὁμολογεῖν
519 2155 573 2235 ὅτι
593 2153 702 2262 δόξης
721 2153 786 2252 μέν
805 2156 867 2235 οὐκ
886 2155 1072 2257 ἐστέρηται
1096 2158 1159 2253 τῆς
1178 2161 1400 2256 θεοπρεποῦς
1424 2153 1524 2232 ὅσον
1539 2183 1567 2236 15

142 2293 209 2408 ξθὶῑ·
217 2293 244 2344 ii.
280 2283 357 2362 οείς
376 2279 505 2358 οἰκείαν
523 2278 638 2385 φύσιν
657 2281 676 2356 ὁ
695 2278 916 2382 Μονογενής·
947 2279 1067 2378 ἐπειδὴ
1085 2278 1122 2359 δέ
1142 2276 1314 2382 όπόρχων
1332 2280 1370 2356 έν
1389 2283 1522 2381 μορφῇ

161 2395 168 2409 ’
309 2405 366 2481 καί
395 2408 439 2504 τῇ
466 2401 557 2482 κατὰ
584 2410 657 2484 πᾶν
677 2402 816 2502 ἰσότητι
841 2411 905 2483 τοῦ
924 2408 1019 2482 Θεοῦ
1042 2407 1100 2482 καὶ
1120 2401 1277 2506 Πατρός,
1296 2403 1363 2506 οὐχ
1393 2403 1515 2502 ἁρπα-

308 2524 402 2626 γμὸν
431 2525 596 2628 ἡγήσατο
623 2525 666 2607 τὸ
695 2525 782 2606 εἶναι
811 2527 876 2606 ίσα
904 2530 1000 2633 Θεῷ,
1024 2525 1247 2626 καταβέβηκε
1278 2524 1345 2624 μέν
1369 2531 1420 2607 είς
1445 2523 1514 2623 την

309 2651 389 2727 καθ’
420 2650 512 2748 ἡμᾶς
545 2652 768 2746 ταπείνωσιν,
798 2649 921 2729 ἑαυτὸν
949 2649 987 2730 δέ
1014 2651 1190 2747 κεκένωκε,
1220 2649 1263 2728 τὸ
1288 2647 1512 2755 ἀδοξότατον

309 2775 406 2852 τουτὶ
430 2773 636 2879 πεφορεκὼς
654 2781 765 2872 σῶμα
787 2777 926 2871 καὶτῆς
946 2774 1168 2878 ἀνθρωπίνης
1186 2771 1428 2876 σμικρότητος
1447 2771 1511 2870 τὴν
1525 2805 1558 2844 20

309 2897 481 2994 ὁμοίωσιν
499 2897 543 3002 ἐξ
559 2896 701 2998 ἀγάπης
719 2897 861 2995 ὑποδὺς,
880 2901 927 2981 ὡς
946 2898 1013 2998 ἤδη
1031 2898 1208 3000 παρόντος
1226 2932 1264 2978 τε
1287 2901 1346 2977 καὶ
1365 2900 1509 2995 ἐνεστη-

309 3019 411 3105 κότος
435 3028 498 3100 τοῦ
521 3018 737 3121 καθήκοντος
762 3025 905 3126 χρόνον,
924 3024 1005 3102 καθ’
1026 3020 1067 3100 δν
1093 3021 1161 3100 ἔδει
1186 3019 1299 3102 πόλιν
1317 3021 1427 3100 αὐτὸν
1444 3020 1511 3120 τὴν

308 3155 372 3227 τοῦ
397 3146 595 3246 μυστηρίου
621 3145 743 3250 χρείαν
766 3143 1097 3247 ἀποπληρώσαντα,
1121 3143 1187 3243 τὴν
1208 3146 1361 3250 ἀρχαίαν
1387 3180 1427 3224 τε
1453 3149 1511 3225 καὶ

309 3268 464 3368 οόσιώδη
482 3269 799 3375 μεταμφιέσασθαι
819 3265 931 3376 δόξαν,
946 3265 1037 3364 όλην
1053 3267 1298 3347 ἀνασώσαντα
1315 3266 1382 3368 τὴν
1397 3275 1511 3350 οἰκου-

276 3401 298 3464 d
310 3394 429 3492 μένην,
451 3391 697 3472 ἀνασώσαντοί
723 3427 761 3472 τε
788 3391 880 3496 πρὸς
908 3390 998 3493 ζωὴν
1024 3395 1081 3472 καὶ
1109 3391 1332 3493 θεογνωσίαν
1361 3391 1446 3476 τοὺς
1475 3397 1512 3472 έν
1525 3419 1554 3474 ²5

311 3517 410 3617 αὐτῇ,
429 3513 692 3615 συνευδοκητὴν
710 3519 769 3596 καὶ
792 3514 1036 3614 συνεθελητὴν
1054 3515 1167 3596 πόλιν
1193 3518 1259 3596 κάν
1276 3514 1394 3624 τούτῳ
1413 3519 1508 3597 δεικ-

311 3637 371 3722 νὺς
399 3638 463 3717 τὸν
482 3639 640 3740 Πατέρα·
674 3637 740 3738 τὴν
764 3641 854 3740 πρὸς
881 3638 989 3719 αὐτὸν
1016 3647 1165 3720 ποιεῖται
1192 3637 1362 3744 διάλεξιν,
1382 3643 1512 3744 χρῆναι

310 3758 353 3862 δὴ
386 3761 529 3847 πάντως
562 3759 688 3842 ἑαυτὸν
720 3763 994 3866 ἀνακομίζεσθαι
1028 3762 1146 3865 λέγων
1178 3768 1227 3847 είς
1254 3761 1296 3844 τὸ
1327 3768 1391 3864 τῆς
1424 3767 1512 3850 ἰδίας

310 3886 454 3992 φύσεως
476 3887 643 3994 ἀξίωμα;

360 4006 501 4090 Ἀνεισι
536 4009 575 4090 δὲ
608 4017 709 4108 πῶς;
744 4009 775 4112 ἢ
807 4013 973 4111 δηλονότι
1003 4018 1075 4092 τῶν
1106 4016 1170 4110 τῆς
1201 4012 1368 4113 θεότητος
1398 4013 1553 4116 ἔργοις0

309 4133 552 4233 ἀποτελεστὴς
572 4139 627 4214 καὶ
647 4131 736 4232 μετὰ
754 4131 890 4234 σαρκὸς
909 4133 1209 4233 ἀναδεικνύμενος,
1226 4137 1292 4240 οὐχ
1311 4137 1359 4219 ὡς
1379 4137 1511 4239 ὑπουρ-

342 4427 367 4482 5.
386 4413 539 4470 καθεστάναι
553 4415 583 4470 Ε.
597 4416 747 4473 καθιστάναι
761 4417 813 4472 Ed.
969 4435 1010 4474 10.
1029 4419 1199 4490 έτέρωθένΕ.
1260 4433 1268 4446 ’
1352 4433 1395 4472 12.
1414 4441 1466 4487 μου
1479 4418 1509 4473 E.

308 4499 350 4536 ου.
369 4484 445 4539 αὐτὸν
459 4485 489 4539 Ε.
503 4486 580 4554 αὐτὴν
594 4485 643 4541 Ed.
787 4505 832 4559 30.
851 4490 993 4561 τῷ-ἕργορ
1009 4490 1039 4544 E.
