3274 5118
307 269 371 334 610
610 267 650 336 Β.
675 269 879 337 CYRILLI
910 269 1197 336 ALEXANDR.
1403 259 1515 328 xvi.1.

142 517 220 597 Κεφ·
237 511 286 588 15'0
474 524 586 592 Ταῦτα
613 529 780 592 λελάλιικα
808 522 890 610 ὑμῖν,
917 526 970 594 ἵνα
997 529 1041 605 μιῖ
1070 523 1339 594 σκανδαλισθῆτε.

363 692 444 794 Τὴν
462 695 726 774 τῶνἸουδαίων
743 691 917 774 ἀπόνοιαν
936 691 1143 801 φανοτάτην
1156 698 1230 776 τοῖς
1247 691 1378 770 ἑαυτοῦ
1397 690 1517 784 μαθη-

306 823 384 902 ταῖς
418 815 594 901 καθιστάς
630 819 650 896 ὁ
690 817 829 923 Σωτὴρ,
866 816 961 923 τάχα
998 819 1056 898 καὶ
1088 819 1285 917 ἐπενεγκεῖν
1317 818 1396 895 τοῖς
1434 809 1518 910 περὶ

144 951 205 1008 912
214 949 254 1006 A·
278 939 445 1022 ιιτούτων
462 941 592 1040 ἔμελλε
616 941 752 1044 λόγοις,
770 940 826 1022 ότι
851 940 895 1041 δῆ
919 941 1010 1045 πρὸς
1034 940 1215 1041 τοσαίπην
1233 938 1366 1046 ἥξουσι
1392 939 1516 1033 δυση-

307 1063 409 1146 κοῖαν
427 1070 460 1145 οῖ
485 1065 647 1165 τάλανες,
673 1063 931 1172 ἀποφράξουσι
956 1064 994 1145 δὲ
1018 1067 1111 1144 οὕτω
1138 1063 1204 1163 τὴν
1225 1059 1348 1162 ἀκοὴν,
1375 1061 1440 1139 καὶ
1469 1063 1547 1141 είς5

307 1195 414 1270 τοῦτο
449 1193 656 1285 βαδιοῦνται
690 1188 878 1287 μισοθεῖας
912 1194 946 1269 οῖ
978 1191 1139 1286 δείλαιοι,
1173 1185 1446 1289 καθυβρίσουσι
1479 1181 1519 1262 δὲ

308 1315 402 1394 οὕτω
434 1309 516 1398 τοὺς
548 1313 636 1416 ὑπὲρ
667 1317 731 1413 τῆς
766 1314 936 1413 ἀληθείας
968 1311 1112 1415 λόγους,
1142 1314 1190 1396 ῶς
1222 1311 1320 1413 ε’ίπερ
1352 1310 1415 1388 καὶ
1452 1305 1519 1386 δύο

308 1434 469 1538 γένοιντο
501 1433 611 1542 τυχόν
639 1441 704 1537 τῆς
736 1438 845 1517 αὐτοῦ
874 1436 983 1545 δόξης
1016 1442 1049 1516 οἱ
1081 1435 1267 1540 μάρτυρες,
1297 1431 1390 1533 μηδὲ
1419 1434 1517 1512 οὕτω

308 1559 584 1666 παραδέξασθαι
604 1559 723 1640 θέλειν
738 1559 859 1660 αὐτήν,
879 1563 993 1642 καίτοι
1016 1558 1209 1665 διαῤῥήδην
1227 1555 1518 1660 ἀνακεκραγότος

310 1693 375 1766 τοῦ
401 1683 521 1783 νόμου,
539 1684 776 1766 πιστεύεσθαι
802 1688 883 1784 δεῖν,
907 1693 965 1766 καὶ
990 1682 1249 1766 ἀνενδοιάστως
1274 1679 1363 1763 εἶναι
1387 1715 1513 1785 παρα·
1532 1711 1566 1752 10

312 1807 447 1906 δεκτόν,
469 1814 543 1888 πᾶν
565 1807 652 1912 ὅπερ
674 1808 718 1889 ἀν
739 1808 799 1889 διὰ
822 1814 885 1910 τῆς
911 1809 975 1890 διίο
1002 1806 1112 1914 τυχὸν
1136 1805 1160 1908 ῆ
1185 1813 1293 1911 τριῶν
1317 1808 1517 1908 ἐπιμαρτυ-

309 1939 410 2034 ροῖτο
438 1935 573 2040 φωνῆς.
613 1931 714 2012 ἀλλά
742 1939 848 2013 τοῦτο
878 1931 943 2032 μὲν
971 1935 1016 2014 οὔ
1043 1941 1139 2038 φησι
1170 1931 1358 2038 χρησίμως
1388 1933 1440 2014 εἰς
1472 1926 1518 2010 τό

276 2055 439 2160 λιπαρόν.
471 2058 529 2136 καὶ
549 2054 621 2160 γάρ
639 2055 685 2137 ἀν
703 2058 745 2137 οά
763 2059 910 2161 μετρίαν
928 2057 1047 2142 αὐτοῖς
1065 2058 1251 2156 ἐνεποίησε
1268 2053 1334 2154 τῆν
1351 2053 1518 2152 ἀκηδίαν,

311 2183 370 2261 καὶ
397 2179 599 2266 διακλάσας
626 2177 753 2284 ῶσπερ
780 2187 829 2266 εἰς
855 2181 1066 2283 ἀπόγνωσιν
1091 2179 1174 2264 τοὺς
1205 2178 1379 2280 μαθητάς,
1405 2176 1519 2258 ὄκνου
1627 2257 1628 2267 ,

311 2306 371 2385 καὶ
398 2304 531 2388 δειλίας
559 2302 859 2408 ἀπαραπόδιστον
888 2307 926 2384 έν
953 2306 1072 2389 αι’ποῖς
1104 2305 1208 2384 ε’τίθει
1240 2301 1307 2402 τῆν
1338 2300 1513 2406 πάροδον.
1533 2333 1565 2392 15

311 2427 402 2512 εἰκὸς
420 2426 491 2530 γάρ
513 2425 628 2527 δήπου
652 2429 733 2508 καθ’
753 2426 899 2512 ἑαυτοὺς
922 2429 1063 2525 ἐννοεῖν,
1080 2431 1128 2512 ῶς
1155 2431 1185 2506 εί
1209 2428 1332 2525 μηδενὶ
1355 2426 1513 2526 πεισθή·

312 2563 442 2631 σονται
467 2557 655 2636 παντελῶς
684 2557 756 2631 τῶν
780 2551 963 2632 Ἰουδαίων
990 2557 1024 2631 οἱ
1051 2555 1166 2652 δῆμοι,
1189 2549 1290 2631 ἀλλά
1317 2555 1376 2630 καὶ
1404 2548 1518 2630 αὐτόν

312 2673 512 2778 ῆγήσονται
546 2675 631 2778 παρ’
662 2673 763 2754 οὐδέν
794 2673 858 2754 τόν
892 2673 1146 2779 Παράκλητον,
1179 2675 1292 2756 καίτοι
1321 2681 1396 2760 τοῖς
1427 2671 1517 2776 ὑπὲρ

310 2798 427 2900 λόγον
443 2795 757 2902 τερατουργήμασι
775 2797 1086 2900 καταπλήττοντα,
1104 2798 1205 2880 οὐδὲν
1224 2798 1262 2879 δὲ
1283 2799 1393 2900 ῆττον
1410 2797 1513 2879 ἀλῶ·

312 2955 441 3003 σονται
471 2925 529 3002 καὶ
559 2919 651 3020 μετά
679 2929 785 3003 τοῦτο
811 2931 1002 3022 μισοῦντες
1031 2924 1206 3028 Χριστὸν,
1232 2927 1291 3004 καὶ
1317 2921 1389 3004 σάν
1416 2923 1516 3031 αὐτῷ
1530 2953 1567 2995 ²0

312 3044 376 3127 τόν
396 3047 554 3150 Πατέρα,
576 3045 615 3127 τί
638 3048 698 3126 καὶ
724 3043 837 3128 πόνον
862 3050 1066 3147 ἀναπλῆσαι
1094 3048 1214 3148 δεήσει
1243 3045 1369 3146 κενόν;
1400 3049 1440 3129 τί
1462 3048 1516 3148 μὴ

284 3173 373 3251 ακαὶ
390 3169 615 3274 πραγμάτων
633 3171 933 3252 ἀπαλλάττεσθαι
951 3175 1012 3268 δεῆ
1030 3170 1096 3273 τὴν
1114 3177 1163 3257 εἰς
1180 3171 1352 3272 ἀνηκόους
1369 3170 1517 3270 σιωπὴν

314 3303 378 3374 τοῦ
397 3292 580 3374 διδάσκειν
597 3293 918 3397 προτιμήσαντας;
949 3295 1063 3376 ταῦτά
1088 3331 1144 3376 τοι
1168 3295 1260 3376 κατά
1278 3295 1320 3376 τὸ
1339 3294 1432 3380 εἰκός
1451 3297 1516 3376 οὐκ
1627 3322 1628 3330 ’

281 3493 287 3504 ,
314 3415 500 3518 ἀγνοήσας
532 3423 738 3519 λογιεῖσθαι
769 3416 852 3503 τοὺς
884 3418 1058 3519 μαθητὰς,
1091 3418 1323 3524 περιστέλλει
1355 3419 1421 3520 μέν
1453 3423 1513 3500 έν·

313 3539 447 3644 τέχνως
482 3539 528 3620 τὰ
566 3541 707 3644 ὅσαπερ
744 3539 789 3642 ῆν
826 3544 1075 3650 μοχθηρότερά
1112 3544 1204 3647 πρὸς
1241 3543 1419 3652 ἐξήγησιν
1455 3548 1513 3624 καὶ
1528 3577 1562 3635 ²5

315 3663 449 3748 δειλίας
468 3667 527 3744 καὶ
544 3664 650 3745 ὄκνου
669 3673 733 3745 τοῦ
750 3664 841 3768 πρὸς
865 3665 908 3747 τὸ
935 3671 1064 3773 χρῆναι
1090 3667 1271 3749 διδάσκειν
1289 3667 1511 3768 ἐμποιητικά·

314 3787 532 3891 παρατρέπει
569 3786 606 3867 δὲ
642 3789 830 3892 χρησίμως
864 3797 930 3870 τοῦ
964 3791 1077 3892 λόγου
1109 3789 1176 3891 τῆν
1205 3790 1356 3890 δύναμιν
1384 3793 1443 3871 ε’πὶ
1471 3787 1514 3871 τδ

315 3911 655 4015 προευτρεπίζεσθαι
674 3915 761 4010 δεῖν,
784 3911 842 3992 καὶ
859 3911 1152 4016 προεσκευάσθαι
1171 3921 1339 3999 νεανικῶς
1360 3911 1452 4018 πρός
1468 3913 1514 3994 τά

284 4035 360 4142 ᾱέξ
383 4036 524 4116 ἐκείνων
541 4032 707 4134 ἐσόμενα,
725 4034 805 4135 ἤτοι
828 4037 1123 4140 προσδοκώμενα.
1164 4037 1206 4118 τὸ
1231 4037 1303 4143 γάρ
1330 4037 1514 4143 αἰφνιδίως

316 4161 374 4238 καὶ
402 4158 586 4260 ἀδοκήτως
612 4163 709 4240 τισὶν
735 4159 899 4260 ἐπελθόν,
923 4160 1044 4242 ἱκανὸν
1071 4161 1225 4270 ταράξαι
1252 4165 1310 4243 καῖ
1337 4161 1404 4264 τῆν
1431 4163 1514 4244 λίαν
1526 4191 1561 4250 30

143 1798 222 1878 peut.

143 1879 196 1915 ιιι.
209 1877 247 1929 1⁵·

323 4499 330 4522 ’
353 4429 398 4556 τλάθ
410 4431 513 4556 ⁹&aggae
525 4429 590 4488 E.F.
602 4431 700 4488 δειλίαν
712 4450 773 4489 oum
786 4433 912 4491 asterisco
923 4442 1047 4491 notatum
1059 4435 1133 4493 Aub.
1300 4449 1340 4506 30.
1358 4435 1471 4515 ἐπελθὸν
1483 4437 1514 4493 Ε.

316 4521 360 4555 ‘m
398 4523 435 4556 (W
492 4541 499 4558 ι
