3118 5132
60 379 102 445 xiv.
114 401 156 448 10.
319 384 380 452 IN
409 384 444 452 S.
467 383 723 451 JOANNEM.
768 383 863 452 LIB.
887 383 948 452 IX.
1166 383 1231 450 42⁷

60 545 167 626 καὶτὸν
182 546 274 628 Υίδν
293 548 511 650 εὑρήσομεν.
548 557 626 636 πῶς
650 549 724 655 γὰρ
748 552 812 632 οὐκ
838 549 986 654 ἀγαθὸς,
1006 550 1027 630 6
1047 547 1231 648 τοσαύτην

60 669 88 745 λ’
100 671 180 768 ἡμᾶς
204 675 406 768 ὑπομείνας
429 675 660 774 ταπείνωσιν,
677 678 736 755 καὶ
761 673 880 758 ε’λθιλν
896 685 919 722 “
932 681 981 761 είς
1004 673 1070 755 τὸν
1091 673 1231 770 κόσμον

59 795 308 898 “ἇμσρτωλσὺς
347 799 505 896 σῶσαι,”
538 801 595 879 καῖ
633 802 705 886 θεῖς
740 799 807 900 τὴν
837 795 964 906 ψυχὴν
995 800 1105 878 αὐτοῦ
1141 795 1230 902 ὖπέρ

58 919 165 1018 α’πιῖν,
196 921 357 1007 δυνατὸς
383 925 511 1020 ὁμοίως
541 925 561 1003 6
590 923 731 1028 Πατὴρ,
759 925 872 1008 οὕτως
899 924 970 1029 ἔχει
998 927 1057 1004 καὶ
1085 925 1105 1003 6
1132 921 1263 1008 ΥῖόςΊ
1288 937 1397 996 '781ss-

42 1045 84 1120 Ξτί
97 1044 157 1148 γὰρ
178 1045 224 1126 ἂν
242 1047 299 1147 ε’ίη
327 1044 372 1127 τὸ
397 1047 640 1150 δυνατώτερον
659 1055 723 1128 τοῦ
751 1050 810 1128 καὶ
837 1049 956 1132 αὐτοῖς
983 1045 1232 1130 ἐπιτάττοντος

59 1174 110 1251 τοῖς
123 1173 325 1276 στοιχείοις,
346 1173 405 1250 καί
423 1168 587 1279 θαλάττῃ
605 1169 671 1272 μέν
688 1174 921 1271 ἐπιτιμῶντος
938 1173 997 1252 καὶ
1015 1169 1230 1268 πνεύμασιν,

59 1291 367 1401 ίναστοιχειοῦντος
384 1293 422 1374 δέ
437 1293 529 1400 πρὸς
547 1295 636 1397 ὅπερ
657 1293 703 1376 όν
721 1297 893 1392 βούλοιτο
917 1302 992 1377 τῶν
1008 1292 1234 1398 πραγμάτων

60 1413 104 1499 τῖς
124 1418 259 1522 φάσεις,
278 1422 345 1500 καί
369 1424 633 1524 καθαρισθῆναι
656 1419 722 1520 μὲν
739 1419 990 1504 ἐπιτάττοντος
1014 1423 1066 1527 τῷ
1091 1421 1231 1525 λεπρῷ,

61 1533 137 1620 τόδὲ
159 1543 315 1638 βλέπειν
336 1543 495 1629 διδόντος
516 1551 592 1631 τοῖς
617 1552 783 1651 τυφλοῖς,
801 1547 840 1624 ἐν
856 1543 1006 1651 ἐξουσίᾳ
1030 1547 1230 1644 θεοπρεπεῖ.

38 1657 109 1760 θίαν)
134 1665 221 1748 κατὰ
252 1667 379 1774 φύσιν
405 1669 426 1748 6
455 1667 597 1773 Πατήρ·
638 1667 709 1774 ζωὴ
739 1668 853 1750 πάλιν
883 1669 963 1748 ἐστὶ
992 1669 1051 1748 καῖ
1079 1667 1099 1746 6
1127 1663 1231 1764 Υἱὸς,

63 1782 206 1885 ζνντοιῶν
228 1790 323 1876 τοὺς
345 1791 667 1898 κατεφθαρμένους,
686 1797 746 1873 καὶ
772 1792 816 1873 τὸ
843 1799 907 1872 τοῦ
935 1789 1092 1872 θανάτου
1118 1824 1232 1873 κατα-

63 1913 198 2017 πρέφων
215 1915 365 2020 κράτος,
380 1914 440 1996 διά
455 1950 495 1997 τε
511 1925 620 1998 τοῦτο
637 1915 719 2002 τους
738 1913 882 2020 νεκροῖς
900 1913 1062 2000 ἀνιστάς.
1092 1911 1235 2000 εἰκότως

65 2031 106 2110 νίν
126 2037 190 2140 ιῖρα
216 2044 319 2147 φησὶ
346 2037 439 2142 πρῖις
467 2039 655 2122 Φίλιππον
677 2041 723 2122 ‘0
750 2037 906 2148 ῖωραιιιλε
934 2036 995 2144 ἐμὲ
1028 2037 1152 2147 ῖάρακι
1182 2040 1269 2118 τδνο

67 2159 180 2268 Πετίρα.
215 2164 306 2272 ἐξὸν
330 2165 406 2267 γάρ
431 2199 503 2264 σοι,
527 2167 655 2272 φησὶν,
678 2166 718 2246 εὖ
744 2165 847 2265 μάλα
873 2169 1077 2267 περιοθρεῖν
1099 2164 1137 2242 ἐν
1158 2162 1239 2261 ἐμοί

43 2295 90 2357 ’ὅτε
112 2290 162 2364 καί
189 2288 235 2396 ἐξ
266 2292 358 2390 ἐμοῦ
389 2287 454 2369 τόν
483 2287 722 2392 γεννήσαντα,
752 2290 833 2369 τίνα
861 2285 996 2392 τρόπον
1024 2286 1144 2390 ἕτερον
1171 2271 1243 2384 τῆς.

69 2407 199 2496 θυι-νίας
243 2419 369 2511 αἰτεῖς,
413 2414 528 2494 καίτοι
569 2417 634 2514 τῆς
676 2413 844 2513 δοθείσης
884 2410 1127 2517 άρχαιοτεροις
1169 2407 1237 2511 τὴν

70 2527 166 2622 ὁλίνω
191 2535 333 2643 λαχὼν,
350 2539 409 2618 καὶ
433 2534 668 2644 ἀληθεστάτῃ
692 2535 895 2641 περιτυχὼν
915 2533 1033 2635 είκόνι,
1050 2533 1237 2616 τουτέστιν

70 2649 124 2746 ἔνι’
130 2689 140 2752 3

1280 670 1390 720 dimi.

1279 749 1317 800 ιη.

103 2861 139 2928 Οὔ
162 2874 327 2939 πιστεύεις
353 2874 403 2941 ὅτι
429 2873 495 2948 ἒτώ
520 2872 555 2938 ἐν
582 2877 631 2957 τῷ
653 2870 756 2962 Πατρί
784 2869 837 2936 καί
864 2870 882 2937 ὁ
909 2869 1024 2958 Πατήρ
1050 2867 1085 2935 ἐν
1113 2864 1186 2945 ἐμοί
1252 2900 1289 2940 10

51 2991 68 3030 η
580 2999 666 3064 ἔστιν
677 3029 687 3080 5

110 3151 194 3258 Ἐγὼ
211 3161 290 3262 μέν,
311 3164 439 3268 φησὶν,
456 3157 486 3241 ὦ
504 3163 678 3260 Φίλιππε,
696 3159 762 3262 τὴν
779 3167 844 3241 τοῦ
862 3157 1103 3262 γεννήσαντος
1123 3153 1267 3260 φύσινο

74 3273 234 3394 ἐνε’μιιυτῴ
253 3285 512 3392 καταγράφων,
531 3285 634 3366 εῖκιόν
650 3291 721 3384 εἶμι
738 3289 802 3384 τῆς
819 3285 945 3366 οὐσίας
969 3282 1089 3377 αὐτοῦ,
1106 3311 1238 3381 μεμορ-

75 3403 205 3498 ίωμὲνος
232 3407 405 3511 δηλονότι
432 3411 510 3490 κατ’
536 3411 678 3506 ἐκεῖνον,
705 3410 772 3513 οὐχ
800 3411 848 3492 ὡς
875 3404 920 3486 ἂν
945 3401 1053 3484 οἴοιτό
1082 3437 1137 3487 τις
1163 3407 1240 3486 ταῖς

78 3519 176 3626 ἶξνθεν
192 3533 329 3642 δόξαις,
347 3536 430 3614 ἀλλ’
450 3532 531 3615 οόδέ
557 3531 671 3641 ξένοις
689 3531 712 3633 ἦ
730 3536 895 3615 ἐπακτοῖς
914 3527 1241 3632 λελαμπρνσρένος

53 3657 370 3761 25ἵλεονεκτῆμασιν·
401 3659 487 3740 ἀλλ’
506 3661 545 3739 ἐν
563 3659 635 3765 ἰδία
661 3657 771 3766 φύσει
797 3661 922 3762 φορῶν
947 3653 993 3735 τὰ
1019 3662 1084 3734 τοῦ
1108 3651 1238 3756 γεννή-

79 3801 180 3865 “⁰²⁷oe
213 3783 298 3881 ἴδια,
335 3784 394 3864 καὶ
430 3791 537 3864 τοῦτο
577 3781 751 3886 ὑπάρχων
786 3783 943 3881 άληθῶς,
980 3779 1068 3883 ὅπερ
1107 3775 1152 3857 ἂν
1188 3775 1241 3874 ε’ίη

80 3897 213 4005 ιἆςεῖνος,
234 3905 329 3990 κατά
355 3941 398 4010 γε
426 3905 491 3987 τὸν
518 3908 557 3986 ἐν
583 3905 774 4006 ταυτότητι
801 3903 991 4008 λόγον,τῇ
1018 3903 1093 3983 κατ’
1113 3901 1242 3980 οὐσίαν

80 4023 155 4118 θλμῖ·
190 4030 240 4112 σῖι
258 4030 332 4136 γὰρ
350 4031 394 4130 δὴ
412 4029 527 4113 πάλιν
543 4029 636 4134 πρὸς
653 4037 768 4110 ταῦτα
791 4032 890 4133 ἐρεῖς·
919 4027 962 4108 οὐ
987 4024 1058 4128 γὰρ
1086 4021 1242 4120 διετέθης

83 4139 282 4256 α’θαλυιπδη
301 4159 350 4242 ὡς
374 4153 443 4258 ι’γδ
466 4155 531 4254 μέν
553 4157 582 4236 ἓν
605 4152 652 4262 τῷ
678 4160 794 4258 πατρί,
814 4162 828 4234 6
854 4149 965 4256 πατῆρ
989 4147 1027 4227 δέ
1055 4145 1101 4226 αθ
1127 4141 1275 4224 πόλινᾶ

62 4261 144 4352 :0662
161 4277 187 4358 ῖι
211 4283 294 4386 ἐμαί.
334 4281 448 4362 καίτοι
476 4282 535 4361 καὶ
562 4281 630 4385 οὐχ
657 4276 795 4375 ἑκόντα,
817 4276 943 4380 φησὶν,
963 4266 1172 4366 ἐκβιάσεταί
1195 4299 1241 4346 σε

85 4395 217 4504 λυιτὸνὴ
240 4413 314 4488 τῶν
335 4405 528 4510 εῖρημένων
549 4402 696 4502 δύναμις
723 4405 772 4484 είς
798 4396 865 4498 τὴν
882 4397 941 4477 ἐπὶ
968 4393 1084 4502 τούτῳ
1110 4393 1239 4471 συναί-

497 4585 522 4642 7.
540 4568 777 4639 σ’νσστοιχιιοῦνπες
789 4562 822 4620 Ε.
967 4575 1008 4617 12.
1026 4557 1069 4615 διό
1080 4577 1108 4613 τε
1120 4559 1197 4612 τοῦτο
1210 4554 1243 4612 Ε.
