<?xml version="1.0" encoding="UTF-8"?>
<!DOCTYPE html PUBLIC "-//W3C//DTD XHTML 1.0 Transitional//EN"
    "http://www.w3.org/TR/xhtml1/DTD/xhtml1-transitional.dtd">
<html xmlns="http://www.w3.org/1999/xhtml" xml:lang="en" lang="en">
 <head>
  <title>
</title>
<meta http-equiv="Content-Type" content="text/html;charset=utf-8" />
  <meta name='ocr-system' content='tesseract 3.04.00' />
  <meta name='ocr-capabilities' content='ocr_page ocr_carea ocr_par ocr_line ocrx_word'/>
</head>
<body>
  <div class='ocr_page' id='page_1' title='image "./sanctipatrisnos02pusegoog_0691.png"; bbox 0 0 3238 5114; ppageno 0'>
   <div class='ocr_carea' id='block_1_1' title="bbox 20 348 1306 438">
    <p class='ocr_par' dir='ltr' id='par_1_1' title="bbox 20 348 1306 438">
     <span class='ocr_line' id='line_1_1' title="bbox 20 348 1306 438; baseline 0.002 -26"><span class='ocrx_word' id='word_1_1' title='bbox 20 377 23 386; x_wconf 91' lang='lat'><em>·</em></span> <span class='ocrx_word' id='word_1_2' title='bbox 103 351 172 414; x_wconf 82' lang='lat' dir='ltr'><strong>xvi.</strong></span> <span class='ocrx_word' id='word_1_3' title='bbox 184 369 301 438; x_wconf 82' lang='lat'>31‚32.</span> <span class='ocrx_word' id='word_1_4' title='bbox 335 349 392 415; x_wconf 93' lang='lat' dir='ltr'>IN</span> <span class='ocrx_word' id='word_1_5' title='bbox 422 351 456 416; x_wconf 86' lang='lat' dir='ltr'>S.</span> <span class='ocrx_word' id='word_1_6' title='bbox 481 349 737 416; x_wconf 85' lang='lat' dir='ltr'><strong>JOANNEM.</strong></span> <span class='ocrx_word' id='word_1_7' title='bbox 784 349 966 416; x_wconf 69' lang='lat' dir='ltr'><strong>mxl.</strong></span> <span class='ocrx_word' id='word_1_8' title='bbox 1010 348 1186 415; x_wconf 79' lang='lat' dir='ltr'>CARII.</span> <span class='ocrx_word' id='word_1_9' title='bbox 1242 350 1306 414; x_wconf 83' lang='lat'>653</span> 
     </span>
    </p>
   </div>
   <div class='ocr_carea' id='block_1_2' title="bbox 14 513 1426 3840">
    <p class='ocr_par' dir='ltr' id='par_1_2' title="bbox 14 513 1304 622">
     <span class='ocr_line' id='line_1_2' title="bbox 14 513 1304 622; baseline -0.005 -22"><span class='ocrx_word' id='word_1_10' title='bbox 14 557 23 600; x_wconf 78' lang='grc' dir='ltr'>ε</span> <span class='ocrx_word' id='word_1_11' title='bbox 104 513 244 622; x_wconf 75' lang='grc' dir='ltr'>φωνὴν,</span> <span class='ocrx_word' id='word_1_12' title='bbox 262 517 311 599; x_wconf 82' lang='grc' dir='ltr'>ὡς</span> <span class='ocrx_word' id='word_1_13' title='bbox 328 514 418 616; x_wconf 71' lang='grc' dir='ltr'>μηδὲ</span> <span class='ocrx_word' id='word_1_14' title='bbox 435 513 556 622; x_wconf 84' lang='grc' dir='ltr'>βραχῦ</span> <span class='ocrx_word' id='word_1_15' title='bbox 573 516 764 620; x_wconf 73' lang='grc' dir='ltr'><strong><em>παροιμίας·</em></strong></span> <span class='ocrx_word' id='word_1_16' title='bbox 785 515 948 614; x_wconf 81' lang='grc' dir='ltr'>ἕναυσμα</span> <span class='ocrx_word' id='word_1_17' title='bbox 969 521 1158 618; x_wconf 86' lang='grc' dir='ltr'>προσεῖναι</span> <span class='ocrx_word' id='word_1_18' title='bbox 1177 518 1304 594; x_wconf 82' lang='grc' dir='ltr'>δοκεῖν.</span> 
     </span>
    </p>

    <p class='ocr_par' dir='ltr' id='par_1_3' title="bbox 14 636 1307 746">
     <span class='ocr_line' id='line_1_3' title="bbox 14 636 1307 746; baseline 0.003 -28"><span class='ocrx_word' id='word_1_19' title='bbox 14 685 21 728; x_wconf 64' lang='grc' dir='ltr'>ι</span> <span class='ocrx_word' id='word_1_20' title='bbox 104 639 405 742; x_wconf 88' lang='grc' dir='ltr'>ἀποκερδαίνουσι</span> <span class='ocrx_word' id='word_1_21' title='bbox 428 637 466 720; x_wconf 77' lang='grc' dir='ltr'>δὲ</span> <span class='ocrx_word' id='word_1_22' title='bbox 491 639 582 743; x_wconf 77' lang='grc' dir='ltr'>πρὸς</span> <span class='ocrx_word' id='word_1_23' title='bbox 606 638 720 746; x_wconf 84' lang='grc' dir='ltr'>τούτῳ</span> <span class='ocrx_word' id='word_1_24' title='bbox 748 641 900 720; x_wconf 90' lang='grc' dir='ltr'>κάκεῖνο·</span> <span class='ocrx_word' id='word_1_25' title='bbox 939 636 1058 738; x_wconf 80' lang='grc' dir='ltr'>ἐπειδὴ</span> <span class='ocrx_word' id='word_1_26' title='bbox 1086 637 1158 742; x_wconf 83' lang='grc' dir='ltr'>γὰρ</span> <span class='ocrx_word' id='word_1_27' title='bbox 1185 636 1307 740; x_wconf 79' lang='grc' dir='ltr'>ἔγνως,</span> 
     </span>
    </p>

    <p class='ocr_par' dir='ltr' id='par_1_4' title="bbox 14 761 1307 868">
     <span class='ocr_line' id='line_1_4' title="bbox 14 761 1307 868; baseline -0.005 -20"><span class='ocrx_word' id='word_1_28' title='bbox 14 811 15 848; x_wconf 65' lang='grc' dir='ltr'>ι</span> <span class='ocrx_word' id='word_1_29' title='bbox 105 764 214 868; x_wconf 79' lang='grc' dir='ltr'>φησί,</span> <span class='ocrx_word' id='word_1_30' title='bbox 247 762 290 842; x_wconf 80' lang='grc' dir='ltr'>τὸ</span> <span class='ocrx_word' id='word_1_31' title='bbox 325 764 506 867; x_wconf 73' lang='grc' dir='ltr'>λαθραίως</span> <span class='ocrx_word' id='word_1_32' title='bbox 537 763 764 868; x_wconf 79' lang='grc' dir='ltr'>ψιθυρισθὲν,</span> <span class='ocrx_word' id='word_1_33' title='bbox 798 761 963 868; x_wconf 78' lang='grc' dir='ltr'>ἔφθασάς</span> <span class='ocrx_word' id='word_1_34' title='bbox 995 797 1034 843; x_wconf 88' lang='grc' dir='ltr'>τε</span> <span class='ocrx_word' id='word_1_35' title='bbox 1070 761 1137 863; x_wconf 86' lang='grc' dir='ltr'>τὴν</span> <span class='ocrx_word' id='word_1_36' title='bbox 1167 769 1307 860; x_wconf 85' lang='grc' dir='ltr'>πεῦσιν,</span> 
     </span>
    </p>

    <p class='ocr_par' dir='ltr' id='par_1_5' title="bbox 14 884 1305 994">
     <span class='ocr_line' id='line_1_5' title="bbox 14 884 1305 994; baseline -0.001 -27"><span class='ocrx_word' id='word_1_37' title='bbox 14 937 19 976; x_wconf 52' lang='grc' dir='ltr'>ε</span> <span class='ocrx_word' id='word_1_38' title='bbox 105 886 220 989; x_wconf 87' lang='grc' dir='ltr'>ἥνπερ</span> <span class='ocrx_word' id='word_1_39' title='bbox 248 884 405 972; x_wconf 87' lang='grc' dir='ltr'>ἀνίσως</span> <span class='ocrx_word' id='word_1_40' title='bbox 431 886 714 991; x_wconf 83' lang='grc' dir='ltr'>προσηγάγομεν</span> <span class='ocrx_word' id='word_1_41' title='bbox 731 887 831 987; x_wconf 88' lang='grc' dir='ltr'>ἡμεῖς</span> <span class='ocrx_word' id='word_1_42' title='bbox 855 885 1075 994; x_wconf 74' lang='grc' dir='ltr'>ἐξαιτοῦντες</span> <span class='ocrx_word' id='word_1_43' title='bbox 1097 884 1139 968; x_wconf 84' lang='grc' dir='ltr'>τὸ</span> <span class='ocrx_word' id='word_1_44' title='bbox 1166 892 1305 986; x_wconf 85' lang='grc' dir='ltr'>μαθεῖν,</span> 
     </span>
    </p>

    <p class='ocr_par' dir='ltr' id='par_1_6' title="bbox 67 1007 1307 1118">
     <span class='ocr_line' id='line_1_6' title="bbox 67 1007 1307 1118; baseline 0.002 -30"><span class='ocrx_word' id='word_1_45' title='bbox 67 1039 89 1098; x_wconf 83' lang='grc'><strong>5</strong></span> <span class='ocrx_word' id='word_1_46' title='bbox 107 1008 200 1113; x_wconf 82' lang='grc' dir='ltr'>ἅπερ</span> <span class='ocrx_word' id='word_1_47' title='bbox 219 1007 341 1114; x_wconf 73' lang='grc' dir='ltr'>ἔλεγες</span> <span class='ocrx_word' id='word_1_48' title='bbox 359 1012 498 1113; x_wconf 92' lang='grc' dir='ltr'>ἀρτίως,</span> <span class='ocrx_word' id='word_1_49' title='bbox 515 1009 803 1110; x_wconf 80' lang='grc' dir='ltr'>πεπιστεύκαμεν</span> <span class='ocrx_word' id='word_1_50' title='bbox 822 1007 877 1090; x_wconf 78' lang='grc' dir='ltr'>ὅτι</span> <span class='ocrx_word' id='word_1_51' title='bbox 894 1012 953 1090; x_wconf 82' lang='grc' dir='ltr'>καὶ</span> <span class='ocrx_word' id='word_1_52' title='bbox 972 1008 1102 1118; x_wconf 70' lang='grc' dir='ltr'>ἐξῆλθες</span> <span class='ocrx_word' id='word_1_53' title='bbox 1119 1007 1192 1090; x_wconf 68' lang='grc' dir='ltr'>ἀπὶ</span> <span class='ocrx_word' id='word_1_54' title='bbox 1211 1013 1307 1091; x_wconf 81' lang='grc' dir='ltr'>Θεοῦ.</span> 
     </span>
    </p>

    <p class='ocr_par' dir='ltr' id='par_1_7' title="bbox 14 1132 1308 1242">
     <span class='ocr_line' id='line_1_7' title="bbox 14 1132 1308 1242; baseline 0 -30"><span class='ocrx_word' id='word_1_55' title='bbox 14 1193 16 1230; x_wconf 44' lang='lat'>2</span> <span class='ocrx_word' id='word_1_56' title='bbox 106 1132 151 1212; x_wconf 82' lang='grc' dir='ltr'>τὸ</span> <span class='ocrx_word' id='word_1_57' title='bbox 179 1132 251 1237; x_wconf 87' lang='grc' dir='ltr'>γάρ</span> <span class='ocrx_word' id='word_1_58' title='bbox 279 1135 414 1232; x_wconf 75' lang='grc' dir='ltr'>εἰδέναι,</span> <span class='ocrx_word' id='word_1_59' title='bbox 437 1139 541 1242; x_wconf 79' lang='grc' dir='ltr'>φησί,</span> <span class='ocrx_word' id='word_1_60' title='bbox 563 1133 609 1214; x_wconf 88' lang='grc' dir='ltr'>τά</span> <span class='ocrx_word' id='word_1_61' title='bbox 634 1137 671 1215; x_wconf 80' lang='grc' dir='ltr'>ἐν</span> <span class='ocrx_word' id='word_1_62' title='bbox 699 1141 751 1242; x_wconf 78' lang='grc' dir='ltr'>τῷ</span> <span class='ocrx_word' id='word_1_63' title='bbox 775 1132 1002 1242; x_wconf 72' lang='grc' dir='ltr'>παραβύστῳ</span> <span class='ocrx_word' id='word_1_64' title='bbox 1030 1135 1089 1213; x_wconf 81' lang='grc' dir='ltr'>καὶ</span> <span class='ocrx_word' id='word_1_65' title='bbox 1116 1132 1308 1234; x_wconf 85' lang='grc' dir='ltr'>λεληθύτα,</span> 
     </span>
    </p>

    <p class='ocr_par' dir='ltr' id='par_1_8' title="bbox 14 1255 1308 1364">
     <span class='ocr_line' id='line_1_8' title="bbox 14 1255 1308 1364; baseline -0.001 -28"><span class='ocrx_word' id='word_1_66' title='bbox 14 1285 18 1358; x_wconf 75' lang='lat' dir='ltr'><strong>j</strong></span> <span class='ocrx_word' id='word_1_67' title='bbox 107 1264 174 1336; x_wconf 93' lang='grc' dir='ltr'>τοῦ</span> <span class='ocrx_word' id='word_1_68' title='bbox 201 1257 347 1340; x_wconf 85' lang='grc' dir='ltr'>πάντων</span> <span class='ocrx_word' id='word_1_69' title='bbox 371 1255 416 1340; x_wconf 83' lang='grc' dir='ltr'>ἀν</span> <span class='ocrx_word' id='word_1_70' title='bbox 440 1259 493 1358; x_wconf 88' lang='grc' dir='ltr'>είη</span> <span class='ocrx_word' id='word_1_71' title='bbox 520 1264 625 1356; x_wconf 84' lang='grc' dir='ltr'>Θεοῦ,</span> <span class='ocrx_word' id='word_1_72' title='bbox 649 1261 707 1338; x_wconf 81' lang='grc' dir='ltr'>καὶ</span> <span class='ocrx_word' id='word_1_73' title='bbox 735 1259 802 1364; x_wconf 81' lang='grc' dir='ltr'>οὐχ</span> <span class='ocrx_word' id='word_1_74' title='bbox 830 1257 949 1362; x_wconf 79' lang='grc' dir='ltr'>ἑτέρου</span> <span class='ocrx_word' id='word_1_75' title='bbox 973 1255 1080 1341; x_wconf 88' lang='grc' dir='ltr'>τινός.</span> <span class='ocrx_word' id='word_1_76' title='bbox 1124 1255 1242 1356; x_wconf 75' lang='grc' dir='ltr'>ἐπειδὴ</span> <span class='ocrx_word' id='word_1_77' title='bbox 1271 1257 1308 1337; x_wconf 83' lang='grc' dir='ltr'>δὲ</span> 
     </span>
    </p>

    <p class='ocr_par' dir='ltr' id='par_1_9' title="bbox 14 1376 1341 1490">
     <span class='ocr_line' id='line_1_9' title="bbox 14 1376 1341 1490; baseline 0 -31"><span class='ocrx_word' id='word_1_78' title='bbox 14 1437 16 1482; x_wconf 79' lang='lat'><em>÷</em></span> <span class='ocrx_word' id='word_1_79' title='bbox 108 1376 219 1460; x_wconf 80' lang='grc' dir='ltr'>οἶσθα</span> <span class='ocrx_word' id='word_1_80' title='bbox 242 1379 289 1462; x_wconf 87' lang='grc' dir='ltr'>τά</span> <span class='ocrx_word' id='word_1_81' title='bbox 312 1381 432 1464; x_wconf 89' lang='grc' dir='ltr'>πάντοι</span> <span class='ocrx_word' id='word_1_82' title='bbox 455 1381 572 1482; x_wconf 83' lang='grc' dir='ltr'>αῦτὸς,</span> <span class='ocrx_word' id='word_1_83' title='bbox 590 1390 668 1468; x_wconf 82' lang='grc' dir='ltr'>πῶς</span> <span class='ocrx_word' id='word_1_84' title='bbox 686 1385 750 1462; x_wconf 88' lang='grc' dir='ltr'>οῦκ</span> <span class='ocrx_word' id='word_1_85' title='bbox 775 1384 1028 1490; x_wconf 76' lang='grc' dir='ltr'>ἀναμφίλογον</span> <span class='ocrx_word' id='word_1_86' title='bbox 1046 1384 1094 1466; x_wconf 85' lang='grc' dir='ltr'>ὡς</span> <span class='ocrx_word' id='word_1_87' title='bbox 1114 1383 1153 1461; x_wconf 80' lang='grc' dir='ltr'>ἐκ</span> <span class='ocrx_word' id='word_1_88' title='bbox 1175 1387 1239 1460; x_wconf 89' lang='grc' dir='ltr'>τοῦ</span> <span class='ocrx_word' id='word_1_89' title='bbox 1263 1377 1341 1468; x_wconf 50' lang='lat' dir='ltr'>rab</span> 
     </span>
    </p>

    <p class='ocr_par' dir='ltr' id='par_1_10' title="bbox 14 1503 1305 1614">
     <span class='ocr_line' id='line_1_10' title="bbox 14 1503 1305 1614; baseline -0.001 -30"><span class='ocrx_word' id='word_1_90' title='bbox 14 1539 16 1606; x_wconf 55' lang='lat'>4</span> <span class='ocrx_word' id='word_1_91' title='bbox 108 1503 229 1585; x_wconf 85' lang='grc' dir='ltr'>πάντα</span> <span class='ocrx_word' id='word_1_92' title='bbox 247 1505 380 1591; x_wconf 81' lang='grc' dir='ltr'>εἰδότος</span> <span class='ocrx_word' id='word_1_93' title='bbox 397 1506 610 1614; x_wconf 78' lang='grc' dir='ltr'>ἐξέλαμψας</span> <span class='ocrx_word' id='word_1_94' title='bbox 629 1511 747 1600; x_wconf 86' lang='grc' dir='ltr'>Θεοῦ;</span> <span class='ocrx_word' id='word_1_95' title='bbox 777 1506 934 1589; x_wconf 92' lang='grc' dir='ltr'>πίστεως</span> <span class='ocrx_word' id='word_1_96' title='bbox 951 1505 1015 1584; x_wconf 85' lang='grc' dir='ltr'>οῦν</span> <span class='ocrx_word' id='word_1_97' title='bbox 1032 1504 1103 1607; x_wconf 85' lang='grc' dir='ltr'>ἀρα</span> <span class='ocrx_word' id='word_1_98' title='bbox 1121 1507 1184 1604; x_wconf 82' lang='grc' dir='ltr'>τῆς</span> <span class='ocrx_word' id='word_1_99' title='bbox 1203 1507 1305 1584; x_wconf 89' lang='grc' dir='ltr'>ἀνεν-</span> 
     </span>
    </p>

    <p class='ocr_par' dir='ltr' id='par_1_11' title="bbox 14 1624 1426 2230">
     <span class='ocr_line' id='line_1_11' title="bbox 14 1624 1306 1736; baseline 0 -30"><span class='ocrx_word' id='word_1_100' title='bbox 14 1725 15 1728; x_wconf 10' lang='grc' dir='ltr'><strong>Ὶ</strong></span> <span class='ocrx_word' id='word_1_101' title='bbox 50 1666 94 1706; x_wconf 91' lang='lat'>10</span> <span class='ocrx_word' id='word_1_102' title='bbox 109 1624 283 1708; x_wconf 89' lang='grc' dir='ltr'>δοιάστου</span> <span class='ocrx_word' id='word_1_103' title='bbox 309 1628 428 1736; x_wconf 77' lang='grc' dir='ltr'>τροφὴ</span> <span class='ocrx_word' id='word_1_104' title='bbox 459 1630 616 1730; x_wconf 81' lang='grc' dir='ltr'>κατέστη</span> <span class='ocrx_word' id='word_1_105' title='bbox 644 1636 718 1714; x_wconf 86' lang='grc' dir='ltr'>τοῖς</span> <span class='ocrx_word' id='word_1_106' title='bbox 744 1633 920 1729; x_wconf 84' lang='grc' dir='ltr'>μαθηταῖς</span> <span class='ocrx_word' id='word_1_107' title='bbox 947 1627 1036 1726; x_wconf 86' lang='grc' dir='ltr'>μετά</span> <span class='ocrx_word' id='word_1_108' title='bbox 1063 1634 1136 1707; x_wconf 82' lang='grc' dir='ltr'>τῶν</span> <span class='ocrx_word' id='word_1_109' title='bbox 1163 1627 1306 1724; x_wconf 76' lang='grc' dir='ltr'>ἄλλων,</span> 
     </span>
     <span class='ocr_line' id='line_1_12' title="bbox 109 1750 1309 1858; baseline 0.003 -28"><span class='ocrx_word' id='word_1_110' title='bbox 109 1754 300 1832; x_wconf 82' lang='grc' dir='ltr'>καὶτοῦτο</span> <span class='ocrx_word' id='word_1_111' title='bbox 328 1751 370 1833; x_wconf 81' lang='grc' dir='ltr'>τὸ</span> <span class='ocrx_word' id='word_1_112' title='bbox 399 1751 589 1856; x_wconf 76' lang='grc' dir='ltr'>θεοπρεπὲς</span> <span class='ocrx_word' id='word_1_113' title='bbox 616 1751 727 1837; x_wconf 84' lang='grc' dir='ltr'>ὅντως</span> <span class='ocrx_word' id='word_1_114' title='bbox 755 1755 813 1832; x_wconf 83' lang='grc' dir='ltr'>καὶ</span> <span class='ocrx_word' id='word_1_115' title='bbox 840 1750 1046 1858; x_wconf 82' lang='grc' dir='ltr'>παράδοξον</span> <span class='ocrx_word' id='word_1_116' title='bbox 1073 1755 1232 1850; x_wconf 88' lang='grc' dir='ltr'>σημεῖον,</span> <span class='ocrx_word' id='word_1_117' title='bbox 1261 1753 1309 1834; x_wconf 82' lang='grc' dir='ltr'>ὡς</span> 
     </span>
     <span class='ocr_line' id='line_1_13' title="bbox 109 1873 1426 1990; baseline 0.005 -36"><span class='ocrx_word' id='word_1_118' title='bbox 109 1873 190 1954; x_wconf 78' lang='grc' dir='ltr'>ἔστι</span> <span class='ocrx_word' id='word_1_119' title='bbox 221 1875 287 1973; x_wconf 81' lang='grc' dir='ltr'>μέν</span> <span class='ocrx_word' id='word_1_120' title='bbox 315 1910 393 1961; x_wconf 91' lang='grc' dir='ltr'>πως</span> <span class='ocrx_word' id='word_1_121' title='bbox 423 1881 507 1957; x_wconf 87' lang='grc' dir='ltr'>ίδεῖν</span> <span class='ocrx_word' id='word_1_122' title='bbox 537 1878 590 1958; x_wconf 83' lang='grc' dir='ltr'>ἐπ’</span> <span class='ocrx_word' id='word_1_123' title='bbox 623 1877 740 1956; x_wconf 84' lang='grc' dir='ltr'>αὐτῶν</span> <span class='ocrx_word' id='word_1_124' title='bbox 770 1875 915 1977; x_wconf 73' lang='grc' dir='ltr'>ἀληθὲς,</span> <span class='ocrx_word' id='word_1_125' title='bbox 952 1874 994 1954; x_wconf 88' lang='grc' dir='ltr'>τό</span> <span class='ocrx_word' id='word_1_126' title='bbox 1024 1875 1166 1956; x_wconf 85' lang='grc' dir='ltr'>“Δίδου</span> <span class='ocrx_word' id='word_1_127' title='bbox 1198 1873 1308 1983; x_wconf 73' lang='grc' dir='ltr'>σοφῷ</span> <span class='ocrx_word' id='word_1_128' title='bbox 1351 1911 1426 1990; x_wconf 65' lang='grc' dir='ltr'>ρων.</span> 
     </span>
     <span class='ocr_line' id='line_1_14' title="bbox 111 1993 1421 2107; baseline 0.002 -30"><span class='ocrx_word' id='word_1_129' title='bbox 111 2009 133 2046; x_wconf 88' lang='grc'><strong>“</strong></span> <span class='ocrx_word' id='word_1_130' title='bbox 152 1998 331 2106; x_wconf 84' lang='grc' dir='ltr'>ἀφορμὴν,</span> <span class='ocrx_word' id='word_1_131' title='bbox 351 2003 409 2080; x_wconf 84' lang='grc' dir='ltr'>καὶ</span> <span class='ocrx_word' id='word_1_132' title='bbox 427 1999 636 2104; x_wconf 81' lang='grc' dir='ltr'>σοφώτερος</span> <span class='ocrx_word' id='word_1_133' title='bbox 656 1999 770 2098; x_wconf 79' lang='grc' dir='ltr'>ἔσται,</span> <span class='ocrx_word' id='word_1_134' title='bbox 789 1999 935 2101; x_wconf 81' lang='grc' dir='ltr'>γυῶριζε</span> <span class='ocrx_word' id='word_1_135' title='bbox 954 2000 1085 2107; x_wconf 82' lang='grc' dir='ltr'>δικαίῳ,</span> <span class='ocrx_word' id='word_1_136' title='bbox 1105 2002 1164 2079; x_wconf 82' lang='grc' dir='ltr'>καὶ</span> <span class='ocrx_word' id='word_1_137' title='bbox 1184 2033 1304 2102; x_wconf 92' lang='grc' dir='ltr'>προσ-</span> <span class='ocrx_word' id='word_1_138' title='bbox 1353 1993 1421 2042; x_wconf 81' lang='lat'>¹¹&#39;9&#39;</span> 
     </span>
     <span class='ocr_line' id='line_1_15' title="bbox 111 2120 1308 2230; baseline 0 -28"><span class='ocrx_word' id='word_1_139' title='bbox 111 2131 133 2168; x_wconf 90' lang='lat'><strong>“</strong></span> <span class='ocrx_word' id='word_1_140' title='bbox 149 2121 253 2222; x_wconf 80' lang='grc' dir='ltr'>θήσει</span> <span class='ocrx_word' id='word_1_141' title='bbox 271 2131 335 2204; x_wconf 87' lang='grc' dir='ltr'>τοῦ</span> <span class='ocrx_word' id='word_1_142' title='bbox 357 2124 562 2230; x_wconf 48' lang='grc' dir='ltr'>δέχεσθαιά</span> <span class='ocrx_word' id='word_1_143' title='bbox 602 2125 697 2229; x_wconf 84' lang='grc' dir='ltr'>φασὶ</span> <span class='ocrx_word' id='word_1_144' title='bbox 725 2121 763 2204; x_wconf 72' lang='grc' dir='ltr'>δὲ</span> <span class='ocrx_word' id='word_1_145' title='bbox 786 2123 828 2203; x_wconf 87' lang='grc' dir='ltr'>τό</span> <span class='ocrx_word' id='word_1_146' title='bbox 848 2125 916 2203; x_wconf 80' lang='grc' dir='ltr'>Νῦν</span> <span class='ocrx_word' id='word_1_147' title='bbox 936 2123 1142 2228; x_wconf 81' lang='grc' dir='ltr'>πιστεύομεν,</span> <span class='ocrx_word' id='word_1_148' title='bbox 1164 2124 1205 2201; x_wconf 89' lang='grc' dir='ltr'>οῦ</span> <span class='ocrx_word' id='word_1_149' title='bbox 1227 2120 1308 2202; x_wconf 86' lang='grc' dir='ltr'>τότε</span> 
     </span>
    </p>

    <p class='ocr_par' dir='ltr' id='par_1_12' title="bbox 58 2244 1337 2724">
     <span class='ocr_line' id='line_1_16' title="bbox 58 2244 1307 2352; baseline 0.006 -30"><span class='ocrx_word' id='word_1_150' title='bbox 58 2277 97 2337; x_wconf 88' lang='lat'>15</span> <span class='ocrx_word' id='word_1_151' title='bbox 111 2244 156 2346; x_wconf 80' lang='grc' dir='ltr'>δὴ</span> <span class='ocrx_word' id='word_1_152' title='bbox 174 2245 318 2332; x_wconf 90' lang='grc' dir='ltr'>πάντως</span> <span class='ocrx_word' id='word_1_153' title='bbox 335 2244 401 2346; x_wconf 83' lang='grc' dir='ltr'>τὴν</span> <span class='ocrx_word' id='word_1_154' title='bbox 419 2255 483 2328; x_wconf 92' lang='grc' dir='ltr'>τοῦ</span> <span class='ocrx_word' id='word_1_155' title='bbox 501 2245 681 2328; x_wconf 88' lang='grc' dir='ltr'>πιστεύειν</span> <span class='ocrx_word' id='word_1_156' title='bbox 698 2245 813 2352; x_wconf 76' lang='grc' dir='ltr'>ἀρχὴν</span> <span class='ocrx_word' id='word_1_157' title='bbox 827 2249 865 2326; x_wconf 85' lang='grc' dir='ltr'>ἐν</span> <span class='ocrx_word' id='word_1_158' title='bbox 882 2245 1016 2330; x_wconf 81' lang='grc' dir='ltr'>ἑαυτοῖς</span> <span class='ocrx_word' id='word_1_159' title='bbox 1034 2244 1307 2352; x_wconf 80' lang='grc' dir='ltr'>είσφρήσαντες,</span> 
     </span>
     <span class='ocr_line' id='line_1_17' title="bbox 111 2366 1337 2474; baseline -0.002 -24"><span class='ocrx_word' id='word_1_160' title='bbox 111 2369 171 2450; x_wconf 79' lang='grc' dir='ltr'>ὅτε</span> <span class='ocrx_word' id='word_1_161' title='bbox 203 2370 469 2452; x_wconf 82' lang='grc' dir='ltr'>τῶντοιούτων</span> <span class='ocrx_word' id='word_1_162' title='bbox 497 2367 726 2474; x_wconf 75' lang='grc' dir='ltr'>ἠκροάσαντο</span> <span class='ocrx_word' id='word_1_163' title='bbox 753 2369 886 2472; x_wconf 87' lang='grc' dir='ltr'>λόγων,</span> <span class='ocrx_word' id='word_1_164' title='bbox 917 2369 1029 2470; x_wconf 81' lang='grc' dir='ltr'>ἤγουν</span> <span class='ocrx_word' id='word_1_165' title='bbox 1058 2369 1238 2449; x_wconf 82' lang='grc' dir='ltr'>τεθέανται</span> <span class='ocrx_word' id='word_1_166' title='bbox 1264 2366 1337 2455; x_wconf 72' lang='grc' dir='ltr'>τὸυ</span> 
     </span>
     <span class='ocr_line' id='line_1_18' title="bbox 112 2489 1307 2601; baseline 0 -29"><span class='ocrx_word' id='word_1_167' title='bbox 112 2501 273 2594; x_wconf 85' lang='grc' dir='ltr'>σημεῖον,</span> <span class='ocrx_word' id='word_1_168' title='bbox 289 2493 332 2574; x_wconf 81' lang='grc' dir='ltr'>τὸ</span> <span class='ocrx_word' id='word_1_169' title='bbox 357 2494 481 2574; x_wconf 74' lang='grc' dir='ltr'>εἰδέναι</span> <span class='ocrx_word' id='word_1_170' title='bbox 500 2496 594 2601; x_wconf 78' lang='grc' dir='ltr'>φημί</span> <span class='ocrx_word' id='word_1_171' title='bbox 612 2493 658 2574; x_wconf 84' lang='grc' dir='ltr'>τά</span> <span class='ocrx_word' id='word_1_172' title='bbox 676 2491 792 2595; x_wconf 85' lang='grc' dir='ltr'>πάντα</span> <span class='ocrx_word' id='word_1_173' title='bbox 810 2490 875 2572; x_wconf 82' lang='grc' dir='ltr'>τῦν</span> <span class='ocrx_word' id='word_1_174' title='bbox 894 2491 1038 2595; x_wconf 84' lang='grc' dir='ltr'>Κύριον,</span> <span class='ocrx_word' id='word_1_175' title='bbox 1057 2494 1141 2573; x_wconf 84' lang='grc' dir='ltr'>ἀλλ’</span> <span class='ocrx_word' id='word_1_176' title='bbox 1160 2495 1209 2577; x_wconf 80' lang='grc' dir='ltr'>ὡς</span> <span class='ocrx_word' id='word_1_177' title='bbox 1227 2489 1307 2574; x_wconf 86' lang='grc' dir='ltr'>τάτε</span> 
     </span>
     <span class='ocr_line' id='line_1_19' title="bbox 112 2616 1308 2724; baseline 0.005 -28"><span class='ocrx_word' id='word_1_178' title='bbox 112 2617 242 2698; x_wconf 87' lang='grc' dir='ltr'>λοιπὸν</span> <span class='ocrx_word' id='word_1_179' title='bbox 268 2617 336 2719; x_wconf 84' lang='grc' dir='ltr'>τὴν</span> <span class='ocrx_word' id='word_1_180' title='bbox 354 2621 392 2699; x_wconf 84' lang='grc' dir='ltr'>ἐν</span> <span class='ocrx_word' id='word_1_181' title='bbox 418 2622 544 2724; x_wconf 81' lang='grc' dir='ltr'>ἀρχαῖς</span> <span class='ocrx_word' id='word_1_182' title='bbox 567 2622 815 2723; x_wconf 86' lang='grc' dir='ltr'>είσδεχθεΐσαν</span> <span class='ocrx_word' id='word_1_183' title='bbox 832 2616 957 2697; x_wconf 85' lang='grc' dir='ltr'>πίστιν</span> <span class='ocrx_word' id='word_1_184' title='bbox 974 2616 1091 2720; x_wconf 80' lang='grc' dir='ltr'>ῥιζοῦν</span> <span class='ocrx_word' id='word_1_185' title='bbox 1108 2620 1146 2696; x_wconf 90' lang='grc' dir='ltr'>εὐ</span> <span class='ocrx_word' id='word_1_186' title='bbox 1168 2617 1308 2702; x_wconf 80' lang='grc' dir='ltr'>οἰκείαις</span> 
     </span>
    </p>

    <p class='ocr_par' dir='ltr' id='par_1_13' title="bbox 74 2739 1308 2848">
     <span class='ocr_line' id='line_1_20' title="bbox 74 2739 1308 2848; baseline 0 -28"><span class='ocrx_word' id='word_1_187' title='bbox 74 2747 76 2751; x_wconf 68' lang='grc'><strong>’</strong></span> <span class='ocrx_word' id='word_1_188' title='bbox 112 2744 249 2846; x_wconf 86' lang='grc' dir='ltr'>ψυχαῖς</span> <span class='ocrx_word' id='word_1_189' title='bbox 277 2741 479 2848; x_wconf 87' lang='grc' dir='ltr'>ἀρχόμενοι,</span> <span class='ocrx_word' id='word_1_190' title='bbox 500 2745 558 2822; x_wconf 84' lang='grc' dir='ltr'>καί</span> <span class='ocrx_word' id='word_1_191' title='bbox 586 2745 785 2822; x_wconf 87' lang='grc' dir='ltr'>διακεῖσθαι</span> <span class='ocrx_word' id='word_1_192' title='bbox 812 2740 942 2822; x_wconf 82' lang='grc' dir='ltr'>λοιπὸν</span> <span class='ocrx_word' id='word_1_193' title='bbox 969 2739 1151 2844; x_wconf 87' lang='grc' dir='ltr'>ἀραρότως</span> <span class='ocrx_word' id='word_1_194' title='bbox 1178 2743 1308 2822; x_wconf 89' lang='grc' dir='ltr'>ἀναπε-</span> 
     </span>
    </p>

    <p class='ocr_par' dir='ltr' id='par_1_14' title="bbox 60 2863 1421 3591">
     <span class='ocr_line' id='line_1_21' title="bbox 60 2863 1308 2970; baseline -0.003 -22"><span class='ocrx_word' id='word_1_195' title='bbox 60 2907 99 2948; x_wconf 81' lang='lat'>20</span> <span class='ocrx_word' id='word_1_196' title='bbox 112 2864 306 2964; x_wconf 78' lang='grc' dir='ltr'>πεισμεῦοι,</span> <span class='ocrx_word' id='word_1_197' title='bbox 329 2869 377 2950; x_wconf 84' lang='grc' dir='ltr'>ὡς</span> <span class='ocrx_word' id='word_1_198' title='bbox 396 2863 490 2950; x_wconf 86' lang='grc' dir='ltr'>Θεάς</span> <span class='ocrx_word' id='word_1_199' title='bbox 514 2901 553 2946; x_wconf 91' lang='grc' dir='ltr'>τε</span> <span class='ocrx_word' id='word_1_200' title='bbox 578 2865 630 2966; x_wconf 85' lang='grc' dir='ltr'>ε’ίη</span> <span class='ocrx_word' id='word_1_201' title='bbox 655 2867 713 2946; x_wconf 80' lang='grc' dir='ltr'>καὶ</span> <span class='ocrx_word' id='word_1_202' title='bbox 736 2867 775 2944; x_wconf 82' lang='grc' dir='ltr'>ἐκ</span> <span class='ocrx_word' id='word_1_203' title='bbox 793 2869 888 2944; x_wconf 86' lang='grc' dir='ltr'>Θεοῦ</span> <span class='ocrx_word' id='word_1_204' title='bbox 911 2872 974 2944; x_wconf 92' lang='grc' dir='ltr'>τοῦ</span> <span class='ocrx_word' id='word_1_205' title='bbox 1002 2863 1092 2944; x_wconf 79' lang='grc' dir='ltr'>κατὰ</span> <span class='ocrx_word' id='word_1_206' title='bbox 1110 2866 1226 2970; x_wconf 84' lang='grc' dir='ltr'>φύσιν</span> <span class='ocrx_word' id='word_1_207' title='bbox 1249 2867 1308 2944; x_wconf 80' lang='grc' dir='ltr'>καὶ</span> 
     </span>
     <span class='ocr_line' id='line_1_22' title="bbox 114 2987 1309 3096; baseline 0.003 -28"><span class='ocrx_word' id='word_1_208' title='bbox 114 2990 297 3090; x_wconf 86' lang='grc' dir='ltr'>ἀληθινοῦ.</span> <span class='ocrx_word' id='word_1_209' title='bbox 333 2989 608 3096; x_wconf 81' lang='grc' dir='ltr'>παραδεξόμεθα</span> <span class='ocrx_word' id='word_1_210' title='bbox 635 2990 755 3069; x_wconf 88' lang='grc' dir='ltr'>τοίνυν</span> <span class='ocrx_word' id='word_1_211' title='bbox 778 2987 820 3067; x_wconf 88' lang='grc' dir='ltr'>τό</span> <span class='ocrx_word' id='word_1_212' title='bbox 838 2991 906 3068; x_wconf 83' lang='grc' dir='ltr'>Νῦν</span> <span class='ocrx_word' id='word_1_213' title='bbox 935 2987 1140 3093; x_wconf 83' lang='grc' dir='ltr'>πιστεύομεν,</span> <span class='ocrx_word' id='word_1_214' title='bbox 1169 2989 1232 3067; x_wconf 87' lang='grc' dir='ltr'>οῦκ</span> <span class='ocrx_word' id='word_1_215' title='bbox 1260 2993 1309 3072; x_wconf 86' lang='grc' dir='ltr'>είς</span> 
     </span>
     <span class='ocr_line' id='line_1_23' title="bbox 114 3108 1309 3218; baseline 0 -27"><span class='ocrx_word' id='word_1_216' title='bbox 114 3109 179 3211; x_wconf 77' lang='grc' dir='ltr'>τὴν</span> <span class='ocrx_word' id='word_1_217' title='bbox 211 3121 275 3194; x_wconf 89' lang='grc' dir='ltr'>τοῦ</span> <span class='ocrx_word' id='word_1_218' title='bbox 308 3112 488 3194; x_wconf 90' lang='grc' dir='ltr'>πιστεύειν</span> <span class='ocrx_word' id='word_1_219' title='bbox 519 3110 649 3218; x_wconf 79' lang='grc' dir='ltr'>ἀρχὴν,</span> <span class='ocrx_word' id='word_1_220' title='bbox 684 3110 768 3190; x_wconf 85' lang='grc' dir='ltr'>ἀλλ’</span> <span class='ocrx_word' id='word_1_221' title='bbox 803 3115 852 3194; x_wconf 88' lang='grc' dir='ltr'>είς</span> <span class='ocrx_word' id='word_1_222' title='bbox 883 3108 949 3210; x_wconf 82' lang='grc' dir='ltr'>τὴν</span> <span class='ocrx_word' id='word_1_223' title='bbox 978 3118 1042 3189; x_wconf 91' lang='grc' dir='ltr'>τοῦ</span> <span class='ocrx_word' id='word_1_224' title='bbox 1069 3116 1309 3206; x_wconf 81' lang='grc' dir='ltr'>βεβαιοῦσθαι</span> 
     </span>
     <span class='ocr_line' id='line_1_24' title="bbox 113 3230 1225 3340; baseline -0.001 -24"><span class='ocrx_word' id='word_1_225' title='bbox 113 3237 252 3340; x_wconf 89' lang='grc' dir='ltr'>παγίως</span> <span class='ocrx_word' id='word_1_226' title='bbox 270 3243 319 3322; x_wconf 88' lang='grc' dir='ltr'>είς</span> <span class='ocrx_word' id='word_1_227' title='bbox 336 3236 402 3338; x_wconf 83' lang='grc' dir='ltr'>τὴν</span> <span class='ocrx_word' id='word_1_228' title='bbox 420 3235 489 3337; x_wconf 81' lang='grc' dir='ltr'>ἤδη</span> <span class='ocrx_word' id='word_1_229' title='bbox 507 3233 739 3336; x_wconf 72' lang='grc' dir='ltr'>τετιμημένην</span> <span class='ocrx_word' id='word_1_230' title='bbox 756 3240 801 3340; x_wconf 83' lang='grc' dir='ltr'>τῇ</span> <span class='ocrx_word' id='word_1_231' title='bbox 818 3232 1019 3314; x_wconf 78' lang='grc' dir='ltr'>συναινέσει</span> <span class='ocrx_word' id='word_1_232' title='bbox 1037 3230 1225 3340; x_wconf 74' lang='grc' dir='ltr'>διάληψιν.</span> 
     </span>
     <span class='ocr_line' id='line_1_25' title="bbox 110 3423 1421 3591; baseline 0.002 -27"><span class='ocrx_word' id='word_1_233' title='bbox 110 3498 287 3590; x_wconf 69' lang='grc' dir='ltr'>Ἀπεκρίθη</span> <span class='ocrx_word' id='word_1_234' title='bbox 315 3495 426 3565; x_wconf 80' lang='grc' dir='ltr'>αὐτοῖο</span> <span class='ocrx_word' id='word_1_235' title='bbox 451 3501 470 3564; x_wconf 86' lang='grc' dir='ltr'><strong>ὀ</strong></span> <span class='ocrx_word' id='word_1_236' title='bbox 496 3499 623 3566; x_wconf 82' lang='grc' dir='ltr'>Ἰιισοῦο</span> <span class='ocrx_word' id='word_1_237' title='bbox 646 3497 737 3588; x_wconf 83' lang='grc' dir='ltr'>Ἀρτι</span> <span class='ocrx_word' id='word_1_238' title='bbox 760 3500 928 3566; x_wconf 83' lang='grc' dir='ltr'>πιστεύετε</span> <span class='ocrx_word' id='word_1_239' title='bbox 941 3529 951 3582; x_wconf 76' lang='lat'>5</span> <span class='ocrx_word' id='word_1_240' title='bbox 982 3497 1052 3566; x_wconf 87' lang='grc' dir='ltr'>ἰδοὺ</span> <span class='ocrx_word' id='word_1_241' title='bbox 1080 3499 1209 3590; x_wconf 80' lang='grc' dir='ltr'>ἔρχεται</span> <span class='ocrx_word' id='word_1_242' title='bbox 1235 3503 1307 3591; x_wconf 84' lang='grc' dir='ltr'>ὥρα</span> <span class='ocrx_word' id='word_1_243' title='bbox 1323 3423 1421 3591; x_wconf 55' lang='lat' dir='ltr'>3¹2ss</span> 
     </span>
    </p>

    <p class='ocr_par' dir='ltr' id='par_1_15' title="bbox 65 3617 1308 3715">
     <span class='ocr_line' id='line_1_26' title="bbox 65 3617 1308 3715; baseline -0.002 -19"><span class='ocrx_word' id='word_1_244' title='bbox 65 3633 101 3696; x_wconf 85' lang='lat'>25</span> <span class='ocrx_word' id='word_1_245' title='bbox 166 3623 216 3690; x_wconf 81' lang='grc' dir='ltr'>καί</span> <span class='ocrx_word' id='word_1_246' title='bbox 240 3631 295 3691; x_wconf 88' lang='grc' dir='ltr'>νῦν</span> <span class='ocrx_word' id='word_1_247' title='bbox 319 3625 486 3705; x_wconf 83' lang='grc' dir='ltr'>ὲλιίλυθεν,</span> <span class='ocrx_word' id='word_1_248' title='bbox 510 3625 563 3690; x_wconf 88' lang='grc' dir='ltr'>ίνα</span> <span class='ocrx_word' id='word_1_249' title='bbox 586 3629 804 3714; x_wconf 72' lang='grc' dir='ltr'>σκορπισθῆτε</span> <span class='ocrx_word' id='word_1_250' title='bbox 824 3626 969 3715; x_wconf 77' lang='grc' dir='ltr'>Ιἔκαστοι</span> <span class='ocrx_word' id='word_1_251' title='bbox 993 3617 1039 3692; x_wconf 79' lang='grc' dir='ltr'>είί</span> <span class='ocrx_word' id='word_1_252' title='bbox 1065 3625 1105 3691; x_wconf 78' lang='grc' dir='ltr'>τὰ</span> <span class='ocrx_word' id='word_1_253' title='bbox 1134 3621 1201 3691; x_wconf 83' lang='grc' dir='ltr'>ἴδια</span> <span class='ocrx_word' id='word_1_254' title='bbox 1226 3626 1308 3704; x_wconf 82' lang='grc' dir='ltr'>κάμὲ</span> 
     </span>
    </p>

    <p class='ocr_par' dir='ltr' id='par_1_16' title="bbox 165 3747 1309 3840">
     <span class='ocr_line' id='line_1_27' title="bbox 165 3747 1309 3840; baseline 0.002 -24"><span class='ocrx_word' id='word_1_255' title='bbox 165 3751 266 3827; x_wconf 87' lang='grc' dir='ltr'>μόνον</span> <span class='ocrx_word' id='word_1_256' title='bbox 285 3750 404 3839; x_wconf 71' lang='grc' dir='ltr'>ἀφῆτε·</span> <span class='ocrx_word' id='word_1_257' title='bbox 427 3749 477 3815; x_wconf 80' lang='grc' dir='ltr'>καί</span> <span class='ocrx_word' id='word_1_258' title='bbox 496 3749 555 3815; x_wconf 86' lang='grc' dir='ltr'>οὐκ</span> <span class='ocrx_word' id='word_1_259' title='bbox 574 3747 638 3828; x_wconf 84' lang='grc' dir='ltr'>εἰμί</span> <span class='ocrx_word' id='word_1_260' title='bbox 657 3751 767 3830; x_wconf 81' lang='grc' dir='ltr'>μόνοι,</span> <span class='ocrx_word' id='word_1_261' title='bbox 786 3753 836 3817; x_wconf 81' lang='grc' dir='ltr'>ὅτι</span> <span class='ocrx_word' id='word_1_262' title='bbox 854 3753 873 3820; x_wconf 88' lang='grc' dir='ltr'>ὁ</span> <span class='ocrx_word' id='word_1_263' title='bbox 890 3751 1004 3840; x_wconf 79' lang='grc' dir='ltr'>Πατιίρ</span> <span class='ocrx_word' id='word_1_264' title='bbox 1022 3753 1087 3829; x_wconf 82' lang='grc' dir='ltr'>μετ’</span> <span class='ocrx_word' id='word_1_265' title='bbox 1109 3751 1189 3830; x_wconf 77' lang='grc' dir='ltr'>ἐμοῦ</span> <span class='ocrx_word' id='word_1_266' title='bbox 1209 3752 1309 3820; x_wconf 77' lang='grc' dir='ltr'>ἐστιν.</span> 
     </span>
    </p>
   </div>
   <div class='ocr_carea' id='block_1_3' title="bbox 68 3919 1449 4401">
    <p class='ocr_par' dir='ltr' id='par_1_17' title="bbox 169 3919 1309 4030">
     <span class='ocr_line' id='line_1_28' title="bbox 169 3919 1309 4030; baseline 0.004 -28"><span class='ocrx_word' id='word_1_267' title='bbox 169 3920 407 4002; x_wconf 83' lang='grc' dir='ltr'>Ἀστειάτατα</span> <span class='ocrx_word' id='word_1_268' title='bbox 427 3919 539 4003; x_wconf 79' lang='grc' dir='ltr'>πάλιν</span> <span class='ocrx_word' id='word_1_269' title='bbox 556 3921 732 4030; x_wconf 77' lang='grc' dir='ltr'>ἐπέδειξεν</span> <span class='ocrx_word' id='word_1_270' title='bbox 750 3923 769 4002; x_wconf 86' lang='grc' dir='ltr'><strong>ὁ</strong></span> <span class='ocrx_word' id='word_1_271' title='bbox 788 3919 915 4025; x_wconf 77' lang='grc' dir='ltr'>Σωτὴρ</span> <span class='ocrx_word' id='word_1_272' title='bbox 939 3921 1003 4004; x_wconf 84' lang='grc' dir='ltr'>τὸν</span> <span class='ocrx_word' id='word_1_273' title='bbox 1024 3927 1087 4024; x_wconf 82' lang='grc' dir='ltr'>τῆς</span> <span class='ocrx_word' id='word_1_274' title='bbox 1115 3926 1171 4030; x_wconf 78' lang='grc' dir='ltr'>ἐφ’</span> <span class='ocrx_word' id='word_1_275' title='bbox 1191 3923 1309 4007; x_wconf 82' lang='grc' dir='ltr'>ἅπασι</span> 
     </span>
    </p>

    <p class='ocr_par' dir='ltr' id='par_1_18' title="bbox 115 4031 1309 4151">
     <span class='ocr_line' id='line_1_29' title="bbox 115 4031 1309 4151; baseline 0.007 -28"><span class='ocrx_word' id='word_1_276' title='bbox 115 4049 188 4130; x_wconf 88' lang='grc' dir='ltr'>τοῖς</span> <span class='ocrx_word' id='word_1_277' title='bbox 206 4046 354 4146; x_wconf 85' lang='grc' dir='ltr'>ἀγαθοῖς</span> <span class='ocrx_word' id='word_1_278' title='bbox 372 4043 604 4147; x_wconf 85' lang='grc' dir='ltr'>βεβαιότητος</span> <span class='ocrx_word' id='word_1_279' title='bbox 623 4048 723 4127; x_wconf 80' lang='grc' dir='ltr'>οὕτω</span> <span class='ocrx_word' id='word_1_280' title='bbox 742 4031 902 4148; x_wconf 84' lang='grc' dir='ltr'>παρόντα</span> <span class='ocrx_word' id='word_1_281' title='bbox 921 4045 1054 4151; x_wconf 87' lang='grc' dir='ltr'>καιρόν·</span> <span class='ocrx_word' id='word_1_282' title='bbox 1088 4048 1189 4133; x_wconf 76' lang='grc' dir='ltr'>οὗτος</span> <span class='ocrx_word' id='word_1_283' title='bbox 1208 4048 1245 4129; x_wconf 77' lang='grc' dir='ltr'>δὲ</span> <span class='ocrx_word' id='word_1_284' title='bbox 1264 4049 1309 4151; x_wconf 86' lang='grc' dir='ltr'>ἦν</span> 
     </span>
    </p>

    <p class='ocr_par' dir='ltr' id='par_1_19' title="bbox 68 4167 1449 4401">
     <span class='ocr_line' id='line_1_30' title="bbox 116 4167 1307 4278; baseline 0.004 -30"><span class='ocrx_word' id='word_1_285' title='bbox 116 4169 136 4248; x_wconf 84' lang='grc' dir='ltr'><strong>ὁ</strong></span> <span class='ocrx_word' id='word_1_286' title='bbox 153 4167 219 4269; x_wconf 76' lang='grc' dir='ltr'>τὴν</span> <span class='ocrx_word' id='word_1_287' title='bbox 235 4177 299 4250; x_wconf 87' lang='grc' dir='ltr'>τοῦ</span> <span class='ocrx_word' id='word_1_288' title='bbox 316 4168 444 4270; x_wconf 82' lang='grc' dir='ltr'>Ἀγίου</span> <span class='ocrx_word' id='word_1_289' title='bbox 458 4168 667 4270; x_wconf 88' lang='grc' dir='ltr'>Πνεύματος</span> <span class='ocrx_word' id='word_1_290' title='bbox 685 4170 729 4278; x_wconf 81' lang='grc' dir='ltr'>ἐξ</span> <span class='ocrx_word' id='word_1_291' title='bbox 744 4171 895 4274; x_wconf 87' lang='grc' dir='ltr'>ούρανοῦ</span> <span class='ocrx_word' id='word_1_292' title='bbox 912 4172 1173 4274; x_wconf 85' lang='grc' dir='ltr'>καταφοίτησιν</span> <span class='ocrx_word' id='word_1_293' title='bbox 1190 4179 1307 4253; x_wconf 80' lang='grc' dir='ltr'>εἰσκο-</span> 
     </span>
     <span class='ocr_line' id='line_1_31' title="bbox 68 4290 1449 4401; baseline 0.005 -29"><span class='ocrx_word' id='word_1_294' title='bbox 68 4332 104 4391; x_wconf 81' lang='lat'>30</span> <span class='ocrx_word' id='word_1_295' title='bbox 115 4290 224 4396; x_wconf 75' lang='grc' dir='ltr'>μίζων</span> <span class='ocrx_word' id='word_1_296' title='bbox 250 4293 379 4390; x_wconf 76' lang='grc' dir='ltr'>αὐτοῖς,</span> <span class='ocrx_word' id='word_1_297' title='bbox 401 4295 459 4372; x_wconf 78' lang='grc' dir='ltr'>καί</span> <span class='ocrx_word' id='word_1_298' title='bbox 486 4293 553 4394; x_wconf 80' lang='grc' dir='ltr'>τὴν</span> <span class='ocrx_word' id='word_1_299' title='bbox 579 4293 623 4400; x_wconf 80' lang='grc' dir='ltr'>ἐξ</span> <span class='ocrx_word' id='word_1_300' title='bbox 648 4297 764 4401; x_wconf 80' lang='grc' dir='ltr'>ὕψους</span> <span class='ocrx_word' id='word_1_301' title='bbox 791 4295 949 4392; x_wconf 82' lang='grc' dir='ltr'>δύναμιν,</span> <span class='ocrx_word' id='word_1_302' title='bbox 974 4291 1067 4373; x_wconf 88' lang='grc' dir='ltr'>καθά</span> <span class='ocrx_word' id='word_1_303' title='bbox 1094 4294 1304 4398; x_wconf 77' lang='grc' dir='ltr'>γέγραπται.</span> <span class='ocrx_word' id='word_1_304' title='bbox 1353 4293 1449 4346; x_wconf 65' lang='lat'>⁸¹⁴⁰0·</span> 
     </span>
    </p>
   </div>
   <div class='ocr_carea' id='block_1_4' title="bbox 1352 4361 1475 4426">
    <p class='ocr_par' dir='ltr' id='par_1_20' title="bbox 1352 4361 1475 4426">
     <span class='ocr_line' id='line_1_32' title="bbox 1352 4361 1475 4426; baseline -0.024 -14"><span class='ocrx_word' id='word_1_305' title='bbox 1352 4361 1421 4412; x_wconf 78' lang='lat' dir='ltr'>xxiv.</span> <span class='ocrx_word' id='word_1_306' title='bbox 1435 4374 1475 4426; x_wconf 82' lang='lat'>49.</span> 
     </span>
    </p>
   </div>
   <div class='ocr_carea' id='block_1_5' title="bbox 117 4413 1338 4670">
    <p class='ocr_par' dir='ltr' id='par_1_21' title="bbox 117 4413 1338 4670">
     <span class='ocr_line' id='line_1_33' title="bbox 117 4413 1338 4525; baseline -0.004 -27"><span class='ocrx_word' id='word_1_307' title='bbox 117 4423 279 4522; x_wconf 81' lang='grc' dir='ltr'>καθαρῶς</span> <span class='ocrx_word' id='word_1_308' title='bbox 297 4414 370 4520; x_wconf 89' lang='grc' dir='ltr'>γάρ</span> <span class='ocrx_word' id='word_1_309' title='bbox 391 4413 470 4498; x_wconf 84' lang='grc' dir='ltr'>τότε</span> <span class='ocrx_word' id='word_1_310' title='bbox 495 4425 572 4502; x_wconf 86' lang='grc' dir='ltr'>ταῖς</span> <span class='ocrx_word' id='word_1_311' title='bbox 598 4417 833 4522; x_wconf 87' lang='grc' dir='ltr'>ἀνθρωπίναις</span> <span class='ocrx_word' id='word_1_312' title='bbox 855 4418 1109 4525; x_wconf 77' lang='grc' dir='ltr'>μικροψυχίαις</span> <span class='ocrx_word' id='word_1_313' title='bbox 1129 4421 1338 4524; x_wconf 80' lang='grc' dir='ltr'>ε’ρῤιῦσθαιο</span> 
     </span>
     <span class='ocr_line' id='line_1_34' title="bbox 185 4592 1243 4670; baseline 0.005 -20"><span class='ocrx_word' id='word_1_314' title='bbox 185 4611 225 4666; x_wconf 81' lang='lat'>¹3·</span> <span class='ocrx_word' id='word_1_315' title='bbox 243 4592 392 4666; x_wconf 71' lang='grc' dir='ltr'>προσθήσει</span> <span class='ocrx_word' id='word_1_316' title='bbox 404 4593 475 4652; x_wconf 74' lang='lat' dir='ltr'>edidi</span> <span class='ocrx_word' id='word_1_317' title='bbox 487 4603 549 4670; x_wconf 79' lang='lat' dir='ltr'><strong>pont</strong></span> <span class='ocrx_word' id='word_1_318' title='bbox 561 4593 664 4669; x_wconf 74' lang='lat' dir='ltr'>Migne.</span> <span class='ocrx_word' id='word_1_319' title='bbox 700 4593 866 4668; x_wconf 79' lang='lat' dir='ltr'><strong>Ambiguum</strong></span> <span class='ocrx_word' id='word_1_320' title='bbox 879 4593 922 4662; x_wconf 83' lang='grc' dir='ltr'>Ε..</span> <span class='ocrx_word' id='word_1_321' title='bbox 934 4593 1007 4651; x_wconf 84' lang='lat' dir='ltr'><strong>unde</strong></span> <span class='ocrx_word' id='word_1_322' title='bbox 1018 4596 1158 4668; x_wconf 77' lang='grc' dir='ltr'>προοθὴοῃ</span> <span class='ocrx_word' id='word_1_323' title='bbox 1170 4597 1243 4656; x_wconf 84' lang='lat' dir='ltr'><strong>Aub.</strong></span> 
     </span>
    </p>
   </div>
   <div class='ocr_carea' id='block_1_6' title="bbox 0 0 1638 5114">
    <p class='ocr_par' dir='ltr' id='par_1_22' title="bbox 0 0 1638 5114">
     <span class='ocr_line' id='line_1_35' title="bbox 0 0 1638 5114; baseline 0 0"><span class='ocrx_word' id='word_1_324' title='bbox 0 0 1638 5114; x_wconf 95' lang='lat' dir='ltr'> </span> 
     </span>
    </p>
   </div>
  </div>
 </body>
</html>
