3238 5114
106 365 184 429 xvii.
196 387 226 450 4,
238 381 269 450 5·
297 367 354 432 IN
385 367 417 431 S.
443 367 698 432 ιοΑΝΝΕΜ.
745 368 841 432 ΜΒ.
866 368 927 432 xl.
972 366 1073 432 CAP.
1091 367 1151 430 VI.
1240 368 1305 430 οτι

105 539 128 578 “
145 529 215 633 ἐγὼ
243 533 341 635 λέγει
372 533 514 637 Κύριος,
542 533 597 615 ότι
624 531 706 620 τοῦς
735 532 950 641 δοξάῷντάς
978 569 1022 632 με
1053 529 1212 640 δοξάσω,
1240 533 1302 611 καί

107 657 169 734 “ὁ
200 657 395 762 έξουθενῶν
427 692 472 757 με
504 658 852 766 ε’ξουθενηθὴσεται.”
895 659 953 738 ἵνα
984 659 1103 738 τοίνυν
1132 653 1305 761 ἀποδείξῃ

106 778 280 882 Χριστὸς,
299 780 354 862 ότι
372 779 580 886 πρεπόντως
598 781 641 880 δὴ
659 781 740 863 τότε
759 781 825 883 τὴν
842 781 942 886 παρά
966 791 1031 862 τοῦ
1055 781 1167 882 μόνον
1192 780 1305 886 δόξαν

107 903 365 1004 ἀπαιτήσομεν,
382 905 448 1006 τὴν
470 913 519 991 εἰς
543 906 654 987 αἰῶνά
681 913 774 1008 φημι
798 905 862 987 τὸν
884 905 1079 1006 μέλλοντα,
1099 905 1185 986 όταν
1207 905 1304 1012 αὐτῷ

71 1039 92 1102 5
107 1027 174 1128 τὴν
191 1035 239 1114 εἰς
257 1027 354 1111 ἅπαν
373 1029 557 1134 ὑποταγὴν
574 1033 781 1112 ἀνυπαίτιον
798 1031 1036 1138 ἐπιδείξωμεν,
1051 1033 1109 1111 καί
1128 1035 1200 1110 τῶν
1218 1028 1302 1131 παρ’
1317 1063 1335 1104 α
1356 1049 1423 1105 956
1433 1047 1475 1103 Δ.

106 1154 216 1232 αὐτοῦ
243 1155 568 1259 προστεταγμένων
595 1155 825 1254 ἀκμαιότατοι
853 1155 1013 1263 φύλακες
1041 1155 1302 1258 εὑρισκόμεθα,

107 1274 263 1384 δοξάσαι
280 1277 346 1378 μὲν
363 1277 469 1364 αὐτὸς
492 1279 555 1359 τὸν
575 1279 721 1383 Πατέρα
746 1280 905 1385 φησί,τί
933 1279 1022 1387 ἔργον
1040 1281 1223 1365 τελειώσας
1249 1280 1305 1359 ἒπί

107 1401 165 1494 τῖς
192 1401 267 1504 γῖτ,
295 1405 311 1484 ἰ
340 1399 487 1484 δέδωκεν
514 1405 621 1511 αὐτῷ·
667 1403 763 1506 ζητεῖ
786 1403 901 1506 γεμὴν
928 1401 1214 1504 ἀντικομίζεσθαι
1248 1406 1306 1482 καί

108 1525 214 1610 αὐτὸς
233 1527 297 1606 οῦκ
315 1528 513 1631 ἀλλοτρίαν
532 1527 611 1608 οὐδὲ
630 1526 797 1628 έπακτῖγν,
816 1526 977 1629 καθάπερ
1002 1527 1110 1626 ἡμεῖς,
1129 1527 1195 1626 τὴν
1215 1527 1306 1606 ἰδίαν

53 1673 95 1713 10
109 1647 147 1729 δέ
169 1656 315 1748 μᾶλλον
333 1649 495 1730 εῦκλειάν
513 1685 551 1731 τε
576 1659 635 1730 καί
661 1651 785 1757 δόξαν.
825 1651 893 1731 ἔδει
911 1650 982 1753 γὰρ
1000 1653 1111 1731 ε’κεῖνο
1129 1651 1221 1750 ἡμᾶς
1240 1648 1306 1748 μέν

108 1777 228 1870 αἰτεῖν,
247 1771 355 1853 αὐτὸν
374 1771 412 1853 δὲ
431 1775 558 1857 οὐκέτι.
596 1775 660 1855 θέα
684 1774 722 1855 δέ
748 1775 844 1858 ἀπως
868 1774 934 1874 τὴν
951 1775 1006 1854 ἐπ’
1025 1775 1137 1882 ἀμφω
1162 1776 1303 1878 παῤῥη-

108 1896 195 1976 σίαν
225 1900 263 1976 ἐν
292 1901 405 2006 έαατῷ
439 1898 552 1979 πάλιν
589 1902 647 1978 καί
685 1901 727 1977 δι’
761 1899 887 1978 ἑαυτοῦ
924 1903 969 2002 τῇ
1006 1899 1158 2005 ἡμετέρᾳ
1195 1899 1307 2003 φύσει

108 2029 318 2121 καινοτομεῖ.
361 2024 399 2102 έν
425 2023 521 2130 αὐτῷ
548 2022 619 2126 γάρ
646 2022 777 2130 πρώτῳ
807 2026 864 2102 καί
893 2023 935 2102 δι’
960 2023 1069 2102 αὐτοῦ
1095 2021 1303 2122 πεπλουτη-

108 2177 220 2242 καμεν
241 2149 300 2225 καί
327 2145 370 2226 τό
398 2145 575 2226 δύνασθαι
603 2156 768 2249 πληροῦν
789 2145 836 2225 τά
859 2143 950 2249 πρὸς
975 2143 1201 2248 κατόρθωσιν
1223 2146 1307 2244 ἡμῖν

53 2293 93 2354 15
109 2270 400 2374 ἐγκεχειρισμένα
418 2269 517 2374 παρὰ
536 2275 640 2368 Θεοῦ,
660 2278 717 2351 καί
742 2269 784 2350 τό
809 2275 937 2376 χρῆναι
960 2269 1090 2351 λοιπὸν
1107 2273 1146 2350 ἐκ
1163 2273 1302 2374 παρῤη-
1322 2283 1344 2348 b
1376 2269 1381 2278 ¹

108 2394 192 2478 σίας
227 2391 292 2492 τὴν
321 2402 395 2479 τοῖς
427 2397 654 2492 εὐδοκιμοῦσι
686 2395 984 2500 χρεωστουμένην
1012 2399 1158 2494 αἰτῆσαι
1186 2394 1305 2496 τιμήν.

107 2515 225 2597 πάλαι
251 2515 317 2614 μέν
339 2517 410 2621 γάρ
438 2519 497 2598 διά
524 2519 590 2618 τὴν
614 2519 669 2626 ἐφ’
689 2519 781 2618 ἡμᾶς
809 2518 1093 2615 βασιλεύσασαν
1116 2520 1306 2622 ἁμαρτίαν,

108 2643 167 2719 καὶ
185 2640 252 2740 τὴν
270 2643 463 2745 γενομένην
480 2641 689 2724 ἀπόστασιν
707 2645 745 2722 έν
762 2639 893 2743 Ἀδάμ,
912 2643 991 2722 οῦιε
1014 2639 1057 2722 τὸ
1079 2643 1260 2722 δύνασθαί
1273 2677 1309 2722 τι

108 2771 309 2868 κατορθοῦν
328 2772 401 2845 τῶν
423 2765 626 2846 τελούντων
651 2773 699 2851 εἰς
727 2766 855 2869 ἀρετὴν
877 2763 1102 2866 έκεκπήμεθα,
1121 2765 1222 2846 ἀλλά
1249 2767 1308 2846 καὶ

54 2913 96 2954 ²0
107 2889 313 2992 παρρησίας
340 2893 404 2988 τῆς
430 2888 521 2991 πρὸς
547 2890 643 2970 Θεὸν
669 2894 718 2976 ὡς
744 2889 964 2996 ποῤῥωτάτω
992 2889 1092 2990 ἦμεν.
1135 2893 1193 2970 καί
1220 2898 1309 2992 γοῦν

108 3018 157 3097 εἰς
192 3011 326 3116 ταύτην
359 3015 452 3114 ἡμᾶς
487 3014 708 3117 ἀνακομίζων
737 3015 830 3098 Θεὸς
865 3019 903 3094 έκ
938 3019 1083 3112 πολλῆς
1120 3015 1213 3116 ἀγαν
1244 3018 1308 3112 τῆς

108 3136 324 3239 ἡμερότητος
343 3137 401 3218 διὰ
420 3142 482 3238 τῆς
500 3146 564 3217 τοῦ
581 3135 771 3244 προφήτου
789 3142 912 3244 φωνῆς
929 3144 1165 3242 παρεμυθεῖτο
1189 3137 1308 3238 λέγων

110 3269 132 3308 “
147 3259 213 3361 Μὴ
246 3268 366 3368 φοβοῦ
398 3261 452 3342 ότι
485 3261 749 3366 κατησχόνθης,
780 3262 869 3362 μηδὲ
906 3264 1082 3366 έντραπῇς
1113 3261 1168 3342 ὅτι
1203 3264 1305 3340 ὠνει·
1354 3286 1476 3353 πλινψ

109 3393 132 3432 “
151 3385 311 3486 δίσθης.”
352 3385 476 3490 ὥσπερ
504 3387 567 3465 οῦν
592 3390 630 3466 έν
653 3395 727 3471 τοῖς
754 3387 885 3470 ἀλλοις
912 3385 1050 3466 ἅπασιν
1074 3390 1221 3487 ἀγαθοῖς
1249 3385 1308 3464 καί

56 3525 96 3586 25
109 3507 253 3614 ἀπαρχὴ
286 3514 345 3590 καί
378 3511 470 3615 θῦριι
506 3515 565 3590 καὶ
598 3511 679 3595 όδίις
706 3511 853 3614 γέγονεν
884 3513 968 3612 ἡμῖν
997 3513 1017 3590 ό
1047 3512 1179 3616 Κύριος
1207 3511 1340 3611 ἡμῶνο

108 3633 250 3732 Ἰησοῦς
278 3634 298 3713 ό
326 3633 499 3737 Χριστὸς,
528 3635 620 3715 οὕτω
649 3635 812 3714 κάνθάδε.

166 3761 212 3836 Εἰ
240 3755 279 3836 δέ
307 3755 373 3858 τὴν
397 3761 488 3838 ἰδίαν
505 3793 545 3838 τε
570 3761 628 3839 καί
653 3759 878 3863 προκόσμιον
897 3756 1008 3866 δόξαν
1030 3759 1050 3838 ὁ
1075 3756 1203 3861 Σωτὴρ
1226 3761 1305 3838 ε’πι·

109 3879 212 3982 ζητεῖ,
242 3883 301 3960 καί
335 3887 383 3966 εἰς
413 3883 527 3963 τόπον
556 3881 621 3962 τὸν
653 3885 734 3964 καθ’
764 3883 857 3982 ἡμᾶς
887 3881 954 3982 τὴν
985 3889 1050 3963 τοῦ
1081 3879 1308 3985 θεωρήματος

109 4004 392 4106 περιενεγκόντες
421 4007 580 4105 δύναμιν,
603 4005 675 4087 σῦν
696 4012 822 4112 πολλῇ
847 4011 892 4112 τῇ
919 4006 1101 4112 προθυμίᾳ
1129 4004 1306 4108 κατεργά-

57 4143 97 4200 30
110 4127 234 4232 ζεσθαι
262 4133 334 4209 δεῖν
357 4133 415 4210 καί
442 4131 534 4230 ἡμᾶς
562 4131 689 4216 αὐτοὺς
717 4129 1015 4230 διαβεβαιούμεθα
1039 4127 1082 4208 τὸ
1107 4132 1234 4209 δοκοῦν
1256 4134 1308 4234 τῷ

111 4255 205 4360 Θεῷ,
224 4247 325 4361 δόξαν
342 4251 381 4334 δὲ
399 4257 492 4335 οῦτω
510 4253 574 4355 τὴν
593 4255 729 4335 ἀνωθεν
748 4257 786 4334 ἐκ
809 4253 1012 4358 παρ’ῥησίας
1031 4241 1149 4334 αἰτέῖν·
1176 4252 1307 4333 οἰέσθω

146 4545 172 4600 3.
191 4527 284 4601 μόνον]
298 4528 336 4586 ἰο.
349 4535 417 4587 θεοῦ
430 4530 480 4586 Ed.
493 4551 548 4602 mg.
560 4537 606 4588 τοῦ
618 4535 697 4602 μόνον
710 4533 788 4604 δόξαν
800 4532 906 4588 exhibet
918 4542 943 4588 et
958 4533 987 4587 1².
1164 4547 1205 4602 ιη.
1224 4551 1251 4584 τε
1265 4547 1307 4584 as·

112 4609 250 4671 sumptum
263 4619 296 4656 ex
310 4601 342 4658 Ε.

155 4703 226 4749 von.
244 4705 281 4750 11.
685 4705 743 4768 412
