3142 5118
369 339 434 402 206
674 335 713 400 B.
738 335 947 400 CYRILLI
976 335 1267 401 ALEXANDR.
1386 383 1391 392 ,
1446 336 1499 398 ix..

370 501 549 602 ὑπεδήλου
579 499 617 580 δὲ
650 499 708 580 διά
740 499 877 580 τούτων
906 508 971 580 τοῦ
1001 506 1145 600 τυφλοῦ
1177 500 1243 601 τὴν
1273 498 1480 606 ἀνάβλεψιν,

370 625 574 726 δυνηθέντες
601 627 803 728 ὑπενεγκεῖν
825 631 889 705 τοῦ
913 623 1122 731 παραδόξου
1147 623 1212 726 τὴν
1231 622 1436 725 ἀνάμνησιν,
1452 626 1499 702 ἀνι

369 751 546 852 γείροντοι
569 749 684 830 πάλιν
706 747 973 850 διατεθηγμένοι
1002 755 1053 855 τῷ
1083 747 1220 856 φθόνῳ,
1239 751 1297 829 καί
1322 747 1499 852 ἀντιπράτι

336 877 588 978 δέπιχειροῦσι
611 879 686 956 τοῖς
710 873 794 974 παρ’
815 872 924 951 αὐτοῦ
948 876 1138 978 μονονουχὶ
1164 873 1347 974 λέγεινού
1373 907 1499 973 παραιτ

368 1031 468 1096 μενοι
506 993 618 1076 Δεινά
655 991 856 1099 κομπάζεις,
892 991 922 1074 ὦ
958 995 1072 1094 οὗτος,
1110 997 1344 1099 κατορθώσας
1379 995 1472 1076 οὐδὲν

369 1115 561 1222 εἰργάσθαι
580 1119 740 1222 νομίζεις,
759 1119 844 1199 ἀλλ’
864 1114 936 1222 ἀρα
960 1117 1010 1220 μὴ
1036 1118 1172 1218 βοιίλει,
1191 1123 1297 1227 φασί,
1315 1122 1372 1200 καί
1389 1121 1441 1224 ἐφ’
1461 1121 1499 1219 ἡρ

369 1247 487 1324 αὐτῶν
504 1243 733 1326 πλάττεσθαι
750 1241 817 1344 τὴν
835 1245 1136 1348 θαυματουργίαν,
1156 1241 1226 1348 ἀρα
1243 1242 1293 1342 μὴ
1312 1243 1481 1346 παρέσται

370 1367 488 1472 λέγειν
515 1367 570 1450 ὅτι
598 1373 655 1448 καὶ
685 1369 777 1468 ἡμᾶς
806 1365 912 1452 ὄντας
939 1367 1102 1474 τυφλοὺς
1130 1368 1406 1472 τεθεράπευκαςς
1437 1377 1499 1465 βοι1

369 1527 432 1573 σοι
454 1499 655 1595 περιθῶμεν
673 1491 739 1591 τὴν
757 1497 880 1596 ἰατροῦ
905 1491 1094 1600 δόξανκαὶ
1119 1498 1402 1597 θαυματουργοῦ,
1420 1499 1499 1600 φευι

369 1651 469 1717 μενοι
494 1618 570 1698 κατ’
590 1619 733 1715 ἐκεῖνον,
756 1614 798 1697 ἰιν
822 1622 896 1722 φῂς
920 1605 1132 1721 ἀναβλέψαι
1157 1617 1371 1720 γεννηθέντα
1394 1623 1499 1723 τυφλι

369 1739 419 1841 μὴ
439 1743 497 1820 καὶ
516 1741 608 1840 ἡμᾶς
626 1739 697 1844 ἀρα
721 1738 1013 1846 συκοφαντήσεις
1037 1741 1299 1842 ἀποτολμήσας
1324 1746 1430 1821 εἰπεῖν
1447 1740 1493 1820 τά

340 1864 513 1973 οέκείνηι;
543 1864 700 1968 πονηρὸς
718 1865 782 1945 οὖν
798 1863 868 1966 ἀρα
887 1867 946 1944 καί
963 1863 1112 1970 σφόδρα
1131 1863 1256 1968 πικρὸς
1272 1872 1344 1944 τῶν
1359 1871 1499 1966 Φαρισα

369 1991 390 2068 ὁ
418 1989 529 2092 λόγος
556 1987 806 2092 διαγελώντων
829 1985 876 2068 τά
898 1987 952 2068 ἐπ’
973 1987 1102 2096 ἐκείνῳ,
1126 1992 1185 2068 καὶ
1212 1989 1499 2095 συκοφαντίανεῖ

369 2119 517 2212 μᾶλλον
544 2111 713 2213 οἰομένων
740 2111 832 2216 ἤπερ
861 2109 1044 2212 ἀλήθειαν·
1088 2117 1251 2194 δυσωπεῖ
1277 2111 1349 2217 γάρ
1376 2113 1476 2194 οὐδὲν

369 2237 573 2340 ἀγνώμονα.

318 2505 354 2558 41
374 2483 471 2554 Εἶπεν
491 2485 602 2555 αὐτοῖο
629 2491 793 2557 ὁἸιιοοῡο
817 2485 852 2554 Εἰ
879 2489 997 2576 τυφλοί
1024 2483 1092 2569 ιίτε,
1116 2489 1175 2554 οὐκ
1203 2487 1242 2554 ἂν
1264 2485 1369 2577 είχετε
1395 2491 1499 2578 ἁμορι

431 2619 486 2679 νῦν
514 2613 550 2682 δὲ
578 2615 690 2690 λὲτετε
717 2617 767 2683 ὅτι
794 2617 963 2694 βλέπομεν·
1002 2611 1036 2680 αί
1063 2613 1220 2703 ἁμαρτίαι
1247 2615 1337 2692 ὑμῶν
1364 2621 1499 2692 μενοῦσι

429 2785 631 2885 Κατατῆκει
661 2785 775 2866 πάλιν
807 2784 935 2871 αὐτοὺς
964 2785 984 2864 ὃ
1017 2783 1146 2888 Σωτὴρ
1178 2788 1287 2893 τέχνη
1318 2787 1478 2891 κεράσας

370 2907 534 3014 ἔλεγχον.
573 2911 754 3013 λοιδορίας
779 2909 845 3008 μὲν
869 2909 940 3013 γάρ
966 2909 1112 3010 ἀπάσης
1136 2912 1328 3018 ἀποφοιτᾷ,
1348 2915 1499 2993 δυσωπε

201 3053 317 3112 om.
340 3037 435 3134 ατῆς
455 3033 622 3132 ἀληθείας
641 3037 847 3137 παρατιθεὶς
866 3032 931 3133 τὴν
949 3031 1109 3133 δύναμιν·
1137 3035 1191 3114 ἐπ’
1212 3036 1326 3115 οὐδενὶ
1344 3035 1382 3116 δέ
1401 3071 1499 3142 χρηα

370 3156 413 3237 τὸ
433 3157 585 3254 βλέπειν
603 3157 749 3263 ἔχοντας
768 3159 1007 3256 ἀποδείκνυσι,
1021 3165 1168 3256 μᾶλλον
1186 3156 1224 3238 δέ
1244 3160 1302 3238 καὶ
1320 3167 1386 3239 τοῦ
1404 3159 1499 3259 μηδά

325 3385 328 3388 η
371 3282 527 3385 ὁρῶντος
544 3281 724 3366 πεσόντας
743 3283 781 3360 έν
799 3282 968 3386 χείροσιν.
998 3280 1186 3382 ἅνθρωπος
1204 3280 1270 3378 μὲν
1289 3280 1361 3385 γὰρ
1381 3284 1401 3362 ὃ
1421 3291 1499 3391 τυφ

372 3407 548 3513 φησί,τῷ
571 3411 763 3486 τεθεᾶσθαι
787 3405 897 3506 μηδὲν
921 3411 993 3484 τῶν
1015 3402 1231 3511 παραδόξως
1256 3407 1499 3505 ἀποτελουμέι

370 3527 441 3634 ἔξω
468 3529 623 3628 βέβηκεν
646 3531 911 3633 ἁμαρτίας,καί
938 3526 1142 3614 ἀνυπαίτιός
1170 3563 1248 3613 πως
1276 3527 1446 3635 ὑπάρχει·
1480 3567 1499 3611 ο

370 3658 444 3731 τῶν
461 3653 652 3751 θαυμάτων
670 3653 824 3736 ἐπόπται
842 3658 900 3733 καὶ
920 3655 1044 3758 θεωροί
1069 3651 1128 3732 διά
1151 3652 1298 3754 πολλὴν
1316 3655 1499 3750 ἀβουλίαν

371 3774 558 3857 κακόνοιαν
576 3777 642 3877 τὴν
660 3779 705 3886 ἐξ
729 3779 848 3858 αὐτῶν
865 3779 907 3856 οὐ
932 3775 1216 3884 παραδεξάμενοι
1240 3778 1382 3877 πίστιν,
1407 3783 1499 3858 δυσε

371 3935 497 3983 νιπτον
516 3901 641 4007 έχουσι
662 3902 728 4004 τὴν
747 3902 935 4006 ἁμαρτίαν,
954 3904 1013 3980 καὶ
1039 3902 1273 4008 δυσεξίτητον
1291 3900 1407 3986 ὅντως
1435 3899 1499 4001 τὴν

410 4165 433 4202 1.
452 4147 549 4204 τούτων
562 4147 594 4203 Β.
607 4147 699 4202 τούτου
713 4147 804 4201 Holst.
818 4145 869 4202 Ed.
883 4156 909 4202 et
921 4155 952 4202 ut
965 4146 1019 4202 vid.
1032 4147 1098 4201 Nik.
1176 4163 1201 4202 2.
1220 4149 1369 4218 ὑπενεγκεῖν
1381 4165 1408 4201 a.
1424 4147 1493 4202 Cat.

371 4218 482 4290 ε’νεγκεῖν
495 4219 546 4275 Ed.
622 4237 649 4290 3.
668 4218 862 4290 διατεθηγμένοι
876 4217 933 4272 Βα.
946 4217 1133 4288 διατεθιγμένοι
1147 4217 1196 4272 Ht.
1208 4219 1281 4273 unde
1293 4219 1499 4288 διατετηγμένοι

371 4303 401 4412 {i
417 4291 592 4378 κατώρθωσας
601 4309 626 4344 α.
755 4289 799 4376 ,6.
818 4287 982 4375 ἐργάσασθαι
995 4289 1083 4380 νομίζη
1095 4306 1119 4341 a.
1133 4289 1287 4370 ε’ργάζεσθαι
1299 4307 1348 4359 pro
1360 4291 1499 4372 είργάσθο

371 4360 460 4522 ..ῗθι
470 4359 1499 4520 H?;3‡“⁰⁶⁰‘7¹.³3„22222225ffl·⁶3?³;;;.0835;:¹2.32·d2¹2¹22.3222²⁶3?

374 4513 416 4620 ἀί).
433 4503 855 4643 ἀίάίιίνάἀιοοςίαἰιίὐίδίναίίυπιρςίι
868 4590 882 4626 e
896 4517 955 4627 ἐπί.
968 4499 1333 4626 ἀίοίἰδωιλειίίιθῐίἰῧίιάἰῗγκ
1345 4504 1473 4573 dpssms
1490 4503 1499 4558 ¹
