3184 5104
413 355 475 420 122
715 356 754 422 B.
777 356 984 422 CYRILLI
1014 355 1301 422 ALEXANDR.

412 519 641 621 ἠγανάκτησε
671 520 744 625 γὰρ
774 519 819 602 ἂν
846 525 904 603 ἐπὶ
936 522 1051 630 τούτῳ
1083 557 1137 608 τις
1167 519 1279 617 εὐθὺς,
1307 520 1366 598 καὶ
1396 521 1488 622 φιλο

382 639 499 722 οεῖναι
531 641 788 744 πλαττόμενος,
818 649 876 725 καὶ
909 652 954 752 τῇ
987 653 1060 726 τῶν
1093 645 1207 746 ἁγίων
1238 641 1328 748 δόξῃ
1360 672 1488 738 συναγι

413 764 696 870 ὑποκρινάμενος,
735 766 948 872 θερμότερον
985 767 1030 849 άν
1068 769 1183 874 ε’πέφυ
1218 765 1310 846 κατὰ
1344 769 1488 863 Χριστο

413 891 554 976 δικαίως
573 890 642 991 ἤδη
658 899 860 998 μιαιφονεῖν
877 892 989 973 ε’δόκει
1007 891 1265 992 λελιηπημίνος·
1300 886 1358 967 διά
1376 894 1484 966 τοῦτο

412 1016 646 1119 σχηματίσας
665 1021 713 1099 είς
731 1013 857 1096 ἑαυτὸν
875 1017 896 1095 ὁ
917 1015 1049 1117 Κύριος
1067 1012 1150 1098 τοὺς
1168 1010 1301 1116 λόγους
1319 1010 1487 1118 φησίνἘ

414 1133 545 1247 δοξάζω
564 1140 704 1242 ἒμαοτδν
723 1143 740 1232 ἦ
759 1135 846 1246 δόξα
862 1176 929 1244 μου
948 1141 1033 1219 ἐστὶν
1053 1133 1155 1218 οὐθέν·
1192 1134 1304 1236 μόνον
1321 1132 1394 1236 γὰρ
1411 1133 1488 1236 οὐχὶ

413 1265 510 1367 φησι
539 1263 677 1362 Μηδεὶς
704 1263 760 1368 ἐφ’
790 1265 903 1368 ἑαυτῷ
932 1261 1108 1366 φρονείτω
1136 1261 1229 1362 με’γα
1256 1265 1329 1338 τῶν
1354 1259 1412 1336 ε’πὶ
1442 1259 1488 1352 τῆ

414 1390 443 1463 εί
463 1383 535 1488 γάρ
553 1387 775 1484 βουλοίμεθα
793 1389 1012 1466 διανοεῖσθαι
1032 1387 1112 1465 καθ’
1133 1380 1289 1479 ἑαυτοὺς,
1307 1381 1360 1464 τίς
1378 1381 1401 1479 ἡ
1424 1383 1488 1457 ἀνθ

244 1528 287 1580 1³.
297 1528 332 1578 xl·
345 1527 369 1578 ⁶·
414 1505 506 1614 δόξα
537 1511 647 1607 ἐστὶν,
680 1507 781 1588 οὐδὲν
813 1510 928 1588 οὖσαν
959 1508 1070 1608 αὐτὴν
1101 1507 1311 1612 εὑρήσομεν·
1353 1515 1375 1550 “
1396 1509 1487 1583 Πᾶσ

414 1642 437 1680 “
454 1631 557 1739 σάρξ
577 1632 715 1736 χόρτος,
735 1634 793 1712 καὶ
811 1639 917 1712 πᾶσα
935 1631 1027 1739 δόξα
1046 1632 1237 1735 ἀνθρώπου
1255 1633 1304 1713 ὡς
1323 1629 1432 1712 άνθος
1451 1639 1488 1730 χι

379 1755 625 1854 δθαυμαστὸν
647 1757 709 1836 οὖν
734 1756 805 1859 άρα
833 1759 950 1862 φησὶν
975 1754 1078 1836 οὐδὲν
1103 1762 1133 1836 εί
1162 1751 1410 1851 τετελεύτηκεν
1428 1751 1488 1844 Ἀί

412 1883 470 1958 καὶ
499 1880 572 1976 μετ’
602 1881 733 1960 ἐκεῖνον
763 1886 795 1959 οἱ
828 1883 1026 1986 προφῆται.
1070 1880 1109 1960 τί
1134 1877 1208 1981 γάρ
1238 1878 1261 1977 ἦ
1292 1875 1485 1978 ἀνθρώπου

411 2003 693 2106 τυραννουμένης
722 2006 786 2102 τῆς
817 2001 964 2107 φάσεως
997 2005 1055 2080 καὶ
1089 2000 1233 2109 θανάτῳ
1266 2001 1324 2079 καὶ
1353 2003 1477 2105 φθορᾷ

412 2126 531 2233 ράντῳ
552 2125 671 2233 χόρτῳ
695 2123 754 2206 διὰ
777 2133 882 2204 τοῦτο
903 2126 1218 2227 παρεικασμένηςς

372 2270 375 2291 ¹
475 2249 584 2334 Εἰκὸς
621 2248 659 2329 δὲ
695 2249 750 2329 ὅτι
787 2249 1112 2353 μετασχηματίσας
1149 2254 1198 2332 είς
1234 2249 1361 2331 ἑαυτὸν
1397 2251 1486 2355 εὑφυ

412 2373 554 2479 προσὸν
572 2380 624 2481 τῷ
641 2371 814 2475 Ἀβραάμ
831 2373 910 2474 ἤτοι
935 2378 1010 2456 τοῖς
1034 2370 1238 2479 προφήταις
1257 2375 1399 2477 με’τρον,
1419 2377 1475 2452 καὶ

413 2497 458 2578 ‘H
479 2492 562 2603 δόξα
580 2534 645 2602 μου
665 2491 751 2578 οὐδέν
770 2497 867 2595 ἐστιν,
886 2501 936 2580 εἰς
953 2493 1157 2597 άνάμνησιν
1176 2496 1256 2599 άγει
1280 2496 1344 2577 τὸν
1362 2498 1488 2576 Ἰουδαῐ

245 2619 314 2736 312⁶.
330 2695 368 2748 ²⁷·
414 2619 480 2720 μὲν
496 2619 670 2722 Ἀβραάμ
695 2620 913 2728 σαφέστατα
940 2620 1114 2722 λε’γοντος
1138 2623 1220 2723 περὶ
1244 2622 1371 2702 ἑαυτοῦ
1390 2632 1410 2668 “
1424 2623 1487 2720 Ἐγ

416 2747 503 2845 “γῆ
533 2745 591 2822 καὶ
619 2745 787 2841 σποδὸς,”
808 2751 881 2824 τῶν
908 2743 946 2824 δὲ
974 2743 1161 2848 μακαρίων
1188 2751 1387 2850 προφητῶν
1414 2747 1487 2823 ἀνω

246 2881 288 2933 Pu·
299 2881 338 2933 0¹1·
386 2865 533 2970 ογότων
561 2865 652 2971 πρὸς
684 2868 779 2948 Θεόν
810 2879 830 2916 “
846 2865 1046 2968 Μνήσθητι
1083 2867 1138 2948 ὅτι
1168 2875 1255 2972 χοῦς
1286 2869 1425 2966 ε’σμεν.”
1477 2901 1487 2944 ι

249 2961 288 3010 ¹⁴¹
448 2990 458 3018 ι
646 2990 655 3019 ι
750 2989 761 3020 ς
845 3000 860 3016 0
958 2995 974 3014 a
1056 2998 1073 3015 Α
1137 2992 1191 3017 ει
1301 2989 1309 3016 ι

414 2995 530 3092 δηπου
558 2998 678 3096 φαμεν
706 2995 766 3071 δια
798 3026 904 3072 τουτο
931 3026 995 3091 της
1023 3025 1097 3071 των
1125 3026 1239 3093 αγιων
1269 2990 1377 3097 δοξης
1406 3025 1486 3089 κατη

413 3113 478 3196 τὸν
503 3115 699 3221 δοξάᾷνυτα
727 3115 865 3199 αὐτούς.
912 3117 996 3196 ἀλλ’
1017 3113 1062 3215 ἦν
1087 3114 1226 3216 ἀνάγκη
1253 3113 1397 3211 λοιπὸν,
1419 3119 1476 3192 καὶ

414 3239 598 3344 χρησίμου
626 3237 737 3340 λόγος
766 3237 884 3319 ἐκάλει
911 3237 1004 3340 πρὸς
1032 3236 1074 3318 τὸ
1103 3237 1270 3317 δεικνύειν
1294 3237 1403 3317 αὐτὸν
1428 3237 1486 3316 όσι

414 3361 481 3461 τὴν
504 3359 725 3469 διαφοράνὴ
755 3362 831 3442 θεία
858 3395 897 3442 τε
924 3363 983 3440 καὶ
1009 3361 1162 3466 άῤῥητος
1185 3363 1294 3441 αὐτοῦ
1319 3361 1431 3468 φάσις
1454 3395 1486 3464 πγ

416 3485 662 3566 ι’πτοπίπτοντα
681 3483 824 3594 θανάτῳ
843 3487 902 3566 καὶ
920 3490 1055 3593 φθορᾷ.

673 3771 785 3840 Ἔστιν
812 3773 831 3841 ὃ
857 3773 972 3862 Πατήρ
999 3794 1061 3850 μου
1087 3772 1106 3839 ὁ
1134 3771 1278 3864 δοξάζων
1305 3795 1356 3851 με.

470 3943 584 4048 Ὑπὲρ
621 3947 822 4054 σαφηνείας
859 3949 1028 4050 ἀκριβοῦς
1063 3947 1123 4026 καὶ
1157 3946 1305 4049 θεωρίας
1337 3949 1409 4024 τῶυ
1439 3977 1484 4043 ση

251 4092 316 4148 5¹10
328 4087 368 4144 Δ.
387 4067 542 4174 ιμίνων,
560 4077 633 4154 τοῖς
652 4071 771 4152 αὐτοῖς
788 4067 1085 4174 άποκεχρήσομαι
1103 4067 1237 4172 λόγοις,
1256 4070 1314 4149 καὶ
1332 4067 1390 4148 διὰ
1406 4073 1477 4147 τῶν

454 4317 478 4356 2.
496 4304 671 4384 πλαττόμενος
688 4303 813 4358 emendat
833 4303 932 4376 Heyte.
949 4269 1111 4376 πλαττόμενος
1130 4303 1163 4360 Β.
1179 4303 1252 4360 unde
1269 4305 1433 4373 πλανώμενος
1452 4303 1484 4356 Ηι

418 4385 445 4440 3.
459 4371 545 4458 ι’πίφυ
556 4371 636 4426 εδιδι.
649 4371 742 4444 ε’πιφῦι
754 4374 818 4460 (nic)
833 4375 866 4430 B.
879 4375 988 4468 ἐπεφύη
1003 4375 1052 4469 fit.
1068 4375 1119 4430 Ed.
1132 4374 1233 4446 ἐπεφύη
1245 4374 1369 4466 εωαοδῳι
1381 4375 1475 4466 Ηργοε.

418 4441 830 4592 φουρνάκιος
871 4445 1483 4587 οικθωοιοῑῖιυνικος

420 4577 571 4634 emendum
585 4581 633 4637 Ht.
646 4583 705 4640 τοὺς
718 4584 846 4643 ἶουδαίους
858 4605 882 4641 a.
992 4589 1033 4643 18.
1051 4589 1143 4642 ἑαυτοῦ
1155 4605 1179 4640 a.
1192 4587 1272 4642 αὐτοῦ
1285 4585 1337 4642 Ed.
