3142 5118
363 327 429 394 216
660 327 699 396 B.
723 325 933 394 CYRILLI
963 323 1255 392 ALEXANDR.
1483 344 1512 386 x.

363 489 503 574 ἅπασιν
538 493 708 602 ἐξουσίαν
740 501 979 599 παραχωρεῖν,
1013 495 1071 572 καὶ
1108 489 1167 570 διὰ
1203 494 1266 589 τῆς
1302 487 1415 572 ὅντως
1451 484 1514 588 θύρ

364 616 560 724 εἰστρέχειν
576 618 785 720 ἐπείγεσθαι
803 625 960 717 μᾶλλον,
979 614 1002 718 ἢ
1027 623 1101 700 τοῖς
1125 621 1272 696 συλῶσι
1296 609 1514 714 παραπλησί

364 739 572 848 ἀλλαχόθεν
608 743 813 840 ἀναβαίνειν
847 744 1035 847 ἐπιχειρεῖν
1070 744 1120 824 εἰς
1156 735 1224 837 τὴν
1258 743 1332 817 τῶν
1365 730 1514 838 προβάτι

364 865 491 966 αὐλήν.

334 1089 353 1146 9
378 1082 469 1159 Ἐτώ
495 1081 560 1162 εἰμι
587 1085 606 1150 ίι
636 1085 726 1174 θύρα·
766 1083 802 1150 δι’
832 1083 913 1162 ἐμοῦ
940 1083 1000 1151 &dv
1027 1107 1076 1151 τις
1102 1081 1243 1174 εἰσέλθῃ,
1269 1080 1465 1156 σωθήσεται,
1492 1098 1514 1140 κι

502 1207 723 1279 εἰσελεύσεται
750 1211 804 1277 καί
829 1211 1045 1292 ἐξελεύσεται,
1073 1211 1127 1276 καί
1152 1207 1255 1288 νομιίν
1282 1209 1423 1298 εὑριίσει.

421 1381 518 1464 Ἀπὸ
545 1392 611 1464 τοῦ
638 1385 852 1485 συμβαίνειν
878 1384 1042 1470 εἰωθότος
1070 1389 1118 1468 εἰς
1147 1383 1298 1486 θεωρίαν
1323 1413 1514 1478 πνευματικ

333 1507 528 1612 δκαθιίπερ
555 1509 600 1616 ἐξ
626 1510 787 1612 ἱστορίας
814 1507 1023 1590 διαπλάττει
1051 1517 1115 1589 τοῦ
1139 1507 1253 1610 λόγου
1277 1504 1320 1586 τὸ
1343 1507 1482 1609 σχῆμα,
1506 1537 1514 1580 ι

366 1635 557 1738 μονονουχὶ
588 1631 635 1713 τὰ
667 1635 705 1713 ε’ν
735 1635 940 1739 ὀφθαλμοῖς
974 1633 1180 1734 ἡπλωμένα,
1213 1634 1270 1710 καῖ
1303 1629 1403 1710 οὐδὲν
1435 1629 1514 1732 ἕχον

366 1752 530 1860 χαλεπὸν
554 1763 603 1841 εἰς
631 1757 852 1864 κατάληψιν,
876 1757 994 1839 εἰκόνα
1021 1765 1171 1839 ποιεῖται
1198 1763 1271 1836 τῶν
1293 1753 1514 1861 ἀφανεστὲρσ

366 1885 400 1959 οῖ
424 1879 586 1984 μὲνγὰρ
613 1881 775 1978 κλέπται,
795 1885 978 1991 φησί,καί
1005 1886 1142 1990 λῃσταὶ
1170 1887 1244 1965 τοῖς
1271 1887 1345 1960 τῶν
1367 1875 1514 1980 προβάτ

366 2012 493 2104 σηκοῖς
529 2005 658 2106 ἀνέδην
693 2003 1008 2110 προσβάλλοντες,
1044 2005 1103 2086 διὰ
1145 2005 1211 2104 μὲν
1245 2007 1309 2104 τῆς
1348 2003 1460 2104 θύρας
1503 2037 1514 2080 ι

366 2129 629 2228 εἰσελαύνουσι,
657 2133 931 2230 καταπηδῶντες
961 2129 1000 2212 δὲ
1028 2130 1245 2236 ἀλλαχόθεν,
1274 2131 1424 2228 καὶτῆς
1453 2128 1514 2206 αύ)

366 2250 408 2332 τὸ
423 2255 584 2358 θριγκίον
597 2255 893 2358 ιἀτεραλλόμενοι,
905 2255 1178 2336 κινδυνεύουσιν.
1207 2255 1345 2333 ἁλῶναι
1362 2252 1433 2356 γὰρ
1451 2252 1514 2352 δήτι

367 2379 426 2456 καί
454 2377 601 2482 σφόδρα
628 2378 720 2463 εἰκὸς
747 2377 811 2459 τὸν
835 2382 928 2460 οὕτω
957 2379 1193 2486 λῃστεύοντα,
1213 2381 1271 2457 καί
1296 2376 1514 2480 ἀπερισκέπτ

338 2509 579 2607 εκακουργεῖν
596 2503 783 2609 ᾑρημένον,
801 2509 835 2584 οῖ
853 2501 893 2584 δὲ
911 2505 954 2585 δι’
974 2506 1083 2603 αὐτῆς
1100 2507 1165 2603 τῆς
1181 2501 1292 2606 θύρας
1310 2502 1513 2596 εἰσβαίνοντ

368 2625 645 2727 ἀκινδυνοτάτην
662 2636 846 2708 ποιοῦνται
863 2627 930 2728 τὴν
944 2627 1148 2732 εἰσδρομὴν,
1163 2630 1227 2708 οὐκ
1245 2627 1380 2726 ἄσημοι
1399 2629 1513 2725 δηλον

367 2749 615 2855 τυγχάνοντες,
646 2752 731 2830 ἀλλ’
762 2750 842 2831 οὐδὲ
876 2753 1058 2854 ἄγνωστοι
1091 2757 1142 2860 τῷ
1176 2757 1249 2831 τῶν
1281 2747 1479 2853 προβάτων
1507 2785 1513 2826 ι

367 2871 503 2979 σπότη.
544 2873 769 2980 εἰστρέχουσι
788 2873 860 2979 γὰρ
878 2876 1107 2979 οἰνοιγνύντος
1125 2877 1244 2960 αύτοῖς
1262 2882 1327 2954 τοῦ
1344 2879 1422 2958 ταῖς
1444 2873 1513 2976 θύρ

368 2997 622 3103 ἐφεστηκότος·
652 3001 737 3079 ἀλλ’
758 3004 791 3080 οῖ
818 3008 981 3097 τοωιῖτοι,
1005 3003 1111 3106 φησί,
1131 2999 1349 3080 συνέσουται
1373 3004 1448 3081 ταῖς
1473 3033 1512 3100 πγ

368 3121 492 3218 βάτοις
520 3125 559 3203 ἐν
585 3129 711 3230 πολλῇ
738 3125 925 3233 παῤῥησίᾳ
953 3123 1204 3224 νομιμωτάτην
1232 3120 1359 3222 ὥσπερ
1387 3124 1446 3201 καί
1477 3124 1512 3200 οἰι

369 3280 533 3350 κουργον,
552 3251 612 3327 καί
636 3252 701 3348 τῆς
722 3250 780 3328 ε’πί
805 3247 847 3329 τὸ
872 3248 1062 3348 ληστεύειν
1085 3249 1245 3353 ὑποψίας
1271 3247 1512 3348 ἆπηλλαγμέν

369 3368 436 3469 τὴν
454 3370 629 3472 εἰσβολὴν
645 3370 892 3474 ποιησάμενοι.

427 3493 546 3578 Οὗτος
571 3493 638 3594 μὲν
656 3497 719 3577 σύν
737 3499 802 3596 τῆς
827 3499 985 3602 ἱστορίας
1012 3499 1033 3578 ὁ
1057 3497 1182 3582 τύπος·
1212 3495 1511 3600 μεταβιβάςίιντες

203 3647 320 3704 643Δ.
340 3615 412 3702 ετδ
435 3617 480 3726 ἐξ
502 3621 611 3719 αὐτῆς
630 3619 919 3720 ιἰποδηλοιῖμενον
936 3626 983 3705 εἰς
1003 3619 1182 3726 ὠφέλειαν
1199 3619 1442 3721 πνευματικὴν
1460 3625 1511 3701 ε’κι

370 3748 501 3851 φαμεν,
519 3742 575 3823 ὅτι
593 3747 626 3823 οἰ
644 3742 694 3843 μὴ
717 3743 777 3824 διὰ
800 3745 895 3829 θείας
918 3747 1111 3848 ε’πιτροπῆς
1136 3779 1175 3826 τε
1201 3747 1258 3826 καί
1282 3745 1427 3848 γνώμης
1455 3753 1508 3830 εἰς

370 3867 561 3974 κατυίρχειν
597 3873 698 3948 λαῶν
733 3869 1013 3968 ἀναβαίνοντες,
1034 3868 1159 3973 ὥσπερ
1196 3875 1245 3955 εἰς
1282 3869 1325 3950 τδ
1362 3867 1422 3948 διὰ
1461 3869 1511 3950 θύ

370 3997 547 4073 εἰσελθεῖν
583 3991 859 4097 παραιτούμενοι
894 3991 1039 4078 πάντως
1076 3994 1192 4094 δήπου
1234 3997 1291 4074 καί
1331 3995 1510 4074 ἀπολοῦντ

406 4209 433 4264 5.
451 4193 600 4266 ααθῆσεται
611 4195 764 4252 emendavit
777 4193 1017 4283 Holntdkcfiqffpg
1030 4194 1064 4252 B.
1231 4213 1272 4252 τι.
1290 4193 1382 4266 ἀνέδην
1394 4195 1456 4252 Ba.
1470 4197 1510 4252 ἀνι

374 4281 424 4339 Ht.
437 4283 502 4368 Ed..
566 4297 609 4374 τη.
627 4284 824 4372 ιύιωδυνατιίτην
835 4285 936 4374 eqrrexi
948 4303 981 4339 ex
993 4302 1018 4372 ιιΣ
1030 4284 1234 4354 ἀκινδυνοτάτην
1245 4283 1297 4340 Ed.
1349 4357 1361 4372 .
1377 4285 1421 4340 18.
1439 4285 1510 4358 ἄγη

372 4352 1143 4439 Λαύ.αἰτίαιαγνατοσπαταυνβωγνύτωςτρτῶνίἰί.
1216 4353 1400 4427 να.πδ]τηιιτ.
1480 4362 1510 4412 αἰ

371 4433 519 4548 ιειιιιτιριιι
530 4443 545 4478 ε
558 4424 617 4480 Cat.
630 4435 662 4481 ut
673 4425 728 4482 vid.
740 4426 814 4481 Aub.
861 4427 887 4480 οἰ
899 4443 952 4482 om.
966 4427 1071 4497 M1gne.
1173 4441 1216 4498 ιγ.
1234 4426 1271 4482 εἰς
1282 4429 1312 4480 τὸ
1324 4426 1367 4480 διὸ
1378 4423 1463 4495 θύρας
1478 4428 1510 4481 Β,

371 4494 397 4546 οἰ
410 4495 441 4547 τὸ
474 4496 500 4549 ιλ
516 4494 595 4565 θύρας
612 4519 644 4567 γε
661 4515 676 4552 α
695 4495 753 4552 Cat.
770 4497 847 4552 Harl.
859 4497 931 4553 Aub.
944 4497 991 4570 qui
1003 4497 1084 4553 verba
1096 4495 1286 4566 λεὼ-δήπου
1299 4497 1328 4552 in
1345 4499 1509 4572 apographo

373 4561 464 4617 δεεσσε
476 4563 594 4619 adnotat.
606 4589 637 4638 γε
649 4584 704 4622 non
716 4567 796 4622 habet
808 4586 832 4622 α.
