3248 5112
153 353 284 424 ximo.
340 355 394 421 IN
424 353 740 420 S.JOANNEM.
786 351 881 420 LIB.
904 353 966 420 IX.
1012 353 1168 422 CARI.
1288 353 1354 420 4⁷⁷

154 518 304 623 γενητὸν
331 521 390 600 καὶ
417 517 543 620 μόναις
568 518 634 620 μέν
661 525 739 604 ταῖς
769 517 862 600 κατά
890 525 965 600 τῶν
991 519 1120 600 ἀλλων
1146 513 1389 619 κτισμάτωνᾶ

155 646 345 748 ὑπεροχαῖς
363 642 575 743 τιμιόμενον,
595 643 666 750 ἐξω
688 641 803 746 γεμήν
820 647 884 743 τῆς
908 644 1034 728 οὐσίας
1058 642 1267 750 ὑπάρχοντα
1290 650 1356 723 τοῦ

155 771 251 848 Θεοῦ
270 770 328 847 καὶ
348 763 493 870 Πατρός
510 769 695 872 ἀποφῆναι
713 765 777 846 τὸν
797 771 1001 870 Μονογενῆ.

212 895 367 995 Μακροῦ
386 890 424 972 δὲ
442 891 527 990 ἡμῖν
543 889 612 991 ἤδη
636 893 719 994 περὶ
743 889 871 971 τούτου
896 890 1086 994 γεγονότος
1104 889 1231 996 λόγου,
1251 891 1294 970 δι’
1313 890 1356 971 οῦ

122 1011 247 1096 5κατά
278 1049 321 1119 γε
355 1011 422 1115 τήν
449 1018 602 1096 ἐνοῦσαν
628 1016 713 1116 ἡμῖν
740 1015 959 1114 ἐδεικνύομεν
986 1013 1146 1114 δύναμιν,
1176 1013 1232 1096 ότι
1264 1013 1356 1096 κατὰ

155 1139 270 1247 φύσιν
291 1141 391 1220 ἐστὶν
414 1139 434 1218 ὁ
456 1137 544 1223 Υἱὸς
570 1141 609 1219 ἐν
632 1145 684 1247 τῷ
709 1142 838 1242 Πατρῖ,
856 1143 916 1220 καὶ
942 1140 1100 1240 οῦσιώδη
1126 1139 1217 1242 πρὸς
1244 1136 1354 1219 αὐτὸν

156 1263 227 1368 ἔχει
251 1261 319 1364 τὴν
336 1263 475 1360 ἕνωσιν,
494 1261 708 1365 παρήσομεν
724 1261 778 1342 ἐτι
801 1259 844 1343 τὸ
870 1265 951 1365 περὶ
975 1263 1104 1343 τούτου
1127 1266 1215 1346 τέως
1242 1266 1289 1346 εῖς
1313 1261 1356 1342 τό

156 1385 538 1490 παρόνῦιατεένεσθαι.
576 1385 677 1486 πλήν
695 1387 762 1491 οὐχ
779 1385 990 1490 ὁλοκλήρως
1012 1385 1253 1494 ἐπιτρέψομεν
1271 1385 1352 1489 ἐρή·

157 1545 228 1611 μην
251 1507 375 1614 ὥσπερ
404 1514 642 1614 καταδραμεῖν
662 1518 727 1591 τοῦ
755 1508 870 1612 λόγου
896 1509 979 1595 τοὺς
1007 1511 1051 1590 δι’
1071 1511 1240 1608 ἐναντίας,
1260 1512 1356 1590 ἀντι-

107 1633 438 1742 ιοπαραταξόμεθα
465 1632 504 1713 δέ
532 1635 575 1714 δι’
604 1636 751 1737 ὀλίγων,
780 1638 829 1720 ὡς
861 1633 1003 1716 οἷόντε
1030 1635 1386 1738 κεκακουργημένονο

157 1757 233 1858 ἅμα
270 1762 330 1838 καὶ
365 1757 500 1857 ἀμαθές
544 1758 805 1864 ἀποφαίνοντες
843 1763 907 1858 τῆς
948 1759 1120 1862 πονηρίας
1160 1760 1278 1839 αὐτῶν
1313 1755 1357 1838 τὸ

158 1881 324 1986 μυσαρὸν
347 1881 605 1989 φιλοτέχνημα,
625 1884 683 1961 καὶ
709 1880 753 1982 δή
778 1885 836 1963 καὶ
863 1885 1010 1986 ἐροῦμεν
1029 1887 1076 1962 Ei
1101 1881 1160 1963 διά
1183 1881 1295 1984 μόνον
1313 1881 1356 1962 τό

159 2010 373 2108 ἀγαπᾶσθαι
400 2008 458 2084 καὶ
486 2009 631 2108 ἀγαπᾶν
656 2007 676 2084 ὁ
697 2005 786 2091 Υἱὸς
811 2006 928 2086 ἔνεστι
952 2012 1004 2115 τῷ
1025 2009 1155 2110 Πατρῖ,
1178 2005 1270 2087 κατά
1293 2005 1358 2088 τὸν

160 2128 268 2210 αὐτὸν
284 2138 411 2210 τοῦτον
429 2127 543 2232 λόγον
561 2129 660 2230 ἡμεῖς
678 2163 717 2209 τε
734 2131 773 2211 ἐν
791 2132 887 2239 αῦτῲ
909 2133 967 2211 καὶ
992 2128 1098 2214 αὐτὸς
1123 2133 1161 2210 ἐν
1179 2131 1277 2230 ἡμῖν,
1299 2132 1358 2209 καὶ

111 2281 146 2340 ι5
162 2252 294 2350 δεσμὸς
316 2251 381 2351 μέν
398 2255 510 2337 οὐδεὶς
534 2253 729 2334 συνάπτων
747 2255 872 2358 ὁρᾶται
895 2251 1063 2358 ἕτερος,ή
1085 2261 1137 2362 τῷ
1157 2257 1277 2358 Πατρὶ
1294 2253 1359 2334 τὸν

161 2375 262 2474 Υῖὸν,
290 2375 402 2479 ἤγουν
431 2377 523 2478 ήμᾶς
551 2378 647 2485 αὐτῷ
674 2381 732 2458 καὶ
760 2376 870 2458 αὐτόν
896 2378 992 2478 ἡμῖν·
1031 2385 1109 2464 πῶς
1135 2377 1159 2480 ἢ
1187 2376 1248 2458 διά
1279 2377 1360 2458 τίνα

161 2497 308 2603 τρόπον,
327 2499 405 2582 εῖπέ
425 2535 497 2600 μοι,
515 2503 642 2608 φησὶν,
660 2505 708 2587 ὡς
727 2504 756 2584 ἐι
775 2505 875 2617 ἐκείνη
900 2505 942 2613 τῇ
965 2499 1071 2614 ήμίρηι
1094 2501 1300 2606 γνωσόμεθα
1317 2499 1359 2582 τό

161 2626 389 2728 περῖ”τοιίτου
405 2625 626 2727 μυστήριον;
655 2629 755 2708 οὔπω
773 2626 845 2730 γάρ
863 2625 1015 2708 κατὰτὸ
1033 2625 1125 2712 εῖκὸς
1142 2627 1359 2730 ἐγνώκαμεν,

163 2749 217 2830 ὅτι
240 2753 260 2830 ὁ
286 2749 414 2854 Πατήρ
441 2747 505 2851 μέν
523 2748 587 2830 τὸν
604 2749 694 2830 Υἱὸν
713 2755 848 2858 ἀγαπᾷ,
867 2753 992 2858 ἀγαπᾷ
1017 2750 1056 2833 δέ
1081 2753 1139 2832 καῖ
1165 2749 1271 2838 αὐτὸς
1295 2750 1389 2833 τὸνα
1418 2776 1529 2836 817Δ.

110 2899 150 2940 ²0
166 2874 323 2977 Πατέρα·
363 2875 449 2955 ἀλλ’
478 2875 554 2954 οὐδ’
583 2874 690 2969 ἴσμεν
716 2910 775 2956 πω
804 2876 899 2980 τάχα
927 2874 974 2955 τά
1002 2877 1084 2955 καθ’
1113 2873 1268 2974 ἐαυτοῦς,
1296 2886 1360 2955 λο-

162 2997 296 3100 γισμὸς
320 2998 360 3077 δέ
384 2999 476 3099 ἡμᾶς
502 2997 671 3099 διαπαίζει
696 2995 796 3084 κενός
820 3002 998 3096 οῖομένους
1023 2998 1079 3080 ὅτι
1103 2998 1273 3100 ἠγάπησε
1293 2998 1360 3098 μὲν

163 3123 255 3221 ἡμᾶς
274 3125 294 3202 ὁ
313 3119 412 3213 Υἱός,
433 3125 491 3202 καὶ
516 3121 574 3202 διά
600 3131 707 3202 τοῦτο
730 3129 781 3228 τῷ
801 3127 919 3227 Πατρὶ
937 3121 1193 3223 κατεκτήσατο,
1211 3123 1357 3234 ήγαπή·

163 3279 281 3343 σαμεν
299 3243 338 3325 δέ
356 3250 414 3324 καὶ
433 3246 531 3344 ἡμεῖς
548 3243 670 3325 αὐτόν.
708 3246 827 3347 λε’γων
844 3243 915 3348 γάρ
934 3245 976 3325 τό
993 3253 1048 3326 Ἐν
1066 3247 1166 3361 ἐκείνη
1193 3282 1230 3357 τη
1256 3243 1360 3356 ήμέρηι

162 3367 336 3474 γνώσεσθε,
356 3372 455 3450 οὔπω
482 3366 645 3471 παρόντα
672 3368 818 3449 δεικνύει
842 3369 907 3449 τὸν
931 3373 995 3469 τῆς
1020 3369 1188 3470 εῖδήσεως
1210 3367 1356 3475 χρόνον·

111 3511 148 3571 ²5
164 3491 238 3574 εἶτα
262 3497 301 3574 τί
322 3493 439 3594 μάτην
457 3493 550 3593 ἡμᾶς
571 3493 777 3574 κατεκτιῖπει
796 3495 914 3597 λέγων
933 3495 953 3574 ό
975 3492 1107 3597 Κύριος
1127 3503 1149 3541 “
1161 3496 1210 3574 Ὁ
1229 3493 1358 3600 Πατήρ
1403 3503 1485 3636 Ξγιηέ

164 3629 185 3666 “
202 3621 329 3726 ἀγαπᾷ
346 3617 409 3698 τὸν
426 3616 517 3699 Υῖόν
529 3615 562 3714 ;”
586 3617 641 3698 ἐπι
659 3615 731 3720 γάρ
749 3619 807 3698 καὶ
831 3615 937 3703 αὐτὸς
962 3621 1088 3726 ἀγαπᾷ
1111 3617 1175 3699 τὸν
1193 3619 1355 3724 Πατέρα,
1485 3607 1492 3622 ’

162 3743 216 3826 τίς
235 3744 298 3823 οῦκ
316 3745 389 3848 ἐρεῖ
396 3775 407 3840 3
438 3749 515 3828 πιῦς
540 3742 578 3823 δέ
599 3741 677 3823 εῖπέ
693 3776 754 3842 μοι
779 3745 837 3823 καὶ
861 3747 926 3843 τῆς
952 3749 1000 3827 εῖς
1024 3743 1116 3843 ἡμᾶς
1142 3743 1359 3846 ἀγαπήσεως

163 3865 346 3973 ἀπόδειξιν
372 3869 521 3948 ἐποιεῖτο
552 3871 658 3973 σαφῆ
696 3865 738 3946 τὸ
775 3866 921 3948 ἐλέσθαι
953 3873 1080 3949 παθεῖν
1109 3866 1198 3970 ῦπέρ
1228 3869 1329 3968 ήμῶν
1344 3887 1392 3965 ;b

164 4001 185 4039 “
206 3990 327 4094 Μείζω
351 3989 433 4094 γάρ,
452 3995 557 4098 φησὶ,
575 3989 706 4090 ταύτης
730 3995 793 4090 τῆς
821 3995 965 4095 ἀγαπῆς
989 3994 1100 4076 οὐδεὶς
1124 3992 1205 4097 ἔχει,
1223 3993 1282 4072 ἵνα
1305 4027 1359 4077 τις
1403 3997 1494 4128 {effi

109 4139 149 4199 30
164 4125 184 4162 “
204 4112 269 4215 τήν
288 4113 414 4222 ψυχήν
432 4117 541 4195 αὑτοῦ
566 4121 613 4221 θῇ
639 4115 725 4218 ῦπέρ
749 4123 822 4196 τῶν
840 4118 962 4222 φίλων
980 4115 1122 4196 αῦτοῦ.”
1151 4118 1190 4195 τί
1211 4116 1249 4196 δέ
1273 4117 1357 4220 παρ’

61 4253 66 4262 ’
164 4239 263 4338 ἡμῶν
290 4238 357 4337 τήν
384 4245 432 4323 εἰς
460 4237 585 4319 ἐαυτὸν
613 4239 758 4341 ἀγάπην
785 4239 895 4343 ἐζήτει
927 4245 1069 4346 σαφῶς,
1098 4239 1156 4319 διά
1184 4275 1223 4320 τε
1253 4250 1360 4321 τοῦτο

163 4343 327 4466 πληροῦν
346 4365 548 4466 ἐπείγεσθαι
574 4361 621 4442 τὰ
647 4367 820 4443 δοκοῦντα
847 4365 966 4472 αῦτηῖς
999 4362 1107 4466 ὁγάρ
1125 4367 1278 4462 ἀγαπῶν
1296 4397 1356 4463 με,

298 4597 341 4654 27.
360 4581 513 4655 ἀγαπήσεως
525 4593 694 4656 assumptum
706 4602 739 4640 ex
753 4583 785 4640 E.
798 4585 897 4654 ἀγάπης
909 4582 1020 4656 conjecit
1032 4583 1060 4639 in
1073 4584 1143 4642 αοιὶι
1157 4581 1227 4638 Aub.
