3118 5132
313 305 378 370 892
618 301 657 368 B.
681 297 890 368 CYRILLI
919 294 1206 364 ALEXANDR.
1380 291 1460 358 xiii.
1484 291 1540 376 36

315 467 581 574 δοκησισοφίας
598 469 709 566 κενῆς,
728 469 787 546 καὶ
804 473 869 545 τοῦ
887 467 1001 545 δοκεῖν
1020 461 1283 570 ἐξεπίστασθαί
1298 492 1344 557 τι,
1356 464 1540 561 κρεῖττον

315 587 430 691 ἀνείη
447 591 490 671 τὸ
508 596 635 690 μαθεῖν
653 591 808 690 ἀληθῶς.

334 895 512 988 Ἀπεκρίθιι
540 899 631 985 αὐτῷ
654 900 672 966 ὁ
694 899 820 966 Ἰιιοοῦε
840 898 949 966 Ὀπου
975 897 1043 974 ἰτὼ
1068 898 1185 974 ὑπάτω
1211 897 1249 962 οὐ
1276 891 1412 962 δύνασαί
1447 917 1526 971 μοι

530 1029 583 1091 νῦν
609 1021 813 1108 ἀκολουθεῖν,
839 1025 1076 1092 ἀκολουθήσειε
1102 1023 1139 1090 δὲ
1166 1025 1313 1113 ὕστερον.

375 1185 490 1272 Εἰδὼς
515 1186 570 1268 ότι
592 1189 739 1294 βαρεῖάν
756 1224 795 1271 τε
819 1193 878 1270 καὶ
902 1193 1068 1294 δυσαχθῆ
1094 1195 1168 1271 τοῖς
1192 1190 1317 1267 ἑαυτοῦ
1341 1189 1541 1284 μαθηταῖς

285 1309 460 1410 ἀένθήσει
478 1309 544 1410 τήν
562 1311 693 1414 λόπην,
714 1313 922 1420 ἀναφανδὸν
939 1313 1059 1404 εἰπὼν,
1080 1314 1127 1396 ὡς
1146 1307 1367 1409 ἀναβήσεται
1384 1306 1461 1404 μὲν
1486 1313 1542 1391 εἰς

319 1435 499 1537 οὐρανοὺς,
517 1433 668 1540 ἐρήμους
694 1434 733 1517 δὲ
757 1441 821 1536 τῆς
845 1441 970 1518 ἑαυτοῦ
995 1434 1195 1540 παρουσίας
1219 1433 1317 1512 ἐάσει
1342 1429 1438 1510 κατά
1461 1428 1542 1529 τὴν

318 1561 399 1658 γῆν,
418 1563 448 1637 εἰ
473 1561 532 1638 καὶ
556 1560 730 1640 συνέσται
754 1559 868 1642 πάλιν
886 1565 934 1645 ὡς
952 1559 1056 1658 θεὸς,
1073 1555 1338 1661 εόπεριστόλως
1360 1552 1458 1657 πρὸς
1490 1553 1542 1633 τὸ

317 1679 435 1782 παρὸν
453 1682 656 1786 ἀποχρῆται
681 1688 734 1792 τῷ
763 1682 875 1793 λόγῳ,
893 1681 1114 1764 διακλέπτων
1137 1681 1251 1784 ήρέμα
1274 1687 1339 1760 τοῦ
1364 1687 1427 1758 νοῦ
1459 1675 1542 1777 τὴν

319 1804 517 1906 ἀκρίβειαν.
556 1809 614 1885 καὶ
642 1814 731 1908 γοῦν
755 1809 819 1887 οὐκ
847 1805 983 1914 εἰδότας
1010 1807 1115 1910 ὁρῶν,
1133 1807 1171 1884 ἐν
1195 1804 1292 1911 αὐτῷ
1318 1801 1438 1902 μένειν
1471 1805 1538 1908 ἐᾷ.

319 1923 367 2006 τά
388 1925 516 2031 γάρτοι
538 1936 665 2010 λυπεῖν
683 1929 842 2030 εἰωθότα,
861 1929 1068 2033 βαρυτέροις
1086 1928 1167 2010 ἔσθ’
1189 1926 1247 2008 ὅτε
1272 1923 1540 2026 κατασκιάζειν

318 2049 442 2152 λόγοις
460 2051 525 2132 οὐκ
543 2054 759 2155 ἀμελέτητον
777 2061 852 2139 τοῖς
869 2059 1010 2162 σοφοῖς.
1048 2058 1079 2133 εἰ
1103 2049 1176 2156 γάρ
1201 2056 1259 2131 καὶ
1281 2049 1336 2130 ότι
1353 2046 1540 2147 μάλιστα

318 2176 383 2272 τῆς
409 2173 685 2280 ἀνθρωπότητος
710 2175 878 2283 ἀπαρχὴν
895 2175 1021 2258 ἑαυτὸν
1037 2174 1257 2278 ἀνακομίζων
1275 2179 1327 2280 τῷ
1352 2177 1436 2278 Θεῷ
1466 2175 1536 2251 καὶ

321 2301 453 2401 Πατρί,
471 2297 537 2399 τήν
560 2303 608 2384 εἰς
632 2301 675 2380 τὸ
700 2301 775 2381 ἀνω
799 2304 858 2381 καὶ
885 2307 934 2385 εἰς
961 2297 1132 2405 οὐρανοὺς
1158 2297 1361 2398 ἀποδημίαν
1384 2294 1532 2374 ἐστέλ-

292 2429 417 2518 ολετο,
442 2424 500 2500 καὶ
528 2421 616 2524 ὑπὲρ
644 2427 708 2522 τῆς
735 2423 905 2504 ἁπάντων
932 2423 1157 2506 λυσιτελείας
1183 2421 1226 2502 τὸ
1253 2419 1434 2524 δρώμενον
1463 2416 1529 2517 ἦν·

322 2543 514 2624 ἀνεκαίνισε
531 2543 603 2648 γάρ
624 2545 709 2645 ἡμῖν
727 2543 821 2644 όδδν,
839 2545 884 2646 ήν
902 2548 965 2627 οὐκ
990 2544 1065 2651 ᾔδει
1089 2542 1263 2648 πρότερον
1281 2545 1302 2644 ἡ
1328 2541 1532 2645 ἀνθρώπου

322 2663 447 2770 φύσις·
477 2665 578 2746 ἀλλά
596 2702 638 2771 γε
655 2677 730 2753 τοῖς
755 2671 869 2771 ἁγίοις
892 2677 1068 2770 μαθηταῖς
1091 2672 1145 2749 ἀεὶ
1170 2675 1328 2748 συνεῖναι
1351 2667 1527 2746 σπουδά-

322 2786 456 2890 ζουσιν,
474 2791 516 2869 οὐ
534 2789 696 2898 φορητὸν
714 2789 801 2873 εἰναι
820 2794 1018 2899 διεφαίνετο
1039 2791 1082 2874 τὸ
1106 2791 1320 2898 χωρίζεσθαι
1337 2796 1526 2893 Χριστοῦ,

323 2911 438 2992 καίτοι
464 2911 637 2999 συνόντος
663 2916 783 3001 αὐτοῖς
809 2915 867 2997 διὰ
894 2917 1029 3002 παντὸς
1056 2922 1102 3022 τῇ
1129 2925 1193 2996 τοῦ
1220 2913 1430 3013 Πνεάματος
1460 2916 1527 2992 δυ-

323 3033 425 3135 νάμει
460 3071 499 3118 τε
529 3041 588 3119 καί
621 3041 804 3147 συνεργίᾳ,
855 3041 1055 3142 ἀγνοοῦντα
1089 3041 1209 3119 τοίνυν
1245 3035 1309 3118 τὸν
1344 3038 1527 3140 μακάριον

324 3157 465 3264 Πέτρον
500 3167 573 3242 τῶν
613 3164 805 3267 εἰρημένων
839 3162 906 3265 τήν
946 3163 1106 3264 δύναμιν,
1144 3164 1234 3262 ὁμοῖν
1274 3170 1350 3245 τοῖς
1391 3161 1526 3243 ἀλλοις

313 3277 507 3384 μαθηταῖς,
535 3287 573 3365 έν
600 3287 718 3395 ταύτῷ
743 3285 859 3386 μένειν
885 3289 937 3395 ἐᾷ,
964 3291 1022 3368 καί
1051 3289 1115 3367 οὐκ
1143 3285 1245 3371 εὐθὺς
1273 3285 1447 3392 ἐφίστησι
1477 3287 1525 3388 τῇ

323 3412 396 3510 τῶν
427 3407 618 3510 εἰρημένων
649 3411 823 3518 ἀκριβείᾳ,
857 3411 1057 3515 χρησίμως,
1088 3409 1191 3516 ἀχρις
1226 3407 1272 3490 ἀν
1302 3409 1420 3492 αὐτοῖς
1457 3403 1524 3486 τὸν

158 3552 274 3612 τθθΔ.
295 3531 548 3610 οάνακτάσθαι
575 3530 770 3632 δυνάμενον
794 3538 999 3637 διαπερανεῖ
1021 3533 1146 3634 λόγον·
1176 3541 1283 3614 τοῦτο
1308 3535 1367 3612 καὶ
1391 3533 1428 3610 ἐν
1446 3535 1522 3612 τοῖς

156 3659 243 3792 ἐξῇ.
325 3652 456 3759 ἐφεξῆς
474 3663 644 3735 ποιοῦντα
662 3654 903 3757 θεωρήσομεν.
936 3655 1033 3758 λέγει
1051 3655 1122 3760 γάρ
1139 3653 1230 3759 πρὸς
1247 3655 1375 3740 αὐτούς
1389 3659 1544 3750 “Eme-2

327 3784 348 3824 “
367 3775 467 3883 φέρει
493 3777 575 3875 ὑμῖν
597 3777 656 3857 ἵνα
677 3775 748 3880 ε’γάι
771 3778 932 3860 ἀπέλθω·
962 3778 1024 3860 εὀἰν
1047 3777 1120 3884 γάρ
1144 3777 1216 3881 ἐγὼ
1240 3777 1291 3878 μή
1315 3777 1479 3872 ἀπέλθω,
1502 3775 1522 3852 ὁ

325 3910 348 3948 “
365 3897 597 4003 παράκλητος
624 3901 667 3979 οὐ
693 3898 744 4000 μή
771 3898 863 4007 ’ἔλθῃ
890 3899 981 4006 πρὸς
1010 3904 1132 4002 ἀμοῖς.”
1169 3898 1297 4009 φθάνει
1326 3898 1449 4003 γεμὴν,
1472 3900 1520 3979 ὡς

326 4022 428 4121 Θεὸς,
446 4023 736 4126 ἐπαγγείλασθαι
759 4021 915 4106 θέλοντα
933 4023 997 4105 τὸν
1012 4023 1186 4126 μαθητήν,
1205 4023 1260 4106 ὅτι
1282 4028 1342 4105 καί
1366 4026 1518 4103 ἀκολου-

326 4143 430 4247 θήσει
457 4145 651 4250 προθύμως
683 4150 741 4228 καί
773 4145 947 4228 συνέσται
978 4156 1129 4252 γοργῶς,
1158 4145 1299 4232 οὐδενὸς
1328 4149 1424 4256 αὐτῷ
1454 4141 1519 4243 τήν

326 4270 528 4374 προθυμίαν
552 4269 853 4376 ἀνασειράᾷιντος,
872 4272 934 4352 καί
957 4277 1073 4380 φησιν
1091 4271 1210 4354 Ὅπου
1233 4269 1363 4375 ὑπάγω
1390 4265 1457 4374 ἰγίι
1486 4269 1544 4346 ιάθ

470 4532 495 4572 2.
512 4517 543 4572 τδ
556 4515 589 4573 Ε.
603 4517 655 4574 Ed.
668 4537 723 4590 mg.
736 4521 783 4574 τοῦ
796 4516 848 4574 Ed.
1189 4533 1233 4589 29.
1250 4517 1334 4573 αὐτῶν
1347 4514 1380 4573 Ε.
