3118 5132
52 350 190 420 Χίοιο.
251 354 311 420 IN
342 355 377 422 S.
400 355 659 426 JOANNEM.
704 357 889 426 12113.1x.
934 359 1089 427 CARI.
1208 353 1274 420 437

1 525 2 530 ’
54 518 76 596 ἃ
110 524 180 600 καὶ
221 521 424 608 ἀκινδύνως
460 558 500 606 τε
536 528 594 604 καὶ
636 527 781 624 ἀληθῶς
825 524 1054 631 περιέχεσθαι
1092 521 1309 622 Meropem

1 697 2 700 =
54 643 220 738 σώματα
241 643 331 749 γὰρ,
351 653 381 726 εί
398 650 457 727 καὶ
475 645 526 748 μὴ
544 656 692 729 τοιαῦτα
709 646 820 755 τυχῦν
836 651 944 730 ὁποῖα
961 648 1009 729 τὰ
1024 648 1189 750 ἡμέτερα.

101 765 275 849 'Ducem
294 770 340 850 δέ
352 805 413 870 μοι
432 774 570 853 κάκεῖνο
586 772 679 877 πρὸς
697 773 837 858 τούτοις
853 775 997 854 ἐννοεῖν.
1027 777 1057 852 εί
1075 769 1147 874 γὰρ
1165 771 1276 870 ἄναγ-

57 899 162 971 ιιαῖον
201 889 305 973 εἶναί
338 901 459 1002 φαμεν
490 893 533 976 τῦ
570 896 641 978 ὑπό
677 931 742 979 τον
776 895 1072 1001 περιειλημμένον
1107 893 1195 975 ε’ίσω
1232 891 1277 992 δὴ

1 1089 2 1102 ,
33 1023 205 1097 micea:
225 1017 379 1102 πάντως
397 1027 462 1099 τοῦ
479 1018 654 1125 περιέχειν
668 1019 756 1101 αὐτὸ
773 1017 977 1123 λεγομένου,
988 1025 1067 1104 πῶς
1082 1019 1146 1099 οῦκ
1165 1019 1278 1116 ἀναμ-

59 1141 236 1244 φιλόγως
263 1141 394 1247 ἕψεται
416 1142 459 1222 τῦ
480 1145 518 1222 έν
535 1141 729 1224 ἐλάττοσιν
746 1141 834 1224 εἶναι
856 1151 949 1224 νοεῖν
967 1154 1032 1224 τοῦ
1053 1141 1279 1247 περιέχοντος

60 1263 99 1344 τὸ
124 1264 407 1370 περιεχόμενον,
426 1269 485 1347 καὶ
504 1274 781 1370 πεπερατῶσθαι
802 1267 922 1370 λέγειν
944 1267 1042 1366 αὐτὸ,
1065 1263 1274 1346 κατακλειό-

60 1424 170 1487 μενον
194 1386 334 1493 ὥσπερ
361 1397 407 1494 τῇ
431 1399 496 1471 τοῦ
519 1389 675 1494 μείζονος
700 1397 874 1496 περιοχῇ;
907 1392 946 1471 τί
967 1392 1030 1472 οῦν
1051 1388 1080 1470 ὦ
1105 1388 1278 1486 βέλτιστε

61 1513 177 1594 πάλιν
198 1516 323 1617 ε’ρεΐς;
355 1513 432 1595 ίδοῦ
457 1514 529 1618 γὰρ
554 1515 672 1596 εἰκόνα
699 1523 763 1595 τοῦ
782 1521 879 1596 Θεοῦ
900 1518 958 1594 καὶ
978 1513 1124 1617 Πατρῦς
1152 1511 1308 1594 έαυτῦνθ

26 1641 245 1740 Ιῦπειραθεὶς
272 1641 333 1718 καὶ
358 1639 550 1744 διαρῤήδην
568 1639 677 1721 εἰπών
696 1651 718 1687 “
731 1641 780 1719 ‘O
799 1639 963 1743 ἑωρακὼς
981 1638 1041 1738 ε’μέ
1059 1639 1191 1742 ἑώρακε
1214 1635 1278 1718 τῦν
1323 1628 1414 1760 ῗξξζ

64 1773 83 1808 “
102 1760 300 1864 Πατέρα,”
322 1765 381 1841 καί
403 1761 517 1842 πάλιν
534 1764 727 1864 ἐπήνεγκεν
748 1761 850 1846 εύθύς
868 1772 890 1810 “
905 1761 1006 1864 Ἐγῦι
1030 1765 1068 1843 ἐν
1086 1769 1137 1871 τῷ
1160 1765 1279 1866 Πατρὶ
1324 1777 1415 1829 Ib·¹0·

64 1896 84 1932 ‘⁶
100 1890 162 1966 καὶ
193 1885 375 1988 ὁΠατ-ηρ
401 1885 439 1965 δέ
462 1887 500 1966 ἐν
517 1885 598 1985 ε’μοί
618 1887 753 1966 έστιν·”
788 1891 818 1966 εί
844 1885 917 1989 γὰρ
942 1885 1048 1968 τοῦτό
1074 1895 1169 1993 φησι
1195 1887 1277 1967 καθ’

65 2013 166 2108 ὑμᾶς,
190 2009 254 2090 ὅτι
282 2008 396 2089 καίτοι
421 2007 605 2115 χαρακτὴρ
632 2012 690 2090 καὶ
714 2010 816 2090 εἰκὼν
834 2010 1006 2116 ὑπάρχων
1025 2019 1089 2090 τοῦ
1107 2045 1277 2114 γεγεννη·

66 2133 187 2232 κύτος,
222 2134 411 2218 οῦσιωδῶς
449 2135 507 2214 ὑπ’
539 2135 650 2214 αῦτοῦ
680 2133 898 2238 περιέχομαι,
928 2141 1004 2218 πῶς
1042 2135 1108 2238 οῦχ
1143 2133 1282 2215 ἅπασιν

31 2276 56 2333 ¹5
67 2259 347 2362 ἀναμφίλογον,
379 2256 435 2337 ὅτι
472 2258 638 2342 τοιαύτας
674 2257 767 2357 ἡμᾶς
804 2259 938 2342 έννοίας
975 2258 1068 2363 έχειν
1100 2261 1179 2361 περὶ
1215 2266 1281 2338 τοῦ

70 2379 226 2483 Πατρῦς
256 2380 438 2478 βούλεται,
466 2382 594 2462 ὁποίαν
621 2417 688 2483 περ
717 2379 762 2461 ἂν
790 2381 966 2482 λάβοιμεν
994 2383 1052 2460 καὶ
1080 2383 1133 2462 ἐπ’
1160 2382 1278 2490 αῦτῷ;

68 2509 359 2607 τεπερατῶσθαι
385 2513 574 2608 τοιγαροῦν
596 2504 735 2608 ἀνάγκη
763 2509 821 2586 καὶ
846 2506 909 2586 τὸν
930 2504 1087 2608 Πατέρα,
1106 2505 1185 2585 έστι
1208 2503 1310 2609 γᾶρν
1328 2518 1446 2579 788Α·

70 2631 107 2706 ἐν
123 2633 224 2736 Υἱῲ·
258 2631 316 2708 καὶ
335 2627 477 2731 ζητείτω
496 2629 626 2709 λοιπὸν
644 2632 664 2710 ὁ
683 2629 867 2734 αίρετικῦς,
886 2631 940 2714 τίς
965 2631 985 2708 5
1011 2629 1140 2733 μείζων
1158 2631 1278 2711 αὐτοῦ·

72 2753 149 2849 ἐμοὶ
181 2750 261 2855 γὰρ
288 2755 330 2832 ού
358 2753 457 2852 θέμις
484 2739 639 2855 εἰπεῖν’ίη
668 2762 772 2834 νοεῖν.
816 2756 858 2835 οῦ
886 2753 959 2856 γὰρ
986 2754 1055 2834 ἀνὰ
1083 2755 1190 2857 μέρος
1216 2752 1282 2854 μέν

33 2897 62 2936 ²0
76 2877 182 2956 εἰκὼν
199 2875 310 2955 ἔσται
327 2884 392 2956 τοῦ
412 2883 446 2956 Π
450 2875 557 2979 ατρὸς
576 2879 596 2957 ὁ
615 2877 714 2974 Υἱὸς,
734 2876 802 2957 ἀνὰ
819 2879 926 2980 μέρος
945 2877 983 2957 δὲ
1002 2877 1126 2958 οὐκέτι.
1165 2885 1194 2958 εί
1210 2877 1283 2981 γὰρ

74 3001 173 3083 ὅλως
198 2999 276 3104 ἔχει
300 3034 336 3079 τι
362 2999 405 3080 τὸ
429 3001 691 3104 παραλλάττον
708 3005 766 3081 καὶ
791 3009 1026 3100 μεσολαβοῦν
1044 3000 1109 3100 τὴν
1127 3003 1283 3082 είσάπαν

72 3125 270 3222 ὁμοίωσιν,
289 3125 396 3227 μέρος
414 3123 459 3204 ἂν
477 3124 530 3224 ε’ίη
552 3123 693 3222 λοιπὸν,
713 3127 780 3229 οῦχ
806 3125 1008 3228 ὁλόκληρος
1033 3123 1146 3206 είκιύν.
1183 3124 1284 3203 ἀλλὰ

72 3258 147 3330 τοῦ
174 3256 289 3328 τοῦτο
315 3247 446 3355 δείξαις
472 3247 517 3327 ἂν
535 3247 601 3348 τὴν
619 3249 724 3352 ἁγίαν
743 3249 927 3351 λέγουσαν
944 3247 1114 3353 γραφήν;
1146 3249 1188 3327 οῦ
1212 3247 1284 3350 γὰρ

73 3375 195 3474 δι’μτου
237 3378 312 3455 τοῖς
349 3378 429 3456 σοῖς
466 3371 765 3472 ἀναπεπεισμένοι
803 3370 939 3474 λόγοις,
971 3371 1037 3478 τὴν
1072 3377 1145 3452 τῶν
1183 3377 1286 3476 ίεριῦν

33 3507 63 3566 ²5
74 3493 279 3599 δογμάτων
308 3493 486 3597 ὀρθότητα
521 3495 778 3601 παρωσάμεθα.
831 3496 998 3600 θαυμάζω
1037 3495 1076 3576 δέ
1111 3495 1208 3581 ὅπως
1244 3497 1318 3576 οῦδ

74 3623 297 3702 κατέδεισαν
333 3621 389 3700 ἐπὶ
426 3619 564 3704 τούτοις
600 3627 709 3702 εἰπεῖν
736 3681 758 3718 ,,
775 3619 951 3723 Καθάπερ
984 3623 1004 3700 ὁ
1041 3627 1190 3707 Παῦλος
1223 3619 1287 3702 τῦν

74 3807 95 3844 ,,
112 3741 293 3848 Χριστὸν
321 3740 415 3849 εἶχεν
444 3746 482 3823 έν
512 3745 625 3852 εἀυτηῦ
662 3752 848 3825 λαλοῦντα
880 3750 939 3824 καὶ
976 3748 1188 3848 ἐνεργοῦντα
1222 3745 1287 3830 τὰς
1331 3736 1416 3864 ζῑξιοξ

75 3933 94 3968 ,,
112 3865 304 3966 δυνάμεις,
330 3867 395 3947 τὸν
422 3865 531 3947 αύτῦν
559 3863 603 3966 δὴ
631 3865 766 3970 τρόπον
793 3871 853 3949 καὶ
883 3869 903 3948 5
930 3867 1019 3952 Υἱὸς
1048 3867 1112 3949 τῦν
1140 3868 1288 3970 Πατέρα

75 4057 96 4092 „
114 3999 315 4075 λαλοῦντα
332 3994 390 4070 καὶ
407 3990 454 4071 τὰ
471 3999 605 4092 σημεῖα
622 3999 793 4072 ποιοῦντα
811 3988 903 4096 εἶχεν
917 3994 954 4071 ε’ν
969 3993 1096 4097 ἑαυτῷ·
1118 3989 1173 4070 διό
1192 3999 1288 4095 φησι

38 4155 96 4218 30„
116 4114 335 4212 Πιστεύετε,
354 4115 410 4195 ὅτι
435 4116 506 4219 ἐγὼ
530 4117 569 4195 έν
587 4120 638 4223 τῷ
659 4119 776 4218 Πατρί
802 4121 860 4196 καὶ
884 4117 904 4194 5
925 4112 1052 4217 Πατὴρ
1078 4114 1115 4194 δὲ
1140 4116 1178 4193 έν
1195 4113 1285 4214 ε’μοί·

77 4308 98 4344 ,,
116 4253 145 4326 εί
189 4237 228 4321 δὲ
262 4237 321 4346 μῦ,
360 4235 420 4320 θιῦι
456 4237 503 4320 τῦ
540 4239 626 4346 ἔργα
664 4239 754 4321 αῦτῦι
786 4235 995 4320 πιστεύιτί.”
1043 4234 1119 4316 εἶτα
1150 4239 1204 4321 τίς
1237 4237 1288 4317 ἔτι

119 4514 283 4574 ττ.δι“οια.
296 4513 331 4570 Ε.
429 4513 471 4568 1⁶.
489 4513 569 4576 λάβοι
580 4512 629 4582 μὲν
641 4511 674 4568 Ε.
764 4506 981 4580 τ3.λι’γουσιΕ.
1077 4523 1121 4578 3¹·
1139 4507 1288 4581 πιστεύετε]

85 4585 240 4658 ψροιΕιί.
253 4587 342 4644 invito
355 4579 389 4636 E·
402 4581 438 4638 ef.
450 4599 539 4653 supra.
