3238 5114
306 276 372 338 668
610 277 649 340 Β.
673 273 886 346 OYRILLI
914 272 1204 340 ALEXANDR.
1389 269 1465 335 xvii.
1479 291 1506 357 3.
1610 273 1611 280 ’

307 441 455 546 Χριστόν.
495 441 537 520 οῦ
558 439 631 546 γὰρ
648 440 694 522 ἂν
711 443 838 546 ἑτέρως
858 475 913 526 τις
935 437 1011 521 ἕλοι
1035 439 1103 540 τὴν
1119 439 1259 520 τελείαν
1277 445 1345 518 τοῦ
1364 433 1509 538 Πατρός

306 569 457 666 γνῶσιν,
483 570 512 644 εἰ
543 564 594 664 μή
622 565 870 671 σονειστρέχοι
898 571 1089 669 προσεχοῦς
1116 598 1156 644 τε
1186 565 1245 642 καὶ
1273 561 1510 662 συνημμένος

307 687 410 786 καὶὴ
438 691 520 792 περὶ
546 697 611 770 τοῦ
638 689 868 792 γεννήματος,
895 689 1071 786 τοντέστι,
1099 696 1163 768 τοῦ
1190 692 1294 768 Υῖοῦ.
1333 684 1413 784 ἅμα
1444 683 1511 785 γᾶρ

306 847 359 896 τις
376 811 468 914 ἔγνω
491 815 529 893 τί
550 816 629 893 ἐστι
650 813 790 917 Πατήρ,
808 813 900 916 ἔγνω
919 812 963 912 δή
981 811 1124 897 πάντως
1144 815 1202 892 καὶ
1220 811 1284 892 τὸν
1302 808 1410 892 Υῖόν.
1456 809 1512 886 ἕνα

306 945 498 1040 τοιγαροῦν
523 941 581 1017 καὶ
606 936 752 1032 ιἰληθινῦν
779 937 889 1020 εἰπὼν
915 936 979 1018 τὸν
998 937 1145 1038 Πατέρα
1167 939 1225 1016 καὶ
1244 935 1338 1030 Θελι,
1358 934 1429 1013 οῦκ
1447 932 1538 1038 ἕξωε

306 1061 458 1140 τέθεικεν
476 1059 613 1142 ἑαυτόν.
653 1061 703 1142 ιῦν
721 1059 793 1165 γὰρ
810 1064 849 1142 ἐν
867 1062 964 1170 αὐτῷ
989 1064 1047 1140 καὶ
1071 1060 1115 1168 ἐξ
1137 1063 1246 1140 αὐτοῦ
1271 1054 1512 1163 κατὰφύσιν,

306 1181 476 1285 ἀληθινός
503 1185 608 1266 ἔσται
635 1189 693 1266 καὶ
720 1184 839 1281 αὐτὸς,
860 1190 918 1266 καὶ
945 1184 1054 1286 μόνος
1081 1189 1120 1265 ἐν
1146 1183 1256 1292 μόνην·
1292 1183 1378 1285 παρ’
1405 1178 1512 1261 αὐτὸν

138 1312 248 1440 ἔξω·
277 1306 378 1411 θγῦρ
397 1309 514 1412 ἕτερος
543 1311 654 1395 οὐδεὶς
673 1307 767 1394 Θεός
794 1307 942 1404 ιἰληθινῖς
969 1309 1073 1389 ἔσται
1101 1311 1160 1389 καὶ
1186 1310 1294 1414 μόνος.
1327 1317 1351 1354 “
1367 1309 1423 1385 Οῖ
1440 1303 1512 1412 γὰρ

309 1442 333 1480 “
352 1435 425 1512 θεοὶ
453 1440 526 1514 τιῦν
544 1436 656 1516 ε’θνιῦν
679 1432 878 1534 δαιμόνια·”
918 1433 1031 1532 δούλη
1049 1431 1087 1513 δέ
1114 1432 1212 1530 καὶὴ
1235 1432 1362 1527 κτίσις,
1381 1428 1433 1528 ἣν
1454 1431 1514 1508 οῦκ
1610 1475 1611 1514 ι

306 1551 373 1636 οἶδ’
404 1559 500 1643 ὅπως
528 1559 782 1661 προσκυνοῦσί
805 1592 906 1657 τινες,
923 1561 972 1641 εἰς
1000 1553 1170 1656 ἀδόκιμόν
1191 1590 1231 1636 τε
1258 1557 1317 1636 καῖ
1345 1554 1436 1634 λίαν
1453 1557 1513 1653 ε’μ-
1529 1591 1558 1630 ιο
1610 1543 1611 1608 λ

306 1683 406 1779 παθῆ
433 1680 720 1786 κατασυρόμενοι
746 1682 906 1784 γνιόμην.
956 1688 1112 1766 πολλοῖς
1139 1681 1244 1762 οῦσιν
1272 1679 1345 1782 ἄρα
1373 1686 1452 1762 τοῖς
1479 1681 1516 1757 ἐν
1610 1709 1611 1804 η

306 1807 397 1910 τῷδε
416 1807 468 1913 τηῖ
487 1805 615 1915 κόσμῳ
635 1811 860 1904 νομισθεΐσιν
877 1805 921 1913 ἐξ
938 1803 1077 1906 ἀπάτης
1096 1801 1183 1885 εἶναι
1202 1809 1303 1903 θεοῖς,
1322 1805 1384 1883 καὶ
1405 1800 1516 1902 νόθην
1610 1829 1611 1832 ’

306 1936 466 2034 λαχοῦσι
491 1929 558 2032 τὴν
575 1933 787 2032 ἐπωνυμίαν,
806 1931 826 2010 ὁ
847 1929 956 2028 μόνος
980 1932 1039 2010 καῖ
1060 1927 1230 2029 ἀληθινὸς
1255 1928 1516 2008 ἀντανίσταται

306 2049 455 2152 Θεὸς,ὁ
483 2056 521 2135 ἐν
539 2055 636 2164 αὐτῷ
663 2089 702 2135 τε
726 2041 852 2162 καῖ’έξ
876 2055 985 2134 αὐτοῦ
1014 2052 1106 2134 κατὰ
1134 2044 1248 2161 φῦσιν
1265 2049 1364 2150 Υἱός,
1388 2057 1512 2156 διῃρη-

305 2176 420 2275 μένως
446 2212 485 2258 τε
514 2177 589 2278 ἅμα
614 2181 672 2260 καὶ
695 2185 873 2286 σνμφυιῦς
899 2179 980 2258 καθ’
1001 2173 1151 2278 ἑνότητα
1169 2174 1342 2283 φυσικήν.
1383 2179 1509 2281 διῃρη-
1528 2207 1559 2266 ¹5

305 2300 420 2400 μένως
437 2299 503 2400 μέν
521 2303 606 2406 γάρ·
646 2301 705 2381 διὰ
730 2300 772 2383 τό
795 2304 834 2382 ἐν
853 2301 1002 2408 ὑπάρξει
1023 2307 1183 2382 νοεῖσθαι
1201 2305 1247 2406 τῇ
1265 2300 1350 2381 καθ’
1371 2297 1512 2379 ἑαυτόν·

139 2446 257 2504 om.
276 2421 380 2508 ανῖῦς
404 2424 476 2528 γάρ
494 2427 594 2506 ε’στιν
613 2427 633 2506 ὁ
651 2425 739 2511 Υῖὸς
758 2429 817 2506 καὶ
835 2427 915 2531 οῦχὶ
935 2423 1077 2528 Πατήρ·
1117 2429 1296 2531 συμφυοῦς
1321 2421 1361 2503 δὲ
1386 2422 1513 2520 πάλιν,

306 2547 361 2628 ὅτι
386 2555 431 2655 τῇ
450 2557 515 2630 τοῦ
538 2549 701 2634 τεκόντος
720 2549 869 2656 ὑπάρξει
888 2546 1236 2653 συμπαρομαρτήσει
1263 2546 1308 2648 δὴ
1326 2545 1474 2632 πάντως
1491 2550 1512 2627 ό

305 2671 351 2778 ἐξ
365 2673 474 2753 αῦτοῦ
499 2671 591 2753 κατὰ
613 2673 741 2778 φύσιν.
781 2672 856 2774 ἅμα
879 2673 952 2778 γὰρ
972 2671 1101 2776 Πατὴρ
1118 2675 1176 2752 καὶ
1194 2670 1296 2770 Υἱὸς,
1315 2671 1415 2775 εἴπερ
1432 2672 1515 2752 ἐστι’

306 2831 344 2876 τε
363 2799 421 2876 καὶ
439 2796 583 2900 λέγεται
601 2795 660 2878 διὰ
677 2806 784 2879 τοῦτο
803 2797 942 2901 Πατὴρ,
961 2795 1081 2897 ἐπειδὴ
1100 2803 1229 2876 νοεῖται
1247 2795 1482 2900 γεγεννηκώς.
1524 2831 1556 2871 ιο

361 2921 449 3018 Αὕτη
467 2923 586 3002 τοίνυν
604 2923 677 3004 ἐστι’
693 2928 809 3030 φησιν
827 2961 844 3016 η
864 2922 991 3007 αἰώνιος
1011 2918 1075 3030 ζωή
1100 2918 1157 3000 ’ῖνιι
1181 2923 1377 3023 γινωτκωσῖ
1399 2957 1440 3002 σε
1458 2921 1510 3002 τῖιι

305 3047 395 3154 μόνον
413 3045 558 3142 ἀληθινόν
578 3047 660 3129 Θεῖιν
681 3051 741 3128 καὶ
762 3048 794 3128 ῖν
811 3043 1024 3132 ἀπέστειλας
1041 3047 1162 3139 Ἰησαῖν
1179 3047 1328 3156 Χριστόν.
1361 3042 1417 3149 ἆρ’
1437 3046 1509 3126 οὖν·

306 3175 379 3273 ἐρεῖ
399 3207 452 3256 τις
469 3179 542 3252 τιῦν
561 3167 874 3279 φιλακροαμόνων,
892 3167 945 3255 οῖς
962 3167 1004 3250 τῦ
1021 3168 1072 3269 μὴ
1096 3169 1284 3274 παρέργως
1302 3176 1377 3254 τοῖς
1405 3170 1510 3254 θείοις

305 3293 486 3398 δόγμασιν
505 3297 641 3394 ὁμιλεῖν
666 3295 924 3374 ε’σποῦδασται·
950 3291 1017 3392 τὴν
1034 3299 1174 3396 γνῶσιν
1195 3289 1285 3373 εἶναι’
1304 3299 1427 3401 φαμεν
1445 3294 1510 3393 τήν

306 3418 447 3499 αἰώνων
465 3417 566 3522 ζωήν,
585 3417 770 3524 ἐξαρκέσει
794 3418 838 3497 δέ
858 3451 935 3498 τισι
960 3416 1002 3496 τὸ
1020 3416 1148 3497 εἰδέναι
1172 3414 1237 3497 τὸν
1255 3415 1367 3501 ὅντως
1385 3451 1427 3496 τε
1452 3421 1508 3497 καὶ
1523 3449 1552 3506 ²5

272 3541 416 3648 ὓφύσει
433 3543 577 3640 ἀληθῶς
595 3540 682 3621 ὅντα
700 3540 796 3622 Θεὸν
814 3548 862 3626 εἷς
880 3539 922 3622 τὸ
944 3549 1069 3622 πᾶσαν
1087 3541 1181 3647 ἔχειν
1198 3545 1263 3641 τῆς
1280 3541 1427 3625 ἐλπίδος
1445 3540 1509 3641 τὴν

140 3657 262 3773 ῗέωί·
306 3661 523 3770 ἀσφάλειαν,
552 3662 717 3764 δεήσεται
743 3663 781 3746 δὲ
807 3672 880 3746 τῶν
907 3665 1034 3747 ἄλλων
1062 3665 1229 3768 οῦδενρςς
1274 3662 1349 3745 εἶτα
1381 3671 1461 3750 πῶς
1486 3701 1507 3765 η

306 3787 430 3872 πίστις
454 3791 563 3894 χωρὶς
586 3794 659 3867 τῶν
676 3788 792 3892 ἔργων
811 3789 918 3892 νεκροί
942 3793 1046 3887 ε’στι;
1077 3788 1204 3870 πίστιν
1223 3787 1260 3870 δὲ
1279 3789 1368 3870 ὅταν
1387 3790 1506 3894 λέγω·

305 3946 381 4010 μεν,
403 3910 470 4013 τὴν
496 3914 615 4012 ἀληθῆ
640 3915 722 4015 περὶ
748 3919 813 3992 τοῦ
841 3917 938 3993 Θεοῦ
965 3920 1103 4016 γνῶσιν
1134 3915 1193 3995 καὶ
1224 3915 1292 4020 οὐχ
1321 3913 1444 4020 ἕτερόν
1474 3949 1505 3995 τι

304 4037 540 4136 σημαίνομεν·
578 4034 637 4116 διὰ
664 4034 736 4141 γὰρ
760 4045 824 4118 τοῦ
850 4035 1071 4137 πιστεῦεινὴ
1097 4045 1245 4140 γνιῦσις·
1280 4041 1340 4119 καὶ
1366 4074 1504 4144 μαρτν-
1520 4070 1550 4128 30

139 4159 261 4224 M&-
305 4158 411 4262 ρήσει
430 4162 546 4264 λέγων
564 4163 584 4241 ὁ
602 4160 792 4269 προφήτης
813 4160 973 4246 Ἡσαΐας
991 4159 1083 4265 πρός
1099 4197 1198 4248 τινας
1223 4173 1245 4210 “
1258 4161 1351 4242 Ἐὰν
1367 4163 1441 4268 γὰρ
1458 4164 1506 4266 μὴ

346 4387 370 4425 ι.
389 4371 484 4427 avom.
497 4372 530 4427 Ε.
540 4369 641 4427 habent
654 4372 725 4429 Catt.
772 4375 875 4430 τελείαν
886 4371 945 4446 τοῦ]
959 4373 1061 4430 τελείου
1072 4372 1146 4430 haud
1157 4375 1226 4430 male
1238 4373 1312 4430 (λιιι.
1389 4341 1392 4348 ¹
1423 4389 1448 4448 η.
1466 4377 1505 4432 καὶ

305 4439 396 4512 prius]
415 4450 439 4504 †
456 4441 535 4498 ὁΕᾱ.
548 4442 632 4500 invito
647 4443 680 4498 E.
859 4462 963 4501 11-20
980 4445 1044 4500 citat
1077 4483 1084 4500 .
1264 4462 1306 4518 ¹3·
1325 4445 1505 4503 ἀντανίσταται

306 4519 475 4581 assumptum
488 4531 520 4567 ex
533 4512 594 4584 E.p.
767 4529 809 4582 25.
828 4517 884 4572 ml
897 4517 929 4572 E.
940 4517 996 4572 τίσι
1008 4462 1080 4572 Aug,
1093 4515 1143 4570 τινί
1156 4515 1259 4587 Migne.
