3238 5114
110 327 201 394 xvii.
217 349 266 417 ιη.
308 331 366 397 IN
397 333 713 402 S.JOANNEM.
759 334 941 400 mxl.
987 335 1088 400 αις.
1106 334 1165 398 1x.
1260 335 1321 398 τοο

112 493 187 572 οὖν
215 494 287 598 ἄρα
314 500 373 578 καὶ
400 498 589 604 ἄνθρωπον
612 503 650 581 ἐν
674 501 792 608 τσῦτῷ
818 497 1000 603 παριστὰς
1028 495 1164 596 ἑαυτὸν,
1192 499 1321 578 ἐννοεῖν

113 613 251 721 ὥσπερ
267 621 446 704 ἀναπείθει
463 621 545 707 τοῦς
562 622 736 725 μαθητὰς,
755 627 804 710 ὡς
821 623 923 704 άπεόν
941 657 979 703 τε
999 625 1057 702 καὶ
1076 620 1201 723 παρὼν
1220 617 1321 700 οῦδὲν

114 737 234 838 ἧττον
264 743 449 848 ἐνεργήσει
485 746 532 826 τὰ
566 746 657 852 πρὸς
686 747 869 854 σωτηρίαν
901 748 1019 831 αὐτοῖς
1050 754 1226 826 τελοῦντα
1255 743 1321 843 τήν

116 861 218 943 κατὰ
235 865 341 959 Θεὸν,
361 872 421 948 καὶ
448 869 574 974 ὥσπερ
600 869 789 974 τετήρηκεν
807 870 858 951 ἔτι
885 867 1008 950 συνέου
1025 870 1081 950 ἐπὶ
1104 873 1170 971 γῆς
1196 868 1255 948 διὰ
1278 865 1322 948 τδ

75 1009 99 1069 5
119 987 360 1089 ἀνθρώπινον,
379 994 471 1074 οὕτω
489 993 637 1098 τηρήσει
659 997 717 1076 καὶ
743 994 846 1076 ἀπὼν
864 1001 988 1079 θεῖκῶς
1007 991 1064 1073 διά
1082 993 1125 1074 τῦ
1149 997 1213 1092 τῆς
1231 994 1355 1077 ὶδίαςδ

120 1109 251 1196 οὐσίας
273 1113 464 1220 ἐξαίρετον.
504 1119 546 1198 οῦ
568 1118 639 1221 γὰρ
657 1120 695 1198 ἐν
714 1117 813 1226 τόπερ
831 1117 873 1200 τὸ
896 1124 1001 1216 θεῖον,
1019 1116 1151 1198 άπεστι
1169 1117 1207 1197 δέ
1225 1153 1317 1199 παν-

120 1242 238 1320 τελιῦς
265 1244 338 1318 τῶν
365 1238 478 1321 ὅντων
499 1240 652 1326 οὐδενός·
692 1248 831 1346 πληροῖ
854 1239 925 1345 γὰρ
955 1240 1001 1322 τὰ
1029 1239 1149 1322 πάντα
1176 1243 1234 1322 καὶ
1262 1241 1321 1320 διὰ

120 1356 271 1440 πάντων
293 1362 494 1467 ἐρχόμενον,
512 1365 582 1472 ἔξω
608 1400 645 1446 τε
674 1362 821 1447 πάντων
839 1369 897 1446 καὶ
922 1368 960 1446 ἐν
977 1365 1092 1446 πᾶσίν
1110 1368 1200 1447 ἐστι.
1237 1367 1315 1446 δια·
1403 1355 1408 1362 ’

121 1479 318 1582 λεγόμενος
347 1486 385 1567 δέ
409 1485 507 1602 πρὸς
525 1488 589 1570 τὸν
612 1491 738 1570 ἑαυτοῦ
761 1489 908 1593 Πατέρα
935 1491 993 1568 καὶ
1021 1489 1141 1590 λέγων
1161 1499 1182 1536 “
1198 1487 1321 1592 Πάτερ
1366 1493 1465 1608 ξξήζῇ

56 1613 146 1680 ιο,“
164 1601 256 1705 ἅγιε,
285 1608 447 1712 τήρησον
476 1610 633 1712 αὐτοῦς,”
666 1611 768 1698 εὐθὺς
800 1610 1049 1712 εἶσκεκόμικεν,
1082 1610 1143 1692 ἅτε
1181 1611 1226 1712 δή
1262 1619 1321 1693 καὶ

123 1725 372 1835 ὑπάρχουσαν,
396 1733 461 1834 τήν
480 1737 535 1842 ἐφ’
555 1733 693 1817 ἅπασιν
720 1736 863 1838 ἐνεργὸν
891 1737 1041 1834 δυ’ναμιν
1068 1744 1133 1816 τοῦ
1160 1736 1318 1839 Πατρός·

122 1854 162 1931 ἐν
179 1855 299 1963 ταῦτῷ
326 1855 364 1937 δέ
391 1858 569 1940 δείκνυσιν
586 1863 635 1944 ὡς
657 1861 721 1940 οῦκ
741 1860 811 1966 ἔξω
828 1865 892 1960 τῆς
915 1861 1023 1940 αὑτοῦ
1041 1857 1188 1966 φύσεώς
1210 1862 1321 1957 ἐστιν,

124 1976 210 2055 ἀλλ’
228 1979 267 2058 ἐν
294 1981 383 2086 αὐτῇ
410 2017 448 2061 τε
478 1985 536 2063 καὶ
563 1983 608 2090 ἐξ
631 1985 740 2083 αὐτῆς
768 1982 940 2088 ὑπάρχων
964 1982 1219 2064 ἀδιάσπαστον
1249 1983 1321 2087 ἔχει

123 2097 192 2200 τήν
208 2101 349 2201 ἕνωσιν,
368 2103 434 2184 κᾶν
452 2109 490 2186 ἐν
508 2106 659 2214 ὑπάρξει
678 2111 800 2207 νοῆται
819 2113 865 2211 τῇ
883 2109 964 2187 καθ’
984 2105 1120 2188 ἑαυτόν.
1159 2107 1318 2210 “Τήρη·
1368 2133 1407 2183 lb.

67 2254 110 2315 15
125 2235 147 2272 “
160 2258 231 2305 σον
249 2225 320 2330 γάρ
339 2227 476 2328 αῦτοῦς,
492 2233 618 2336 φησίν,
630 2233 668 2311 ἐν
682 2236 735 2339 ,τῷ
753 2229 904 2330 ὀνόματί
919 2263 990 2310 σου
1008 2227 1038 2339 ᾧ
1055 2227 1209 2314 δέδωκάς
1226 2231 1318 2329 μοι·”
1359 2293 1365 2310 .

125 2351 184 2428 καὶ
210 2348 324 2431 πάλιν
343 2362 365 2400 “
378 2349 470 2434 Ὅτε
498 2355 594 2454 ήμην
621 2353 697 2454 μετ’
717 2355 845 2452 αι’πιῦν,
866 2352 937 2458 ἐγὼ
965 2352 1111 2457 ἐτήρουν
1129 2351 1257 2438 αὐτοῦς
1284 2356 1321 2433 ἐν
1368 2371 1456 2420 1b·1²·

127 2481 149 2522 ‘⁶
167 2479 218 2580 τῷ
244 2472 396 2573 ὀνόματί
425 2510 497 2580 σου
524 2473 553 2584 ᾧ
580 2476 735 2562 δέδωκάς
770 2476 866 2578 μοι.”
904 2480 1100 2580 ἀναγκαῖον
1131 2486 1351 2581 τοιγαροῦνε
1371 2494 1487 2552 978Δ-

125 2595 264 2694 ἐννοεῖν,
291 2599 340 2683 ὦς
367 2599 466 2704 εἴπερ
493 2600 562 2701 ήδη
593 2600 762 2706 τετήρηκε
792 2600 859 2699 μὲν
890 2598 995 2686 αὐτὸς
1025 2603 1062 2680 ἐν
1091 2598 1239 2699 ὀνόματι
1271 2609 1321 2709 τῷ

127 2717 261 2800 δοθέντι
296 2721 395 2826 παρὰ
431 2733 496 2806 τοῦ
530 2724 687 2830 Πατρός,
718 2726 915 2823 τουτέστιν,
947 2727 985 2806 έν
1017 2722 1107 2833 δόξῃ
1139 2724 1319 2828 θεότητος·

71 2886 113 2928 ιο
128 2853 149 2891 “
165 2845 359 2948 ἐχαρίσατο
396 2847 468 2950 γάρ
505 2851 600 2957 αὐτῷ
638 2849 679 2930 τὸ
713 2850 827 2945 ὄνομα
858 2849 901 2930 τὸ
937 2849 1024 2953 ῦπέρ
1061 2856 1135 2930 πᾶν
1172 2848 1318 2947 ὅνομα·”
1367 2853 1432 2986 ξ”ῑῑ-
1445 2855 1471 2902 ii·

126 2971 280 3070 τηρήσω
308 2967 345 3050 δέ
370 2974 429 3050 καὶ
451 2971 560 3053 αὐτὸν
586 2971 758 3068 βούλεται
785 2974 849 3052 τὸν
869 2973 1016 3076 Πατέρα
1043 2971 1157 3058 πάλιν
1178 2976 1216 3053 ἐν
1237 2971 1319 3053 όνό-
1435 3017 1438 3022 ·

127 3127 210 3188 μοτι
236 3099 288 3200 τῷ
313 3094 451 3175 δοθέντι
468 3097 577 3202 αὐτῷ,
600 3099 648 3180 ὡς
666 3096 730 3176 οὐκ
758 3095 829 3202 ἔξω
856 3098 920 3194 τῆς
942 3095 1116 3198 ἐνεργείας
1135 3099 1198 3195 τῆς
1215 3098 1252 3176 ἐν
1270 3101 1322 3203 τῷ

127 3213 311 3318 πράγματι
332 3217 498 3300 κείσεται·
536 3217 744 3323 διατηρήσει
762 3217 874 3322 γάρὸ
896 3216 1026 3322 Πατήρ
1044 3215 1126 3304 τοῦς
1145 3221 1183 3300 ἐν
1201 3221 1323 3301 πίστει

128 3343 243 3444 τήείς
268 3338 377 3421 αὐτὸν
393 3343 576 3444 γνησίους,
596 3345 643 3428 ὡς
663 3341 722 3422 διὰ
746 3346 810 3441 τῆς
834 3341 924 3427 ἰδίας
951 3341 1078 3448 ἰσχύος
1105 3351 1170 3424 τοῦ
1190 3349 1317 3423 Μονο·

76 3499 116 3560 25
129 3471 260 3565 γενοῦς.
299 3464 442 3568 ἐνεργὸς
465 3465 538 3570 γὰρ
557 3468 622 3548 οῦκ
646 3466 749 3548 ἐσται
767 3467 852 3568 περί
871 3501 906 3546 τι
924 3471 998 3546 τῶν
1016 3464 1141 3564 όντων,
1160 3472 1188 3546 εί
1208 3464 1258 3566 μή
1278 3465 1320 3546 δι’

129 3587 245 3670 αὐτοῦ.
278 3589 406 3670 οὐκοῦν
423 3595 453 3670 εί
471 3589 636 3694 τετήρηκε
657 3592 715 3670 καὶ
733 3587 824 3688 μετὰ
841 3589 979 3692 σαρκὸς
1004 3595 1050 3694 τῇ
1074 3593 1137 3688 τῆς
1156 3589 1321 3690 θεότητος

129 3710 273 3819 ἐξουσίᾳ
301 3713 360 3792 καὶ
387 3713 488 3820 δόξῃ,
507 3712 599 3794 κατὰ
616 3715 696 3794 τίνα
719 3710 853 3816 τρόπον
871 3711 1093 3798 ἐλλελοιπιῦς
1121 3713 1355 3831 όφθήρεταιις

130 3831 248 3935 τὸτῆς
265 3840 416 3936 δεοῦσης
434 3841 576 3943 φειδοῦς
594 3838 785 3944 ἀξιοῦσθαι
802 3836 886 3923 τοῦς
904 3835 1077 3938 μαθητὰς,
1095 3844 1173 3922 πῶς
1190 3836 1228 3916 δέ
1247 3841 1323 3916 δια-

130 3958 265 4040 πίπτειν
283 3959 488 4066 άσφαλείας
503 3965 567 4061 τῆς
583 3959 668 4064 παρ’
688 3962 797 4042 αὐτοῦ
814 3959 1055 4059 συμβήσεται,
1071 3961 1183 4040 καίτοι
1202 3965 1322 4058 διαμε-

80 4129 119 4186 30
133 4080 259 4182 νοόοης
278 4085 331 4164 ἀεὶ
350 4088 414 4184 τῆς
437 4091 654 4188 θεοπρεποῦς
672 4085 839 4192 ἐξουσίας
856 4093 920 4164 τοῦ
942 4089 1182 4185 Μονογενοῦς,
1201 4086 1260 4164 καὶ
1285 4087 1322 4163 ἐν

131 4204 311 4308 ταυτότητι
329 4208 559 4309 πσηηγμένης
572 4211 636 4308 τής
655 4205 746 4289 κατὰ
765 4208 880 4312 φύσιν
893 4207 1042 4307 ἐνούσης
1061 4205 1185 4312 ίσχάος
1200 4193 1319 4315 αῦτῴξ

131 4335 359 4433 παρατροπῆς
382 4329 454 4434 γὰρ
478 4329 573 4414 ὅλως
599 4335 656 4414 καὶ
681 4329 938 4430 μεταστάσεως
966 4333 1029 4429 τῆς
1054 4330 1110 4444 ἐφ’
1142 4329 1260 4432 ἕτερόν
1288 4365 1322 4410 τι

201 4573 292 4628 ιο-ι3.
304 4557 428 4629 ῦή-ἔχει
441 4575 494 4613 om.
509 4557 540 4614 E.
736 4631 739 4640 Δ
784 4571 877 4630 15-17.
897 4557 976 4627 λμοι
991 4557 1023 4612 εδ
1036 4579 1079 4628 μοι
1092 4557 1206 4612 transilit
1220 4557 1252 4612 E.

173 4659 240 4704 τοι.
257 4660 294 4705 11.
684 4663 706 4722 4
723 4661 741 4703 x
