3200 5092
87 335 208 422 viii.32.
271 337 338 403 IN
369 339 406 404 S.
433 339 701 405 JOANNEM.
747 339 842 408 ΙιΙΒ.
859 343 899 407 V.
946 343 1049 410 CAP.
1068 345 1109 409 V.
1267 345 1309 407 59

84 531 175 594 μενοι
195 501 369 602 μα’θημα,
390 512 504 588 σκιᾶς
523 539 564 584 τε
588 511 655 604 τῆς
682 504 773 586 κατά
799 506 910 606 νόμον
928 510 970 587 οῦ
988 507 1139 614 σφόδρα
1157 509 1305 614 φροντί-

85 622 210 722 ζοντες,
230 631 404 724 μαθηταὶ
432 627 529 708 κατὰ
554 629 729 730 ἀλήθειάν
747 636 818 709 εἱσι
840 639 905 710 τοῦ
923 637 1103 734 Χριστοῦ·
1134 637 1167 711 οἱ
1192 629 1230 710 δέ
1254 633 1305 731 μὴ

85 755 206 828 τοῦτον
233 751 353 833 αὐτὸν
382 752 610 855 προσιόντες
637 752 702 833 τὸν
728 753 864 857 τρόπον
891 753 1036 839 ἑαυτοὺς
1066 755 1303 859 διαπαίζουσι,

85 870 122 949 τὸ
147 869 236 953 εἶναι
263 875 428 978 μαθηταὶ
460 875 556 957 κατὰ
584 875 756 977 ἀλήθειαν
781 881 844 959 οῦκ
872 879 1022 985 ἔχοντες,
1049 879 1107 958 διά
1133 914 1172 960 τε
1199 889 1306 960 τοῦτο

62 1000 143 1092 δαῖς
168 1001 363 1102 σωτηρίας
394 1000 680 1085 ἐκπεπτωκότες.
713 1005 769 1081 καὶ
796 1011 885 1105 γοῦν
910 1005 930 1082 ὁ
957 1003 1129 1107 μακάριος
1156 1009 1338 1087 Παῦλοςλ)

87 1125 153 1202 τοῖς
169 1123 209 1200 ἐκ
230 1125 349 1222 νόμου
370 1129 607 1205 δικαιοῦσθαι
625 1123 715 1222 μετά
733 1124 798 1224 τὴν
811 1127 937 1206 πίστιν
951 1124 1111 1226 ἀνοήτως
1128 1126 1304 1224 ε’θέλουσι,

88 1245 276 1346 διαὸῥήδην
304 1248 529 1328 ἐπιστέλλει
559 1258 582 1294 “
598 1248 856 1350 Κατηργήθητε
885 1248 958 1329 ἀπὸ
986 1258 1050 1328 τοῦ
1079 1255 1244 1351 Χριστοῦ
1272 1253 1309 1330 οἵ
1351 1281 1473 1344 (αλιι,

89 1377 107 1410 “
122 1401 213 1452 τινες
241 1374 282 1450 ἐν
313 1373 422 1479 νόμῳ
453 1375 672 1468 δικαιοῦσθε,
697 1377 760 1470 τῆς
787 1373 932 1476 χάριτας
960 1369 1183 1478 ἐξεπέσατε.”
1219 1379 1306 1452 θαυ-

89 1490 227 1584 μαστόν
255 1496 326 1574 οῦν
357 1495 436 1598 ἀρα
466 1498 526 1574 καὶ
558 1494 675 1592 τίμιον
703 1495 725 1594 ἡ
754 1495 975 1598 μονότροπος
1005 1497 1143 1593 πίστις,
1174 1499 1232 1575 καὶ
1263 1500 1305 1576 τὸ

50 1616 300 1697 κάκολουθεῖν
326 1616 522 1720 ἀραρότως
548 1616 750 1712 βούλεσθαι
777 1624 829 1725 τῷ
853 1620 1007 1725 Χριστῷ
1035 1618 1101 1703 τὰς
1127 1620 1166 1698 ἐκ
1195 1617 1306 1718 νόμου

88 1737 189 1823 σκιιὶς
214 1748 269 1826 εἰς
294 1741 368 1840 τὴν
388 1743 444 1820 ἐπ’
463 1741 562 1846 αὐτῷ
588 1738 840 1840 περιέλκοντας
866 1747 1015 1843 γνῶσιν,
1035 1746 1094 1822 καὶ
1118 1741 1164 1822 τὰ
1189 1748 1303 1845 αἰνιγ-

89 1867 261 1958 ματωδῶς
299 1865 474 1966 εἰρημένα
506 1860 598 1965 πρὸς
627 1861 693 1962 τὴν
720 1863 960 1964 πνευματικὴν
987 1867 1305 1964 μεταπλάττοντας

90 1989 291 2067 παίδευσιν.
334 1987 550 2090 κηρύττεται
569 1985 641 2088 γὰρ
667 1987 725 2066 διὰ
751 1985 860 2088 νόμου
879 1991 938 2068 καὶ
956 1995 1029 2068 τῶν
1046 1997 1245 2096 προφητῶν
1263 1988 1335 2070 τὸο

91 2109 140 2186 ἐπ’
158 2112 261 2218 αὐτῷ
282 2109 503 2213 μυστήριον.

52 2377 147 2442 ῖόΚαὶ
176 2378 351 2452 τνώσεοθε
378 2378 441 2444 τάν
468 2379 637 2462 ἀλήθειαν,
666 2381 718 2446 καί
745 2381 763 2446 ιλ
793 2381 933 2447 ἀλήθεια
964 2379 1181 2471 ἐλευθερώσει
1210 2383 1302 2458 ὑμᾶς.
1319 2393 1355 2451 32

143 2551 337 2655 Ἀμνδρῦς
369 2551 438 2652 μέν
470 2552 532 2649 ἔτι,
565 2555 624 2632 καὶ
662 2553 703 2632 οῦ
734 2553 883 2660 σφόδρα
916 2551 1092 2656 διαφανὴς
1125 2555 1145 2632 ὁ
1177 2517 1301 2654 λόγος·

93 2679 206 2755 ιῦδίυει
236 2678 274 2754 δ’
302 2678 370 2756 οὖν
395 2675 493 2774 ὅμως
521 2675 686 2780 ἀδελφὴν
713 2685 786 2761 τοῖς
812 2675 885 2780 πρὸ
913 2678 1023 2756 αὑτοῦ
1050 2675 1117 2776 τὴν
1144 2677 1304 2776 δύναμιν,

92 2803 148 2878 καὶ
186 2797 248 2878 διὰ
287 2805 366 2877 τῶν
404 2802 523 2878 αῦτῶν
559 2800 644 2898 ἡμῖν
681 2796 750 2878 εἶσι
786 2799 1027 2902 θεωρημάτων
1064 2798 1304 2903 ἑτεροτρόπως

93 2922 365 3029 ε’ξυφασμένος.
425 2923 621 3020 ἀποδημεῖν
658 2921 728 3025 γὰρ
768 2925 827 3002 καὶ
872 2922 979 3008 αὐτὸς
1021 2925 1202 3004 ἀναπείθει
1246 2929 1304 3003 καὶ

50 3047 222 3126 ῑῡλοιπὸν
247 3045 531 3126 ἀπανίστασθαι
558 3053 677 3153 φιλεῖν
699 3050 762 3144 τῆς
788 3045 878 3126 κατὰ
904 3044 1013 3144 νόμον
1037 3047 1204 3149 λατρείας
1222 3046 1304 3130 τοῦς

94 3166 194 3276 ἅπαξ
222 3167 531 3253 πεπιστευκότας·
571 3173 812 3272 παιδαγωγῶν
840 3170 877 3250 δέ
907 3167 1073 3273 ἡγεῖσθαι
1102 3170 1169 3269 τὴν
1195 3170 1337 3250 σκιάνᾱ

94 3297 139 3375 είς
169 3291 241 3392 τὴν
270 3291 329 3372 ἐπ’
360 3292 460 3399 αὐτῷ
488 3298 638 3394 γνῶσιν,
665 3295 723 3372 καὶ
757 3291 803 3370 τὰ
835 3295 872 3372 ἐν
899 3291 1024 3377 τύποις
1056 3293 1212 3401 ἀφέντας
1245 3295 1304 3372 καὶ

96 3417 323 3517 αἰνίγμασιν,
348 3416 406 3494 ἐπ’
433 3415 544 3514 αὐτὴν
572 3415 657 3495 ἰέναι
684 3422 827 3518 γοργῶς
855 3414 909 3509 τῖμ
933 3415 1100 3512 ἀλήθειαν,
1125 3416 1302 3513 τουτέστι,

96 3539 261 3640 Χριστὸν
281 3537 350 3618 τὸν
369 3543 434 3637 τῆς
456 3541 614 3636 ἀληθοῦς
638 3539 836 3641 ε’λευθερίας
861 3543 994 3642 δοτῆρα
1018 3541 1077 3618 καὶ
1103 3537 1301 3641 λυτρωτήν.

53 3697 85 3754 ²5
96 3661 260 3764 γεύσεσθε
298 3663 422 3741 τοίνυν
453 3665 547 3767 φησὶ
583 3657 636 3754 τῖμ
668 3661 823 3756 ἀληθειαν
854 3669 929 3744 τοῖς
965 3664 1060 3760 ε’μοῖς
1097 3663 1304 3760 ἐμμένοντες

96 3787 228 3888 λόγοις,
258 3785 337 3866 ἀπὸ
370 3784 408 3865 δέ
441 3793 505 3864 τοῦ
532 3791 666 3885 γνῶναι
695 3782 761 3883 τὴν
789 3783 961 3884 ἀλήθειαν
989 3783 1055 3884 τὴν
1082 3783 1166 3888 παρ’
1196 3786 1304 3883 αὐτῆς

97 3909 278 4014 ἀφέλειαν
298 3911 481 4010 εὑρήσετε.
510 3910 569 3984 καὶ
587 3907 691 4011 δέχου
708 3941 770 4006 μοι
787 3905 900 3986 πάλιν
918 3907 1078 3987 τοιοῦτόν
1096 3943 1130 3987 τι
1149 3908 1303 4009 λε’γοντα

96 4033 184 4136 πρὸς
201 4033 407 4114 Ἰουδαίους
436 4029 501 4110 τὸν
521 4028 666 4130 Κύριον·
696 4032 913 4109 ε’κπλατῦναι
935 4029 1007 4133 γάρ
1032 4027 1129 4128 οἶμαι
1154 4035 1226 4109 δεῖν
1244 4032 1302 4109 καὶ

97 4157 135 4236 τό
163 4161 202 4238 ἐν
231 4161 287 4264 τῷ
317 4153 542 4260 προκειμεῦιρ
571 4151 747 4256 θεώρημα,
776 4151 835 4232 διά
866 4151 908 4233 τὸ
940 4161 1012 4237 τοῖς
1043 4151 1302 4258 ἐντευξομένοις

53 4301 84 4356 30
97 4289 330 4362 λυσιτελοῦν·
375 4275 513 4381 πικρὰν
544 4278 582 4356 έν
612 4274 797 4383 Αίγόπτιρ,
832 4280 958 4382 φησὶν,
993 4277 1200 4374 ὑπεμείνατε
1235 4276 1331 4378 τὴνε

129 4525 151 4564 ι.
168 4509 199 4564 οὗ
342 4507 403 4562 Ba.
417 4503 474 4559 οῦδ
488 4503 558 4559 ὅλοις
571 4501 662 4557 Hom.
677 4501 728 4558 Ed.
838 4515 879 4574 ιη.
899 4502 1074 4558 δοιαλυλ).
1191 4505 1232 4558 18.
1251 4499 1303 4559 εἶσι

94 4581 210 4638 mh!
254 4571 638 4653 ιγκ.ἶσιΒ.ἶησιΗῑ.Εᾶ.
746 4588 790 4627 22.
808 4571 964 4642 ι’νΗτοῖς
977 4573 1026 4627 Ht.
1041 4572 1092 4627 Ed.

683 4672 733 4722 12
