3238 5114
340 336 403 402 ⁷02
642 337 681 402 B.
706 337 916 403 CYRILLI
945 337 1234 404 ALEXANDR.
1336 335 1421 400 xvii.
1438 352 1548 418 12,13.

339 503 568 596 &Qffltkffiv'
611 498 635 602 ἦ
663 501 735 607 γὰρ
763 501 808 584 ἀν
836 502 990 610 ῦπάρχοι
1017 505 1076 584 καί
1104 504 1321 598 ἀνυιταίτιος,
1353 498 1482 607 ψήφῳ
1508 495 1547 576 τό

340 630 440 705 νικάν
457 625 727 732 παραχωρήσας
748 633 793 734 τῇ
811 627 959 708 ἀνωθεν.
999 629 1142 731 κρίματι
1164 625 1236 730 γάρ
1254 632 1308 733 τῷ
1325 621 1436 728 παρὰ
1453 629 1547 702 Θεοῦ

340 749 393 833 τίς
421 749 702 850 ἀντιστήσεται;
734 753 810 831 νυνὶ
838 749 877 832 δὲ
905 751 1115 854 κατάκριτος
1142 748 1320 854 βδελυρός
1350 782 1393 830 τε
1424 751 1486 828 καὶ
1513 749 1548 824 ἐν

170 889 295 1006 {ffb-
341 873 535 972 ἀμείνοσιν,
573 879 603 954 εί
639 875 807 975 μηδόλως
842 874 1025 979 ἐγεννήθη.
1082 873 1141 956 διά
1176 877 1284 956 ποίαν
1316 874 1467 965 αίτίαν;
1510 870 1550 975 ἐξ

234 971 288 1019 '⁴'
341 998 476 1077 οἰκείων
503 995 575 1101 γάρ
597 1006 703 1078 τοῦτο
725 997 853 1080 παθὼν
881 998 1106 1099 θελημάτων,
1130 1001 1191 1079 καὶ
1216 1000 1281 1078 οὐκ
1309 997 1357 1104 ἐξ
1382 994 1570 1096 ἀνάγκηςδ

338 1124 403 1219 τῆς
420 1121 521 1225 παρά
539 1151 634 1206 τινος
652 1124 672 1202 ὀ
691 1122 844 1208 δείλαιος
862 1123 1101 1230 ἐξελέγχεται·
1133 1125 1153 1203 ὀ
1172 1121 1210 1203 δέ
1227 1119 1292 1202 τὸν
1310 1121 1411 1200 οὕτω
1432 1116 1547 1198 δειυόν

338 1243 533 1346 ἀγαπήσας
552 1245 714 1349 ὀλεθρον,
733 1244 858 1327 τέκνον
876 1249 1058 1332 ἀπωλείας
1075 1245 1236 1348 εὐλόγως
1253 1243 1297 1324 ἀν
1317 1239 1545 1344 ὀνομάζοιτο,

305 1367 400 1449 δότε
419 1368 463 1470 δή
481 1373 539 1449 καὶ
558 1367 848 1474 χρεωστοόμενος
865 1370 931 1470 μέν
949 1370 1089 1477 ὀλέθρῳ
1107 1373 1165 1449 καὶ
1182 1375 1319 1476 φθορᾷ,
1339 1366 1546 1471 περιμένων

337 1490 376 1572 δέ
393 1491 519 1595 ὥσπερ
537 1496 647 1573 ὠδῖνα
665 1495 724 1573 καὶ
742 1489 845 1592 οἶμον
862 1492 929 1593 τήν
947 1497 1011 1590 τῆς
1030 1493 1211 1576 ἀπωλείας
1229 1490 1378 1592 ἡμέραν.

393 1615 541 1716 Ἐπειδὴ
571 1615 609 1696 δὲ
638 1618 868 1720 προστέθεικε
894 1620 1074 1720 τοῖςπερὶ
1102 1615 1231 1698 τοῦτον
1253 1613 1380 1716 λόγοις
1405 1611 1452 1694 τό
1468 1611 1583 1696 ’Ἰιαιι

337 1740 492 1854 πληρωθῇ
513 1748 530 1838 ἡ
551 1739 686 1853 γραφή,
707 1741 821 1822 πόλιν
838 1743 949 1822 ἐκεῖνο
967 1741 1156 1847 χρησίμως
1173 1747 1248 1824 τοῖς
1274 1737 1544 1846 ἐντευξομένοις

336 1866 468 1972 φαμέν.
514 1867 556 1946 οὐ
589 1865 662 1970 γὰρ
693 1864 880 1970 ἐπειδήπερ
917 1865 1053 1968 εἴρηκεν
1083 1865 1106 1965 ή
1139 1863 1274 1970 γραφή,
1307 1861 1493 1944 διόλωλεν
1524 1865 1543 1941 ὀ

333 1989 521 2092 προδότης,
550 1992 609 2069 καὶ
642 1994 691 2074 είς
718 1997 825 2069 τοῦτο
856 1993 1023 2092 παρῆλθε
1052 1989 1292 2095 φαυλότητος,
1319 1989 1371 2072 ὦς
1402 1987 1543 2088 ὀλίγων

335 2115 514 2217 ἀργυρίων
541 2111 583 2194 τὸ
608 2115 725 2211 τίμιον
751 2111 840 2210 αἶμα
867 2111 1045 2216 προέσθαι
1063 2121 1128 2192 τοῦ
1146 2118 1326 2216 Χριστοῦ·
1358 2108 1542 2209 ἐπειδὴδὲ

333 2235 538 2318 ἀπολέσθαι
565 2235 685 2337 πάντη
709 2268 749 2317 τε
777 2239 836 2316 καὶ
862 2237 1007 2320 πάντως
1034 2236 1176 2336 ἔμελλε,
1202 2235 1262 2317 διά
1288 2233 1355 2335 τήν
1382 2235 1540 2314 ἐνοῦσαν
1553 2268 1582 2328 15

303 2362 429 2468 οαὺτῷ
456 2359 679 2465 δνστροπίαν
705 2358 889 2464 παραδοὺς
916 2359 980 2441 τόυ
1005 2359 1151 2465 Κύριον,
1180 2359 1236 2440 ότι
1262 2358 1409 2442 πάντως
1435 2358 1539 2438 ἔσται

331 2483 603 2587 προμεμήνυκεν
632 2485 654 2585 ἡ
684 2483 824 2591 γραφὴ,
858 2483 903 2584 ἣν
933 2485 998 2565 οῦκ
1026 2481 1072 2584 ἦν
1101 2482 1387 2590 διαψεύσασθαι.
1441 2487 1538 2562 Θεοῦ

332 2605 405 2710 γάρ
433 2606 544 2709 λόγος
572 2611 650 2688 ἐστὶ
672 2616 736 2688 τοῦ
764 2608 884 2689 πάυτα
912 2608 1056 2706 εἰδότος,
1074 2610 1133 2688 καὶ
1161 2609 1198 2687 ἐν
1221 2608 1292 2713 ἰδίᾳ
1321 2603 1447 2702 νοήσει
1473 2603 1537 2684 τόν

269 2733 271 2740 ’
333 2729 488 2810 ἑκάστου
506 2731 679 2838 φέροντος
697 2732 833 2835 τρόπον
849 2765 889 2812 τε
907 2734 967 2811 καὶ
988 2734 1081 2830 βίον,
1100 2734 1160 2811 καὶ
1181 2729 1249 2830 τὴν
1267 2731 1327 2810 ἀπ’
1349 2731 1466 2834 ἀρχῆς
1489 2733 1535 2811 είς

334 2851 440 2939 τέλος
473 2854 708 2962 διεξαγωγήν.
760 2859 819 2936 καὶ
856 2863 945 2959 γοῦν
978 2859 998 2936 ό
1031 2853 1195 2962 ψάλλων
1226 2854 1293 2956 τήν
1330 2860 1404 2934 τιῦν
1438 2852 1578 2932 ὀλωνιο

334 2977 472 3080 είδησιν
494 2977 561 3079 τὴν
579 3014 617 3061 τε
642 2986 716 3060 τῶν
738 2977 1007 3087 παρῳχηκότων
1025 2979 1094 3080 ἤδη
1119 2982 1178 3059 καὶ
1203 2977 1361 3080 τὴντῶν
1385 2977 1535 3058 ἔσεσθαι

166 3145 210 3194 1³2,
261 3209 276 3222 ..
335 3103 643 3208 προσδοκωμένων
661 3103 848 3202 ἀπονέμων
867 3106 975 3212 αὐτῷ,
997 3101 1088 3208 πρὸς
1107 3105 1216 3183 αὐτόν
1233 3137 1306 3183 που
1331 3103 1432 3209 φησί
1447 3113 1469 3149 “
1484 3100 1535 3180 Σῦ

167 3208 286 3340 ff.
338 3239 360 3276 “
378 3233 536 3328 συνῆκας
567 3226 705 3311 πάντας
739 3225 822 3312 τοῦς
854 3226 1116 3331 διαλογισμούς
1142 3262 1213 3326 μου
1240 3227 1313 3308 ἀπὸ
1340 3225 1532 3329 μακρόθεν,

339 3363 360 3399 “
378 3350 444 3451 τὴν
471 3352 597 3454 τρίβον
621 3386 691 3449 μου
719 3354 777 3430 καὶ
804 3350 871 3451 τὴν
895 3350 1045 3456 σχοῖνόν
1073 3385 1143 3450 μου
1165 3350 1216 3432 σῦ
1241 3351 1461 3458 ε’ξιχνίασας,
1478 3352 1533 3429 καὶ

339 3484 362 3522 “
379 3472 503 3560 πόσας
527 3473 591 3558 τάς
611 3472 715 3558 ὀδοός
741 3507 812 3574 μου
834 3476 1028 3577 προεῖδες·”
1066 3472 1186 3555 πάντα
1204 3476 1324 3554 τοίνυν
1344 3507 1531 3576 προεγνω·
1545 3505 1573 3563 25

171 3629 238 3686 976
252 3625 293 3681 Δ.
308 3641 326 3681 ι
339 3596 419 3694 κὼς,
438 3603 497 3678 καὶ
524 3601 572 3682 ὡς
600 3597 668 3698 ἤδη
695 3596 858 3699 παρόντα
881 3597 1128 3702 περιαθρήσας
1154 3597 1201 3678 τά
1225 3595 1423 3698 μέλλοντα,
1446 3596 1534 3700 πρὸς

338 3729 412 3805 τοῖς
430 3721 558 3805 ἀλλοις
576 3719 715 3802 ἀπασιν
733 3718 785 3806 οἷς
803 3719 873 3827 ἔφη
891 3724 972 3826 περὶ
987 3727 1164 3825 Χριστοῦ,
1184 3723 1205 3800 ὀ
1225 3727 1318 3806 θεῖος
1337 3721 1422 3821 ἡμῖν
1440 3755 1531 3824 προ-

337 3845 513 3946 μεμήνυκε
537 3842 658 3948 λόγος,
678 3844 732 3924 ότι
754 3848 812 3925 καὶ
837 3848 1024 3925 ἀπολεῖται
1048 3843 1204 3948 προδοῦς
1222 3847 1244 3925 ὀ
1261 3843 1478 3946 τεταγμένος
1499 3848 1533 3926 έν

336 3976 521 4071 μαθηταῖς·
557 3968 602 4070 ἦν
629 3968 667 4050 δὲ
695 3971 774 4074 οὐχὶ
802 3967 947 4054 πάντως
974 3969 1129 4068 θέλησίς
1156 4003 1194 4049 τε
1224 3973 1283 4048 καὶ
1309 3967 1533 4072 πρόσταγμα

336 4093 503 4192 Θεοῦ,τό
530 4093 728 4197 προειδέναι
756 4126 796 4172 τε
823 4095 882 4172 καὶ
910 4097 1020 4174 εἰπεῖν
1037 4091 1083 4172 τά
1106 4090 1274 4194 ἐσόμενα,
1293 4093 1379 4171 ἀλλ’
1405 4091 1487 4171 οῦδὲ
1513 4093 1568 4192 ἡμ

335 4219 533 4323 πρόῤῥησις
555 4215 802 4319 ἀναγκαστική
823 4215 915 4319 πρὸς
935 4216 1113 4319 ἐνέργειαν
1131 4225 1196 4296 τοῦ
1214 4215 1532 4320 προσημανθέντος

335 4349 455 4440 κακοῦ,
474 4343 532 4422 καὶ
559 4344 624 4442 τῆς
648 4340 738 4422 κατά
766 4347 830 4421 τοῦ
859 4343 1027 4444 Σωτῆρος
1056 4342 1262 4440 ἐπιβουλῆς,
1290 4339 1530 4444 ἀποτραττικὴ

410 4585 432 4621 1.
451 4565 466 4636 δη
481 4565 513 4623 E.
702 4581 727 4620 2.
745 4569 813 4620 θεοῦ
826 4565 859 4622 Ε.
872 4568 929 4638 Θεῷ
943 4565 995 4622 Ed.
1188 4547 1229 4620 15.
1249 4563 1349 4633 εἴρηκεν
1362 4582 1416 4622 um.
1431 4565 1464 4624 Ε.
