<?xml version="1.0" encoding="UTF-8"?>
<!DOCTYPE html PUBLIC "-//W3C//DTD XHTML 1.0 Transitional//EN"
    "http://www.w3.org/TR/xhtml1/DTD/xhtml1-transitional.dtd">
<html xmlns="http://www.w3.org/1999/xhtml" xml:lang="en" lang="en">
 <head>
  <title>
</title>
<meta http-equiv="Content-Type" content="text/html;charset=utf-8" />
  <meta name='ocr-system' content='tesseract 3.04.00' />
  <meta name='ocr-capabilities' content='ocr_page ocr_carea ocr_par ocr_line ocrx_word'/>
</head>
<body>
  <div class='ocr_page' id='page_1' title='image "./sanctipatrisnos02pusegoog_0554.png"; bbox 0 0 3248 5112; ppageno 0'>
   <div class='ocr_carea' id='block_1_1' title="bbox 300 325 1520 442">
    <p class='ocr_par' dir='ltr' id='par_1_1' title="bbox 300 325 1520 442">
     <span class='ocr_line' id='line_1_1' title="bbox 300 325 1520 442; baseline -0.007 -46"><span class='ocrx_word' id='word_1_1' title='bbox 300 334 364 398; x_wconf 84' lang='lat'>512</span> <span class='ocrx_word' id='word_1_2' title='bbox 603 331 643 396; x_wconf 92' lang='lat' dir='ltr'>B.</span> <span class='ocrx_word' id='word_1_3' title='bbox 667 329 873 396; x_wconf 86' lang='lat' dir='ltr'>CYRILLI</span> <span class='ocrx_word' id='word_1_4' title='bbox 903 329 1194 394; x_wconf 83' lang='lat' dir='ltr'><strong>ALEXANDR.</strong></span> <span class='ocrx_word' id='word_1_5' title='bbox 1373 325 1442 442; x_wconf 48' lang='grc' dir='ltr'>αἱς.</span> <span class='ocrx_word' id='word_1_6' title='bbox 1461 326 1520 390; x_wconf 86' lang='lat'>28.</span> 
     </span>
    </p>
   </div>
   <div class='ocr_carea' id='block_1_2' title="bbox 270 493 1570 2836">
    <p class='ocr_par' dir='ltr' id='par_1_2' title="bbox 270 493 1570 2836">
     <span class='ocr_line' id='line_1_2' title="bbox 300 493 1519 606; baseline -0.008 -26"><span class='ocrx_word' id='word_1_7' title='bbox 300 497 620 606; x_wconf 83' lang='grc' dir='ltr'>κατευψραίνοντος</span> <span class='ocrx_word' id='word_1_8' title='bbox 644 497 804 597; x_wconf 86' lang='grc' dir='ltr'>δύναμις.</span> <span class='ocrx_word' id='word_1_9' title='bbox 844 495 1089 599; x_wconf 79' lang='grc' dir='ltr'>συντέταγμαι</span> <span class='ocrx_word' id='word_1_10' title='bbox 1108 493 1262 597; x_wconf 78' lang='grc' dir='ltr'>μὲνγὰρ</span> <span class='ocrx_word' id='word_1_11' title='bbox 1287 496 1336 576; x_wconf 81' lang='grc' dir='ltr'>ὡς</span> <span class='ocrx_word' id='word_1_12' title='bbox 1360 495 1519 590; x_wconf 78' lang='grc' dir='ltr'>ἀναβη-</span> 
     </span>
     <span class='ocr_line' id='line_1_3' title="bbox 300 617 1520 725; baseline -0.004 -23"><span class='ocrx_word' id='word_1_13' title='bbox 300 621 455 721; x_wconf 91' lang='grc' dir='ltr'>σόμενος</span> <span class='ocrx_word' id='word_1_14' title='bbox 475 619 568 724; x_wconf 80' lang='grc' dir='ltr'>πρὸς</span> <span class='ocrx_word' id='word_1_15' title='bbox 594 617 658 702; x_wconf 80' lang='grc' dir='ltr'>τόν</span> <span class='ocrx_word' id='word_1_16' title='bbox 678 621 825 725; x_wconf 79' lang='grc' dir='ltr'>Πατέρα</span> <span class='ocrx_word' id='word_1_17' title='bbox 853 624 911 701; x_wconf 79' lang='grc' dir='ltr'>καί</span> <span class='ocrx_word' id='word_1_18' title='bbox 940 618 1046 718; x_wconf 83' lang='grc' dir='ltr'>θεὸν,</span> <span class='ocrx_word' id='word_1_19' title='bbox 1065 621 1151 700; x_wconf 86' lang='grc' dir='ltr'>ἀλλ’</span> <span class='ocrx_word' id='word_1_20' title='bbox 1173 620 1228 700; x_wconf 83' lang='grc' dir='ltr'>’ότι</span> <span class='ocrx_word' id='word_1_21' title='bbox 1253 621 1311 698; x_wconf 83' lang='grc' dir='ltr'>καὶ</span> <span class='ocrx_word' id='word_1_22' title='bbox 1336 617 1520 722; x_wconf 82' lang='grc' dir='ltr'>ἐπανήξω</span> 
     </span>
     <span class='ocr_line' id='line_1_4' title="bbox 301 741 1520 847; baseline -0.004 -20"><span class='ocrx_word' id='word_1_23' title='bbox 301 745 416 827; x_wconf 86' lang='grc' dir='ltr'>πάλιν</span> <span class='ocrx_word' id='word_1_24' title='bbox 441 744 681 846; x_wconf 84' lang='grc' dir='ltr'>ἐπήγγελμαι.</span> <span class='ocrx_word' id='word_1_25' title='bbox 724 742 924 847; x_wconf 78' lang='grc' dir='ltr'>καταραίζει</span> <span class='ocrx_word' id='word_1_26' title='bbox 951 743 1070 824; x_wconf 81' lang='grc' dir='ltr'>τοίνυν</span> <span class='ocrx_word' id='word_1_27' title='bbox 1098 741 1341 844; x_wconf 80' lang='grc' dir='ltr'>ἀκμαιοτάτην</span> <span class='ocrx_word' id='word_1_28' title='bbox 1366 745 1408 821; x_wconf 88' lang='grc' dir='ltr'>ἐν</span> <span class='ocrx_word' id='word_1_29' title='bbox 1432 747 1520 822; x_wconf 84' lang='grc' dir='ltr'>τοῖς</span> 
     </span>
     <span class='ocr_line' id='line_1_5' title="bbox 303 865 1519 972; baseline -0.002 -23"><span class='ocrx_word' id='word_1_30' title='bbox 303 875 479 970; x_wconf 75' lang='grc' dir='ltr'>μαθηταῖς</span> <span class='ocrx_word' id='word_1_31' title='bbox 503 867 570 969; x_wconf 85' lang='grc' dir='ltr'>τὴν</span> <span class='ocrx_word' id='word_1_32' title='bbox 596 867 717 969; x_wconf 84' lang='grc' dir='ltr'>λύπην</span> <span class='ocrx_word' id='word_1_33' title='bbox 739 869 863 970; x_wconf 82' lang='grc' dir='ltr'>εύροίν·</span> <span class='ocrx_word' id='word_1_34' title='bbox 894 871 953 948; x_wconf 82' lang='grc' dir='ltr'>καὶ</span> <span class='ocrx_word' id='word_1_35' title='bbox 980 866 1106 971; x_wconf 81' lang='grc' dir='ltr'>ὥσπερ</span> <span class='ocrx_word' id='word_1_36' title='bbox 1134 867 1179 948; x_wconf 88' lang='grc' dir='ltr'>ἀν</span> <span class='ocrx_word' id='word_1_37' title='bbox 1195 867 1229 947; x_wconf 85' lang='grc' dir='ltr'>εί</span> <span class='ocrx_word' id='word_1_38' title='bbox 1248 901 1302 950; x_wconf 90' lang='grc' dir='ltr'>τις</span> <span class='ocrx_word' id='word_1_39' title='bbox 1328 865 1519 972; x_wconf 74' lang='grc' dir='ltr'>φιλόπαις</span> 
     </span>
     <span class='ocr_line' id='line_1_6' title="bbox 270 987 1551 1098; baseline -0.002 -24"><span class='ocrx_word' id='word_1_40' title='bbox 270 993 417 1078; x_wconf 79' lang='grc' dir='ltr'>ᾶὸντως</span> <span class='ocrx_word' id='word_1_41' title='bbox 443 991 533 1098; x_wconf 80' lang='grc' dir='ltr'>ἀνὴρ</span> <span class='ocrx_word' id='word_1_42' title='bbox 561 995 620 1072; x_wconf 85' lang='grc' dir='ltr'>καὶ</span> <span class='ocrx_word' id='word_1_43' title='bbox 647 991 889 1094; x_wconf 83' lang='grc' dir='ltr'>ἀγαθότατος,</span> <span class='ocrx_word' id='word_1_44' title='bbox 917 997 982 1092; x_wconf 79' lang='grc' dir='ltr'>τῆς</span> <span class='ocrx_word' id='word_1_45' title='bbox 1011 991 1227 1095; x_wconf 69' lang='grc' dir='ltr'>ἐνεγκούσης</span> <span class='ocrx_word' id='word_1_46' title='bbox 1253 990 1420 1091; x_wconf 81' lang='grc' dir='ltr'>ἀπαίρειν</span> <span class='ocrx_word' id='word_1_47' title='bbox 1452 987 1522 1069; x_wconf 86' lang='grc' dir='ltr'>ἐπί</span> <span class='ocrx_word' id='word_1_48' title='bbox 1533 1011 1551 1071; x_wconf 87' lang='grc'><strong>5</strong></span> 
     </span>
     <span class='ocr_line' id='line_1_7' title="bbox 304 1111 1518 1221; baseline -0.007 -22"><span class='ocrx_word' id='word_1_49' title='bbox 304 1153 381 1199; x_wconf 87' lang='grc' dir='ltr'>τισι</span> <span class='ocrx_word' id='word_1_50' title='bbox 418 1124 492 1199; x_wconf 83' lang='grc' dir='ltr'>τῶν</span> <span class='ocrx_word' id='word_1_51' title='bbox 525 1118 730 1221; x_wconf 86' lang='grc' dir='ltr'>ἀναγκαίων</span> <span class='ocrx_word' id='word_1_52' title='bbox 761 1115 1022 1220; x_wconf 78' lang='grc' dir='ltr'>ἐκβιαζόμενος,</span> <span class='ocrx_word' id='word_1_53' title='bbox 1055 1111 1131 1195; x_wconf 79' lang='grc' dir='ltr'>εἶτα</span> <span class='ocrx_word' id='word_1_54' title='bbox 1166 1112 1264 1196; x_wconf 79' lang='grc' dir='ltr'>πολὺ</span> <span class='ocrx_word' id='word_1_55' title='bbox 1300 1119 1374 1193; x_wconf 81' lang='grc' dir='ltr'>τῶν</span> <span class='ocrx_word' id='word_1_56' title='bbox 1408 1114 1518 1192; x_wconf 79' lang='grc' dir='ltr'>ἰδίων</span> 
     </span>
     <span class='ocr_line' id='line_1_8' title="bbox 303 1239 1517 1345; baseline -0.006 -22"><span class='ocrx_word' id='word_1_57' title='bbox 303 1241 436 1323; x_wconf 86' lang='grc' dir='ltr'>τέκνων</span> <span class='ocrx_word' id='word_1_58' title='bbox 462 1239 505 1322; x_wconf 82' lang='grc' dir='ltr'>τό</span> <span class='ocrx_word' id='word_1_59' title='bbox 533 1239 688 1344; x_wconf 87' lang='grc' dir='ltr'>δάκρυον</span> <span class='ocrx_word' id='word_1_60' title='bbox 714 1241 874 1340; x_wconf 86' lang='grc' dir='ltr'>βλέπων,</span> <span class='ocrx_word' id='word_1_61' title='bbox 899 1240 966 1340; x_wconf 85' lang='grc' dir='ltr'>τὴν</span> <span class='ocrx_word' id='word_1_62' title='bbox 992 1239 1271 1345; x_wconf 83' lang='grc' dir='ltr'>τρυφεροπάτην</span> <span class='ocrx_word' id='word_1_63' title='bbox 1298 1239 1419 1317; x_wconf 81' lang='grc' dir='ltr'>αὐτῶν</span> <span class='ocrx_word' id='word_1_64' title='bbox 1450 1243 1517 1317; x_wconf 80' lang='grc' dir='ltr'>καί</span> 
     </span>
     <span class='ocr_line' id='line_1_9' title="bbox 305 1361 1516 1472; baseline -0.005 -26"><span class='ocrx_word' id='word_1_65' title='bbox 305 1368 419 1472; x_wconf 85' lang='grc' dir='ltr'>φίλην</span> <span class='ocrx_word' id='word_1_66' title='bbox 447 1367 672 1472; x_wconf 83' lang='grc' dir='ltr'>καταβρέχον</span> <span class='ocrx_word' id='word_1_67' title='bbox 699 1363 862 1468; x_wconf 80' lang='grc' dir='ltr'>παρειὰν,</span> <span class='ocrx_word' id='word_1_68' title='bbox 883 1363 942 1445; x_wconf 88' lang='grc' dir='ltr'>διά</span> <span class='ocrx_word' id='word_1_69' title='bbox 968 1361 1105 1447; x_wconf 81' lang='grc' dir='ltr'>παντὸς</span> <span class='ocrx_word' id='word_1_70' title='bbox 1131 1361 1203 1442; x_wconf 83' lang='grc' dir='ltr'>εἶσι</span> <span class='ocrx_word' id='word_1_71' title='bbox 1231 1361 1356 1464; x_wconf 87' lang='grc' dir='ltr'>λόγου,</span> <span class='ocrx_word' id='word_1_72' title='bbox 1374 1366 1435 1441; x_wconf 79' lang='grc' dir='ltr'>καί</span> <span class='ocrx_word' id='word_1_73' title='bbox 1468 1362 1516 1441; x_wconf 85' lang='grc' dir='ltr'>τό</span> 
     </span>
     <span class='ocr_line' id='line_1_10' title="bbox 305 1483 1516 1591; baseline -0.002 -21"><span class='ocrx_word' id='word_1_74' title='bbox 305 1493 344 1571; x_wconf 90' lang='grc' dir='ltr'>ἐκ</span> <span class='ocrx_word' id='word_1_75' title='bbox 379 1495 444 1591; x_wconf 82' lang='grc' dir='ltr'>τῆς</span> <span class='ocrx_word' id='word_1_76' title='bbox 480 1489 681 1590; x_wconf 88' lang='grc' dir='ltr'>ἀποδημίας</span> <span class='ocrx_word' id='word_1_77' title='bbox 716 1486 889 1587; x_wconf 84' lang='grc' dir='ltr'>ἐσόμενον</span> <span class='ocrx_word' id='word_1_78' title='bbox 920 1487 1059 1591; x_wconf 81' lang='grc' dir='ltr'>ἀγαθὸν</span> <span class='ocrx_word' id='word_1_79' title='bbox 1090 1490 1143 1567; x_wconf 82' lang='grc' dir='ltr'>ἀεὶ</span> <span class='ocrx_word' id='word_1_80' title='bbox 1173 1483 1428 1590; x_wconf 78' lang='grc' dir='ltr'>παρακομίζων</span> <span class='ocrx_word' id='word_1_81' title='bbox 1461 1490 1516 1568; x_wconf 79' lang='grc' dir='ltr'>εἰς</span> 
     </span>
     <span class='ocr_line' id='line_1_11' title="bbox 306 1609 1570 1717; baseline 0 -24"><span class='ocrx_word' id='word_1_82' title='bbox 306 1615 430 1712; x_wconf 88' lang='grc' dir='ltr'>μέσον,</span> <span class='ocrx_word' id='word_1_83' title='bbox 460 1613 666 1717; x_wconf 81' lang='grc' dir='ltr'>ἀνθοπλίζει</span> <span class='ocrx_word' id='word_1_84' title='bbox 697 1612 834 1716; x_wconf 90' lang='grc' dir='ltr'>τρόπον</span> <span class='ocrx_word' id='word_1_85' title='bbox 866 1611 946 1694; x_wconf 80' lang='grc' dir='ltr'>τινὰ</span> <span class='ocrx_word' id='word_1_86' title='bbox 974 1619 1052 1697; x_wconf 84' lang='grc' dir='ltr'>ταῖς</span> <span class='ocrx_word' id='word_1_87' title='bbox 1080 1611 1211 1695; x_wconf 80' lang='grc' dir='ltr'>λύπαις</span> <span class='ocrx_word' id='word_1_88' title='bbox 1242 1609 1309 1710; x_wconf 80' lang='grc' dir='ltr'>τὴν</span> <span class='ocrx_word' id='word_1_89' title='bbox 1341 1612 1400 1689; x_wconf 85' lang='grc' dir='ltr'>ἐπὶ</span> <span class='ocrx_word' id='word_1_90' title='bbox 1431 1617 1516 1693; x_wconf 82' lang='grc' dir='ltr'>τοῖς</span> <span class='ocrx_word' id='word_1_91' title='bbox 1533 1637 1570 1680; x_wconf 85' lang='lat'>¹⁰</span> 
     </span>
     <span class='ocr_line' id='line_1_12' title="bbox 307 1735 1514 1840; baseline -0.002 -24"><span class='ocrx_word' id='word_1_92' title='bbox 307 1737 468 1836; x_wconf 83' lang='grc' dir='ltr'>ἡδίστοις</span> <span class='ocrx_word' id='word_1_93' title='bbox 503 1739 645 1817; x_wconf 84' lang='grc' dir='ltr'>ἐλπίδα·</span> <span class='ocrx_word' id='word_1_94' title='bbox 693 1739 788 1817; x_wconf 79' lang='grc' dir='ltr'>οὕτω</span> <span class='ocrx_word' id='word_1_95' title='bbox 829 1739 889 1817; x_wconf 83' lang='grc' dir='ltr'>καὶ</span> <span class='ocrx_word' id='word_1_96' title='bbox 931 1737 951 1814; x_wconf 89' lang='grc' dir='ltr'>ό</span> <span class='ocrx_word' id='word_1_97' title='bbox 991 1735 1122 1840; x_wconf 85' lang='grc' dir='ltr'>Κύριος</span> <span class='ocrx_word' id='word_1_98' title='bbox 1163 1735 1263 1835; x_wconf 75' lang='grc' dir='ltr'>ἡμῶν</span> <span class='ocrx_word' id='word_1_99' title='bbox 1297 1737 1446 1834; x_wconf 84' lang='grc' dir='ltr'>Ἰησοῦς</span> <span class='ocrx_word' id='word_1_100' title='bbox 1493 1735 1514 1813; x_wconf 89' lang='grc' dir='ltr'>ό</span> 
     </span>
     <span class='ocr_line' id='line_1_13' title="bbox 279 1856 1511 1967; baseline -0.004 -25"><span class='ocrx_word' id='word_1_101' title='bbox 279 1858 474 1963; x_wconf 72' lang='grc' dir='ltr'>θΧριστός</span> <span class='ocrx_word' id='word_1_102' title='bbox 505 1865 569 1960; x_wconf 89' lang='grc' dir='ltr'>τῆς</span> <span class='ocrx_word' id='word_1_103' title='bbox 600 1867 674 1940; x_wconf 84' lang='grc' dir='ltr'>τῶν</span> <span class='ocrx_word' id='word_1_104' title='bbox 705 1860 819 1963; x_wconf 85' lang='grc' dir='ltr'>ἁγίων</span> <span class='ocrx_word' id='word_1_105' title='bbox 848 1864 973 1967; x_wconf 79' lang='grc' dir='ltr'>ψυχῆς</span> <span class='ocrx_word' id='word_1_106' title='bbox 1004 1860 1236 1962; x_wconf 81' lang='grc' dir='ltr'>περιστέλλει</span> <span class='ocrx_word' id='word_1_107' title='bbox 1268 1856 1335 1957; x_wconf 81' lang='grc' dir='ltr'>τὴν</span> <span class='ocrx_word' id='word_1_108' title='bbox 1367 1857 1511 1956; x_wconf 87' lang='grc' dir='ltr'>λύπην.</span> 
     </span>
     <span class='ocr_line' id='line_1_14' title="bbox 307 1981 1515 2092; baseline 0.001 -28"><span class='ocrx_word' id='word_1_109' title='bbox 307 1981 385 2092; x_wconf 79' lang='grc' dir='ltr'>ᾔδει</span> <span class='ocrx_word' id='word_1_110' title='bbox 402 1983 474 2088; x_wconf 88' lang='grc' dir='ltr'>γάρ</span> <span class='ocrx_word' id='word_1_111' title='bbox 492 1981 579 2090; x_wconf 80' lang='grc' dir='ltr'>ᾔδει,</span> <span class='ocrx_word' id='word_1_112' title='bbox 594 1981 687 2068; x_wconf 79' lang='grc' dir='ltr'>θεὸς</span> <span class='ocrx_word' id='word_1_113' title='bbox 708 1982 880 2088; x_wconf 82' lang='grc' dir='ltr'>ὑπάρχων</span> <span class='ocrx_word' id='word_1_114' title='bbox 898 1981 1078 2084; x_wconf 83' lang='grc' dir='ltr'>ἀληθινὸς,</span> <span class='ocrx_word' id='word_1_115' title='bbox 1097 1981 1368 2090; x_wconf 85' lang='grc' dir='ltr'>ψορτικωτάτην</span> <span class='ocrx_word' id='word_1_116' title='bbox 1386 1982 1515 2066; x_wconf 79' lang='grc' dir='ltr'>αὐτοῖς</span> 
     </span>
     <span class='ocr_line' id='line_1_15' title="bbox 308 2103 1513 2214; baseline -0.002 -26"><span class='ocrx_word' id='word_1_117' title='bbox 308 2110 460 2191; x_wconf 80' lang='grc' dir='ltr'>ἔσεσθαι</span> <span class='ocrx_word' id='word_1_118' title='bbox 487 2109 553 2209; x_wconf 80' lang='grc' dir='ltr'>τὴν</span> <span class='ocrx_word' id='word_1_119' title='bbox 574 2108 772 2214; x_wconf 76' lang='grc' dir='ltr'>ἀπόλειψιν</span> <span class='ocrx_word' id='word_1_120' title='bbox 796 2109 915 2206; x_wconf 81' lang='grc' dir='ltr'>αὐτοῦ,</span> <span class='ocrx_word' id='word_1_121' title='bbox 934 2109 1048 2187; x_wconf 89' lang='grc' dir='ltr'>καίτοι</span> <span class='ocrx_word' id='word_1_122' title='bbox 1073 2105 1248 2190; x_wconf 85' lang='grc' dir='ltr'>συνόντος</span> <span class='ocrx_word' id='word_1_123' title='bbox 1273 2108 1326 2185; x_wconf 83' lang='grc' dir='ltr'>ἀεὶ</span> <span class='ocrx_word' id='word_1_124' title='bbox 1354 2103 1413 2184; x_wconf 79' lang='grc' dir='ltr'>διὰ</span> <span class='ocrx_word' id='word_1_125' title='bbox 1441 2115 1513 2186; x_wconf 86' lang='grc' dir='ltr'>τοῦ</span> 
     </span>
     <span class='ocr_line' id='line_1_16' title="bbox 310 2228 1566 2335; baseline -0.009 -20"><span class='ocrx_word' id='word_1_126' title='bbox 310 2234 531 2332; x_wconf 89' lang='grc' dir='ltr'>Πνεύματος·</span> <span class='ocrx_word' id='word_1_127' title='bbox 571 2231 713 2335; x_wconf 81' lang='grc' dir='ltr'>ἀγάπης</span> <span class='ocrx_word' id='word_1_128' title='bbox 742 2228 781 2312; x_wconf 85' lang='grc' dir='ltr'>δέ</span> <span class='ocrx_word' id='word_1_129' title='bbox 803 2239 911 2312; x_wconf 87' lang='grc' dir='ltr'>τοῦτο</span> <span class='ocrx_word' id='word_1_130' title='bbox 937 2235 996 2312; x_wconf 83' lang='grc' dir='ltr'>καί</span> <span class='ocrx_word' id='word_1_131' title='bbox 1021 2230 1208 2332; x_wconf 84' lang='grc' dir='ltr'>ὁσιότητος</span> <span class='ocrx_word' id='word_1_132' title='bbox 1233 2234 1296 2329; x_wconf 76' lang='grc' dir='ltr'>τῆς</span> <span class='ocrx_word' id='word_1_133' title='bbox 1320 2233 1368 2313; x_wconf 85' lang='grc' dir='ltr'>είς</span> <span class='ocrx_word' id='word_1_134' title='bbox 1393 2228 1512 2332; x_wconf 84' lang='grc' dir='ltr'>ἀκρον</span> <span class='ocrx_word' id='word_1_135' title='bbox 1530 2259 1566 2318; x_wconf 88' lang='lat'>15</span> 
     </span>
     <span class='ocr_line' id='line_1_17' title="bbox 308 2354 1513 2465; baseline -0.004 -28"><span class='ocrx_word' id='word_1_136' title='bbox 308 2356 501 2465; x_wconf 80' lang='grc' dir='ltr'>ἀπόδειξις.</span> <span class='ocrx_word' id='word_1_137' title='bbox 540 2355 583 2438; x_wconf 83' lang='grc' dir='ltr'>τὸ</span> <span class='ocrx_word' id='word_1_138' title='bbox 603 2355 673 2459; x_wconf 86' lang='grc' dir='ltr'>γάρ</span> <span class='ocrx_word' id='word_1_139' title='bbox 692 2363 851 2436; x_wconf 87' lang='grc' dir='ltr'>συνεῖναι</span> <span class='ocrx_word' id='word_1_140' title='bbox 867 2356 1069 2449; x_wconf 82' lang='grc' dir='ltr'>βούλεσθαι</span> <span class='ocrx_word' id='word_1_141' title='bbox 1086 2360 1138 2462; x_wconf 74' lang='grc' dir='ltr'>τῷ</span> <span class='ocrx_word' id='word_1_142' title='bbox 1156 2357 1324 2461; x_wconf 75' lang='grc' dir='ltr'>Χριστῷ,</span> <span class='ocrx_word' id='word_1_143' title='bbox 1344 2359 1425 2437; x_wconf 85' lang='grc' dir='ltr'>πῶς</span> <span class='ocrx_word' id='word_1_144' title='bbox 1443 2354 1513 2433; x_wconf 89' lang='grc' dir='ltr'>ούκ</span> 
     </span>
     <span class='ocr_line' id='line_1_18' title="bbox 309 2475 1513 2582; baseline -0.002 -21"><span class='ocrx_word' id='word_1_145' title='bbox 309 2485 455 2581; x_wconf 81' lang='grc' dir='ltr'>ἀληθῶς</span> <span class='ocrx_word' id='word_1_146' title='bbox 480 2487 554 2565; x_wconf 88' lang='grc' dir='ltr'>τοῖς</span> <span class='ocrx_word' id='word_1_147' title='bbox 579 2481 692 2582; x_wconf 86' lang='grc' dir='ltr'>ἁγίοις</span> <span class='ocrx_word' id='word_1_148' title='bbox 718 2479 1045 2581; x_wconf 86' lang='grc' dir='ltr'>πρεπωδέστατον;</span> <span class='ocrx_word' id='word_1_149' title='bbox 1077 2487 1134 2558; x_wconf 80' lang='grc' dir='ltr'>καί</span> <span class='ocrx_word' id='word_1_150' title='bbox 1159 2487 1248 2579; x_wconf 82' lang='grc' dir='ltr'>γοῦν</span> <span class='ocrx_word' id='word_1_151' title='bbox 1266 2479 1287 2558; x_wconf 87' lang='grc' dir='ltr'><strong>ὁ</strong></span> <span class='ocrx_word' id='word_1_152' title='bbox 1306 2475 1513 2575; x_wconf 81' lang='grc' dir='ltr'>θαυμάσιος</span> 
     </span>
     <span class='ocr_line' id='line_1_19' title="bbox 312 2598 1513 2709; baseline -0.006 -24"><span class='ocrx_word' id='word_1_153' title='bbox 312 2610 462 2688; x_wconf 85' lang='grc' dir='ltr'>Παῦλος</span> <span class='ocrx_word' id='word_1_154' title='bbox 488 2611 615 2682; x_wconf 84' lang='grc' dir='ltr'>τοῦτον</span> <span class='ocrx_word' id='word_1_155' title='bbox 642 2602 735 2706; x_wconf 86' lang='grc' dir='ltr'>έχων</span> <span class='ocrx_word' id='word_1_156' title='bbox 762 2605 800 2682; x_wconf 90' lang='grc' dir='ltr'>ἐν</span> <span class='ocrx_word' id='word_1_157' title='bbox 828 2606 941 2709; x_wconf 78' lang='grc' dir='ltr'>ἑαυτῷ</span> <span class='ocrx_word' id='word_1_158' title='bbox 969 2601 1033 2683; x_wconf 81' lang='grc' dir='ltr'>τόν</span> <span class='ocrx_word' id='word_1_159' title='bbox 1059 2599 1200 2683; x_wconf 87' lang='grc' dir='ltr'>σκοπόν</span> <span class='ocrx_word' id='word_1_160' title='bbox 1221 2607 1409 2704; x_wconf 85' lang='grc' dir='ltr'>Κρεῖσσον</span> <span class='ocrx_word' id='word_1_161' title='bbox 1437 2598 1513 2704; x_wconf 84' lang='grc' dir='ltr'>γάρ</span> 
     </span>
     <span class='ocr_line' id='line_1_20' title="bbox 288 2723 1197 2836; baseline -0.007 -26"><span class='ocrx_word' id='word_1_162' title='bbox 288 2733 423 2836; x_wconf 85' lang='grc' dir='ltr'>.ψησι,</span> <span class='ocrx_word' id='word_1_163' title='bbox 445 2737 466 2775; x_wconf 88' lang='grc'><strong>“</strong></span> <span class='ocrx_word' id='word_1_164' title='bbox 477 2724 519 2806; x_wconf 79' lang='grc' dir='ltr'>τὸ</span> <span class='ocrx_word' id='word_1_165' title='bbox 538 2728 720 2806; x_wconf 83' lang='grc' dir='ltr'>ἀναλῦσαι</span> <span class='ocrx_word' id='word_1_166' title='bbox 739 2729 797 2806; x_wconf 81' lang='grc' dir='ltr'>καί</span> <span class='ocrx_word' id='word_1_167' title='bbox 814 2726 886 2806; x_wconf 80' lang='grc' dir='ltr'>σὺν</span> <span class='ocrx_word' id='word_1_168' title='bbox 905 2732 1058 2834; x_wconf 79' lang='grc' dir='ltr'>Χριστῷ</span> <span class='ocrx_word' id='word_1_169' title='bbox 1076 2723 1197 2807; x_wconf 83' lang='grc' dir='ltr'>εἷναι.”</span> 
     </span>
    </p>
   </div>
   <div class='ocr_carea' id='block_1_3' title="bbox 314 2961 1514 3106">
    <p class='ocr_par' dir='ltr' id='par_1_3' title="bbox 314 2961 1514 3106">
     <span class='ocr_line' id='line_1_21' title="bbox 348 2961 1514 3035; baseline 0.003 -19"><span class='ocrx_word' id='word_1_170' title='bbox 348 2976 373 3033; x_wconf 90' lang='lat'>5.</span> <span class='ocrx_word' id='word_1_171' title='bbox 391 2962 550 3034; x_wconf 84' lang='grc' dir='ltr'>ἀγοθότατος</span> <span class='ocrx_word' id='word_1_172' title='bbox 563 2961 595 3018; x_wconf 87' lang='grc' dir='ltr'>Ε.</span> <span class='ocrx_word' id='word_1_173' title='bbox 704 2979 745 3018; x_wconf 84' lang='lat'>12.</span> <span class='ocrx_word' id='word_1_174' title='bbox 763 2964 859 3035; x_wconf 80' lang='grc' dir='ltr'>ψυχῶν</span> <span class='ocrx_word' id='word_1_175' title='bbox 871 2963 903 3018; x_wconf 85' lang='grc' dir='ltr'>Ε.</span> <span class='ocrx_word' id='word_1_176' title='bbox 1008 2982 1048 3030; x_wconf 86' lang='lat'>14.</span> <span class='ocrx_word' id='word_1_177' title='bbox 1067 2963 1211 3035; x_wconf 76' lang='grc' dir='ltr'>ἀπόλειψιν</span> <span class='ocrx_word' id='word_1_178' title='bbox 1224 2963 1256 3019; x_wconf 82' lang='grc' dir='ltr'>Ε.</span> <span class='ocrx_word' id='word_1_179' title='bbox 1269 2971 1296 3018; x_wconf 76' lang='lat' dir='ltr'>et</span> <span class='ocrx_word' id='word_1_180' title='bbox 1307 2962 1345 3017; x_wconf 78' lang='lat' dir='ltr'>ita</span> <span class='ocrx_word' id='word_1_181' title='bbox 1356 2961 1514 3020; x_wconf 75' lang='lat' dir='ltr'>emendavit</span> 
     </span>
     <span class='ocr_line' id='line_1_22' title="bbox 314 3033 1108 3106; baseline 0.001 -18"><span class='ocrx_word' id='word_1_182' title='bbox 314 3033 415 3105; x_wconf 80' lang='lat' dir='ltr'><strong>Migne.</strong></span> <span class='ocrx_word' id='word_1_183' title='bbox 427 3034 595 3105; x_wconf 83' lang='grc' dir='ltr'>ἀποκάλυψιν</span> <span class='ocrx_word' id='word_1_184' title='bbox 608 3033 660 3089; x_wconf 87' lang='lat' dir='ltr'>Ed.</span> <span class='ocrx_word' id='word_1_185' title='bbox 769 3048 810 3105; x_wconf 84' lang='lat'>15.</span> <span class='ocrx_word' id='word_1_186' title='bbox 828 3034 907 3105; x_wconf 76' lang='grc' dir='ltr'>ἀκρον</span> <span class='ocrx_word' id='word_1_187' title='bbox 919 3033 952 3090; x_wconf 90' lang='grc' dir='ltr'>Ε.</span> <span class='ocrx_word' id='word_1_188' title='bbox 964 3033 1044 3106; x_wconf 81' lang='grc' dir='ltr'>ἀκρον</span> <span class='ocrx_word' id='word_1_189' title='bbox 1057 3033 1108 3090; x_wconf 81' lang='lat' dir='ltr'>Ed.</span> 
     </span>
    </p>
   </div>
   <div class='ocr_carea' id='block_1_4' title="bbox 0 0 1628 5112">
    <p class='ocr_par' dir='ltr' id='par_1_4' title="bbox 0 0 1628 5112">
     <span class='ocr_line' id='line_1_23' title="bbox 0 0 1628 5112; baseline 0 0"><span class='ocrx_word' id='word_1_190' title='bbox 0 0 1628 5112; x_wconf 95' lang='lat' dir='ltr'> </span> 
     </span>
    </p>
   </div>
  </div>
 </body>
</html>
