3082 5112
76 253 266 337 αιιμι.
362 257 419 322 τοι
449 257 484 323 s.
508 259 765 325 ιοΑΝΝΕΜ.
798 243 909 326 'Lm
932 261 994 326 1x.
1211 261 1275 326 οια

75 419 105 497 ἰέ
136 427 294 520 μᾶλλον
333 425 456 504 ἐλθεῖν
490 430 540 510 εἰς
576 423 640 506 τὸν
675 423 893 531 τριπόθητον
929 423 1053 530 καιρὸν
1084 429 1148 526 τῆς
1184 427 1277 506 οὕτω

75 553 240 648 λυπρᾶς
269 549 430 650 ἕῠνῦς;
1261 647 1263 656 ,

120 671 203 749 Ούκ
233 669 353 750 εἰδότι
381 678 642 780 τοιγαροῦντῷ
666 672 893 782 σατανᾷ,ότι
919 677 985 774 τῆς
1013 673 1139 754 ἑαυτοῦ
1166 700 1308 753 κατα-υ

76 793 312 894 στρατεύεται
345 799 521 902 κεφαλῆς,
550 795 776 898 όγνοήσαντί
803 831 843 878 τε
874 803 1073 894 παντελῶς,
1103 795 1158 877 ότι
1188 793 1280 876 κατὰ

58 925 228 1016 ᾶκρημνοῦ
264 916 401 1024 τρέχει,
429 917 494 999 τὸν
521 921 579 1000 ἐπὶ
611 928 676 1000 τοῦ
708 928 868 1024 σταυροῦ
900 919 1078 1028 διατήξας
1110 917 1279 1012 θάνατον,

78 1039 232 1144 ἔφασκεν
252 1043 276 1122 ὁ
298 1041 431 1146 Σωτήρ
441 1039 492 1123 ’Ὁ
512 1047 619 1130 ποιεῖς
637 1045 770 1140 ποίησον
789 1041 917 1144 τιίχιιι·
955 1046 1186 1128 ἀπειλοῦντος
1209 1041 1282 1146 γὰρ

79 1171 218 1262 μᾶλλον
236 1163 264 1266 ἢ
288 1160 557 1270 προτρέποντος
575 1168 595 1246 ὁ
614 1165 726 1270 λόγος
744 1169 859 1248 ἐστίν.
899 1165 1025 1272 ῶσπερ
1047 1165 1119 1270 γὰρ
1144 1168 1282 1250 νεανίας

80 1288 141 1390 τρὸ
173 1290 277 1390 ἥβης
307 1293 369 1370 καί
395 1288 507 1374 καλῶς
539 1293 598 1371 καὶ
625 1297 849 1397 σφριγῶσαν
875 1291 968 1396 ἔχων
994 1293 1032 1371 ἐν
1059 1296 1111 1398 τῷ
1138 1289 1282 1390 στόματι

82 1413 235 1511 δύναμιν,
267 1415 342 1520 ὁρᾷ
370 1412 437 1512 μέν
464 1414 520 1520 ἐφ’
549 1414 662 1522 ἐαυτῷ
682 1406 863 1518 ’δρομαῖον
894 1413 993 1496 ἰόντα
1024 1414 1114 1514 τινιί,
1143 1413 1221 1522 ὀξεῖ
1244 1411 1282 1494 δέ

52 1536 212 1616 ιετελέιιει
249 1535 323 1636 τὴν
356 1533 478 1643 δεξιῶν
510 1535 722 1642 ἐναρμόσας,
755 1541 815 1618 καὶ
847 1537 947 1624 εἰδῶς
984 1537 1040 1618 ότι
1076 1535 1283 1644 τεθιήξεται

82 1659 217 1745 τόντως
244 1659 381 1758 ἐλθῶν,
400 1659 666 1768 ἀναφθέγγοιτο
690 1659 802 1766 τυχόν
817 1657 873 1742 Ὃ
891 1668 1002 1746 ποιεῖς
1026 1663 1118 1742 ποίει
1142 1661 1318 1766 τάχιονᾶ

83 1784 156 1890 όψει
192 1782 275 1887 γὰρ
315 1789 381 1884 τῆς
417 1785 502 1884 ἐμῆς
538 1784 658 1892 δεξιᾶς
693 1783 760 1886 τὴν
790 1785 952 1885 δύναμιν·
996 1789 1055 1866 καί
1091 1787 1133 1866 ού
1169 1783 1285 1887 δήπου

82 1907 244 1987 τεθνάναι
282 1905 553 2010 σπουδάζοντος
589 1910 663 2012 ἐρεῖ
693 1943 747 1994 τις
784 1908 827 2014 τό
864 1913 972 2014 ῥῆμα,
1005 1908 1211 2012 προειδότος
1247 1907 1285 1989 δέ

80 2037 222 2126 μᾶλλον
257 2031 318 2112 ὅτι
351 2029 490 2131 νικήσει
521 2033 580 2111 καί
615 2031 800 2134 περιέποι
836 2040 901 2113 τοῦ
937 2039 1068 2112 κακοῦν
1099 2028 1285 2116 ἐθέλοντος

49 2155 194 2240 ιΞαύτόν·
238 2157 359 2240 οὕτως
385 2156 407 2234 ὁ
437 2153 569 2259 Κύριος
595 2155 697 2254 ἡμῶν
715 2155 859 2256 Ἰησοῦς
887 2157 907 2235 ὁ
936 2152 1109 2260 Χριστὸς,
1127 2155 1285 2263 ὀξυτέρῳ

82 2277 213 2378 τρόπον
240 2277 327 2359 τινὰ
352 2280 551 2382 κεχρῆσθαι
577 2277 712 2358 κελεύει
740 2277 862 2388 δρόμιρ
889 2276 953 2358 τὸν
977 2283 1140 2358 σατανᾶν
1164 2283 1212 2362 εἰς
1239 2276 1285 2358 τιί

81 2405 126 2480 ἐπ’
144 2405 250 2512 αύτῷ
270 2401 502 2502 τολμήματα.
543 2401 650 2508 δείξει
668 2399 740 2505 γὰρ
756 2404 825 2504 ἤδη
843 2401 1006 2484 πεσόντα
1023 2408 1204 2506 γελᾶσθαι
1222 2402 1286 2484 τὸν

82 2527 281 2630 α’λιτήριον,
313 2524 504 2629 ἐλευθέραν
538 2559 577 2606 τε
613 2523 680 2626 τὴν
713 2525 920 2626 οἰκουμένην
953 2529 1038 2606 ἰδεῖν
1069 2535 1133 2608 τοῦ
1170 2525 1314 2608 πόλαιο

82 2650 336 2752 κρατήσαντος
361 2651 400 2728 ἐκ
423 2648 632 2756 πλεονεξίας
657 2651 716 2729 καὶ
740 2647 969 2750 νενικηκότος,
989 2653 1037 2735 ὡς
1062 2651 1107 2758 ἐξ
1128 2649 1283 2751 ἀπάτης,

50 2777 124 2858 υῦς
150 2779 214 2854 καί
244 2777 313 2872 τῆς
341 2778 389 2856 εἰς
413 2770 509 2852 Θεὸν
529 2775 740 2870 ἀποστῆσαι
764 2774 932 2858 πίστεως.
970 2775 1144 2876 ἀγνοοῦσι
1172 2772 1287 2875 γεμὴν

82 2901 110 2977 οἰ
135 2901 306 2998 μαθηταὶ
333 2903 397 2975 τοῦ
424 2892 539 2998 λόγου
565 2893 632 2995 τήν
659 2894 818 2994 δύναμιν,
840 2902 1080 2996 οἰκονομικῶς,
1101 2899 1150 2981 ὡς
1177 2895 1283 2994 εἰκὸς,

82 3023 140 3100 σῦκ
158 3017 476 3125 ἀποκαλύψαντος
501 3020 619 3103 αὐτοῖς
643 3027 707 3099 τοῦ
726 3025 901 3124 Χριστοῦ,
920 3022 994 3100 ἐπεὶ
1019 3021 1077 3099 καί
1102 3021 1140 3098 ἐν
1158 3017 1288 3120 ἐτέροις

83 3147 253 3248 φαίνεται
285 3140 541 3246 προδιδάσκων
568 3141 645 3242 μέν,
675 3141 730 3222 ότι
763 3142 1055 3247 παραδοθήσεται
1085 3147 1134 3226 εἰς
1167 3147 1288 3245 χεῖρας
1331 3155 1456 3236 mab·

1331 3223 1392 3272 mi.
1408 3236 1447 3284 n,

84 3269 327 3372 ἁμαρτωλῶν,
357 3267 415 3346 καὶ
446 3264 501 3346 ότι
532 3265 840 3370 σταυρωθήσεται,
870 3270 929 3347 καὶ
957 3263 1285 3366 ἀποκτανθήσεται,
1334 3302 1442 3419 ῗὲιιέι.

1278 3387 1288 3416 ,
1366 3389 1373 3412 ,
1417 3387 1424 3400 .

47 3399 140 3475 mai
170 3389 426 3490 ἀναστήσεται
456 3393 502 3494 τῇ
533 3387 645 3496 ήμέρρ
677 3395 723 3496 τῇ
754 3391 871 3497 τρίτῃ·
922 3389 1221 3494 παρεγγυῶμενος
1251 3391 1288 3468 δε
1333 3417 1429 3496 μοι.

85 3519 210 3616 μηδενὶ
239 3513 285 3594 τὸ
310 3511 484 3617 παράπαν
504 3520 651 3593 τοιαῦτα
678 3520 818 3594 λαλεῖν.
858 3511 996 3599 σκοπὸς
1023 3513 1097 3619 γὰρ
1124 3513 1169 3616 ἦν
1194 3514 1290 3621 αὐτῷ
1334 3499 1368 3532 ¹²
1382 3496 1423 3532 π’

86 3646 215 3720 λαθεῖν
243 3634 310 3717 τὸν
336 3637 496 3742 ἄρχοντα
521 3643 585 3716 τοῦ
613 3641 741 3722 αἰῶνας
767 3635 908 3737 τούτου,
934 3637 987 3722 τίς
1018 3639 1165 3740 ἀληθῶς
1199 3633 1319 3718 κατῶι
1340 3655 1405 3712 '142
1415 3653 1456 3708 A.

88 3763 205 3870 φύσιν
242 3761 355 3858 ἐστὶν,
390 3760 450 3840 ῖνα
486 3761 544 3840 καὶ
579 3759 697 3841 ἐλθὼν
732 3767 938 3868 σταυρωθῇ,
975 3765 1034 3842 καὶ
1070 3763 1291 3864 σταυρωθείς

87 3886 201 3992 ιίνέλη
228 3881 296 3965 τὸν
322 3883 488 3982 θάνατον,
515 3885 574 3963 καί
600 3890 674 3968 τοῖς
704 3889 753 3969 εἰς
782 3884 891 3965 αὐτὸν
919 3883 1133 3966 πιστεύουσι
1163 3915 1291 3984 κατορ-

49 4011 194 4116 υθῶοῃ
225 4005 296 4108 τήν
328 4007 525 4112 σωτηρίαν.
574 4007 812 4112 κατακρύπτει
843 4015 1034 4110 τοιγαροῦν
1064 4011 1291 4104 οἰκονομικῶς

89 4132 132 4214 τιί
162 4139 329 4214 πλεῖστα
363 4137 437 4212 τῶν
469 4131 686 4234 λεγομένων·
735 4130 855 4212 πάντα
887 4127 959 4234 γὰρ
991 4125 1085 4210 οἰδεν
1116 4131 1164 4212 ῶς
1197 4123 1291 4210 θεὸς

91 4255 132 4338 τιί
159 4255 410 4364 συμφόροντα.

157 4505 185 4564 5.
204 4485 350 4557 διατήξας
363 4485 396 4541 Ε.
562 4487 589 4541 8.
607 4484 723 4557 προήβηε
736 4482 769 4539 Ε.
936 4499 962 4552 9.
981 4481 1028 4551 δρᾷ
1042 4477 1075 4536 Ε.
1088 4479 1155 4552 δρῦν
1167 4476 1219 4534 Ed.
1280 4541 1282 4544 ¹
