<?xml version="1.0" encoding="UTF-8"?>
<!DOCTYPE html PUBLIC "-//W3C//DTD XHTML 1.0 Transitional//EN"
    "http://www.w3.org/TR/xhtml1/DTD/xhtml1-transitional.dtd">
<html xmlns="http://www.w3.org/1999/xhtml" xml:lang="en" lang="en">
 <head>
  <title>
</title>
<meta http-equiv="Content-Type" content="text/html;charset=utf-8" />
  <meta name='ocr-system' content='tesseract 3.04.00' />
  <meta name='ocr-capabilities' content='ocr_page ocr_carea ocr_par ocr_line ocrx_word'/>
</head>
<body>
  <div class='ocr_page' id='page_1' title='image "./sanctipatrisnos02pusegoog_0674.png"; bbox 0 0 3274 5118; ppageno 0'>
   <div class='ocr_carea' id='block_1_1' title="bbox 325 293 1533 375">
    <p class='ocr_par' dir='ltr' id='par_1_1' title="bbox 325 293 1533 375">
     <span class='ocr_line' id='line_1_1' title="bbox 325 293 1533 375; baseline 0.011 -13"><span class='ocrx_word' id='word_1_1' title='bbox 325 299 390 363; x_wconf 83' lang='grc'>636</span> <span class='ocrx_word' id='word_1_2' title='bbox 629 303 668 368; x_wconf 91' lang='grc' dir='ltr'>Β.</span> <span class='ocrx_word' id='word_1_3' title='bbox 691 302 897 369; x_wconf 85' lang='lat' dir='ltr'>CYRILLI</span> <span class='ocrx_word' id='word_1_4' title='bbox 927 303 1215 368; x_wconf 83' lang='lat' dir='ltr'>ALEXANDR.</span> <span class='ocrx_word' id='word_1_5' title='bbox 1401 293 1475 362; x_wconf 84' lang='lat' dir='ltr'>xvi.</span> <span class='ocrx_word' id='word_1_6' title='bbox 1490 315 1533 375; x_wconf 71' lang='lat'>14</span> 
     </span>
    </p>
   </div>
   <div class='ocr_carea' id='block_1_2' title="bbox 285 467 1580 2182">
    <p class='ocr_par' dir='ltr' id='par_1_2' title="bbox 322 467 1536 944">
     <span class='ocr_line' id='line_1_2' title="bbox 324 467 1535 578; baseline 0 -30"><span class='ocrx_word' id='word_1_7' title='bbox 324 475 511 554; x_wconf 76' lang='grc' dir='ltr'>παντελῶς</span> <span class='ocrx_word' id='word_1_8' title='bbox 548 472 607 550; x_wconf 86' lang='grc' dir='ltr'>καὶ</span> <span class='ocrx_word' id='word_1_9' title='bbox 636 473 816 574; x_wconf 75' lang='grc' dir='ltr'>λοιδορίας</span> <span class='ocrx_word' id='word_1_10' title='bbox 845 469 992 571; x_wconf 82' lang='grc' dir='ltr'>ἁπάσης</span> <span class='ocrx_word' id='word_1_11' title='bbox 1021 471 1092 578; x_wconf 78' lang='grc' dir='ltr'>ἔξω</span> <span class='ocrx_word' id='word_1_12' title='bbox 1124 471 1294 560; x_wconf 84' lang='grc' dir='ltr'>κείσεται,</span> <span class='ocrx_word' id='word_1_13' title='bbox 1325 467 1372 549; x_wconf 86' lang='grc' dir='ltr'>τὸ</span> <span class='ocrx_word' id='word_1_14' title='bbox 1404 470 1535 560; x_wconf 74' lang='grc' dir='ltr'>λαβεῖν</span> 
     </span>
     <span class='ocr_line' id='line_1_3' title="bbox 323 591 1533 698; baseline -0.002 -28"><span class='ocrx_word' id='word_1_15' title='bbox 323 591 500 694; x_wconf 77' lang='grc' dir='ltr'>λέγεσθαί</span> <span class='ocrx_word' id='word_1_16' title='bbox 533 627 567 674; x_wconf 89' lang='grc' dir='ltr'>τι</span> <span class='ocrx_word' id='word_1_17' title='bbox 609 594 709 697; x_wconf 82' lang='grc' dir='ltr'>παρὰ</span> <span class='ocrx_word' id='word_1_18' title='bbox 752 603 816 675; x_wconf 89' lang='grc' dir='ltr'>τοῦ</span> <span class='ocrx_word' id='word_1_19' title='bbox 859 600 1089 698; x_wconf 90' lang='grc' dir='ltr'>Μονογενοῦς</span> <span class='ocrx_word' id='word_1_20' title='bbox 1128 594 1170 674; x_wconf 83' lang='grc' dir='ltr'>τὸ</span> <span class='ocrx_word' id='word_1_21' title='bbox 1208 599 1366 692; x_wconf 81' lang='grc' dir='ltr'>Πνεῦμα</span> <span class='ocrx_word' id='word_1_22' title='bbox 1412 593 1533 670; x_wconf 80' lang='grc' dir='ltr'>αὑτοῦ.</span> 
     </span>
     <span class='ocr_line' id='line_1_4' title="bbox 322 713 1535 824; baseline -0.002 -28"><span class='ocrx_word' id='word_1_23' title='bbox 322 714 449 818; x_wconf 81' lang='grc' dir='ltr'>προϊὸν</span> <span class='ocrx_word' id='word_1_24' title='bbox 467 715 540 820; x_wconf 82' lang='grc' dir='ltr'>γὰρ</span> <span class='ocrx_word' id='word_1_25' title='bbox 563 715 607 798; x_wconf 89' lang='grc' dir='ltr'>δι’</span> <span class='ocrx_word' id='word_1_26' title='bbox 627 718 736 798; x_wconf 82' lang='grc' dir='ltr'>αὐτοῦ</span> <span class='ocrx_word' id='word_1_27' title='bbox 757 723 932 824; x_wconf 77' lang='grc' dir='ltr'>φυσικῶς,</span> <span class='ocrx_word' id='word_1_28' title='bbox 951 721 1000 802; x_wconf 86' lang='grc' dir='ltr'>ὡς</span> <span class='ocrx_word' id='word_1_29' title='bbox 1022 717 1110 798; x_wconf 80' lang='grc' dir='ltr'>ἴδιον</span> <span class='ocrx_word' id='word_1_30' title='bbox 1128 719 1248 815; x_wconf 83' lang='grc' dir='ltr'>αὐτοῦ,</span> <span class='ocrx_word' id='word_1_31' title='bbox 1266 715 1364 818; x_wconf 82' lang='grc' dir='ltr'>μετὰ</span> <span class='ocrx_word' id='word_1_32' title='bbox 1382 713 1535 796; x_wconf 65' lang='grc' dir='ltr'>πάντων</span> 
     </span>
     <span class='ocr_line' id='line_1_5' title="bbox 323 835 1536 944; baseline 0.001 -26"><span class='ocrx_word' id='word_1_33' title='bbox 323 835 372 919; x_wconf 84' lang='grc' dir='ltr'>ὦν</span> <span class='ocrx_word' id='word_1_34' title='bbox 390 837 460 944; x_wconf 79' lang='grc' dir='ltr'>ἔχει</span> <span class='ocrx_word' id='word_1_35' title='bbox 484 841 636 940; x_wconf 83' lang='grc' dir='ltr'>τελείως,</span> <span class='ocrx_word' id='word_1_36' title='bbox 655 841 856 940; x_wconf 80' lang='grc' dir='ltr'>λαμβάνειν</span> <span class='ocrx_word' id='word_1_37' title='bbox 874 843 1017 944; x_wconf 78' lang='grc' dir='ltr'>λέγεται</span> <span class='ocrx_word' id='word_1_38' title='bbox 1044 840 1091 922; x_wconf 79' lang='grc' dir='ltr'>τὰ</span> <span class='ocrx_word' id='word_1_39' title='bbox 1120 843 1241 922; x_wconf 84' lang='grc' dir='ltr'>αὐτοῦ.</span> <span class='ocrx_word' id='word_1_40' title='bbox 1281 845 1313 920; x_wconf 85' lang='grc' dir='ltr'>εί</span> <span class='ocrx_word' id='word_1_41' title='bbox 1343 839 1386 920; x_wconf 79' lang='grc' dir='ltr'>δὲ</span> <span class='ocrx_word' id='word_1_42' title='bbox 1413 873 1536 944; x_wconf 82' lang='grc' dir='ltr'>παχυ-</span> 
     </span>
    </p>

    <p class='ocr_par' dir='ltr' id='par_1_3' title="bbox 293 962 1580 2061">
     <span class='ocr_line' id='line_1_6' title="bbox 293 962 1559 1074; baseline 0.009 -36"><span class='ocrx_word' id='word_1_43' title='bbox 293 963 439 1066; x_wconf 70' lang='grc' dir='ltr'>οτίροις</span> <span class='ocrx_word' id='word_1_44' title='bbox 464 962 507 1045; x_wconf 82' lang='grc' dir='ltr'>τὸ</span> <span class='ocrx_word' id='word_1_45' title='bbox 531 973 692 1045; x_wconf 89' lang='grc' dir='ltr'>τοιοῦτον</span> <span class='ocrx_word' id='word_1_46' title='bbox 707 963 892 1066; x_wconf 75' lang='grc' dir='ltr'>ἐσημάνθη</span> <span class='ocrx_word' id='word_1_47' title='bbox 911 973 1057 1074; x_wconf 81' lang='grc' dir='ltr'>φωναῖς,</span> <span class='ocrx_word' id='word_1_48' title='bbox 1076 964 1226 1072; x_wconf 73' lang='grc' dir='ltr'>ἀφέντες</span> <span class='ocrx_word' id='word_1_49' title='bbox 1251 963 1295 1046; x_wconf 86' lang='grc' dir='ltr'>τὸ</span> <span class='ocrx_word' id='word_1_50' title='bbox 1324 965 1559 1049; x_wconf 59' lang='lat' dir='ltr'><strong>unffi-⁵</strong></span> 
     </span>
     <span class='ocr_line' id='line_1_7' title="bbox 322 1085 1536 1193; baseline -0.002 -25"><span class='ocrx_word' id='word_1_51' title='bbox 322 1087 456 1193; x_wconf 78' lang='grc' dir='ltr'>ζεσθαι,</span> <span class='ocrx_word' id='word_1_52' title='bbox 484 1090 626 1174; x_wconf 82' lang='grc' dir='ltr'>δικαίως</span> <span class='ocrx_word' id='word_1_53' title='bbox 653 1085 697 1170; x_wconf 79' lang='grc' dir='ltr'>ἂν</span> <span class='ocrx_word' id='word_1_54' title='bbox 724 1095 870 1190; x_wconf 81' lang='grc' dir='ltr'>μᾶλλον</span> <span class='ocrx_word' id='word_1_55' title='bbox 896 1093 960 1189; x_wconf 82' lang='grc' dir='ltr'>τῆς</span> <span class='ocrx_word' id='word_1_56' title='bbox 986 1089 1121 1170; x_wconf 71' lang='grc' dir='ltr'>εἀντιῦν</span> <span class='ocrx_word' id='word_1_57' title='bbox 1149 1087 1316 1192; x_wconf 77' lang='grc' dir='ltr'>γλώττης</span> <span class='ocrx_word' id='word_1_58' title='bbox 1346 1087 1536 1168; x_wconf 79' lang='grc' dir='ltr'>αἰτιασαί-</span> 
     </span>
     <span class='ocr_line' id='line_1_8' title="bbox 321 1209 1536 1318; baseline 0.001 -25"><span class='ocrx_word' id='word_1_59' title='bbox 321 1219 413 1310; x_wconf 87' lang='grc' dir='ltr'>ρεθα</span> <span class='ocrx_word' id='word_1_60' title='bbox 444 1212 510 1312; x_wconf 79' lang='grc' dir='ltr'>τὴν</span> <span class='ocrx_word' id='word_1_61' title='bbox 541 1214 731 1318; x_wconf 87' lang='grc' dir='ltr'>πτωχείαν,</span> <span class='ocrx_word' id='word_1_62' title='bbox 762 1214 826 1294; x_wconf 84' lang='grc' dir='ltr'>οῦκ</span> <span class='ocrx_word' id='word_1_63' title='bbox 858 1212 1078 1318; x_wconf 84' lang='grc' dir='ltr'>ἀντεχοῦσης</span> <span class='ocrx_word' id='word_1_64' title='bbox 1110 1219 1218 1296; x_wconf 85' lang='grc' dir='ltr'>είπεΐν</span> <span class='ocrx_word' id='word_1_65' title='bbox 1247 1209 1295 1294; x_wconf 77' lang='grc' dir='ltr'>τῦ</span> <span class='ocrx_word' id='word_1_66' title='bbox 1328 1215 1536 1316; x_wconf 77' lang='grc' dir='ltr'>θεοπρεπῆ,</span> 
     </span>
     <span class='ocr_line' id='line_1_9' title="bbox 320 1334 1537 1440; baseline 0 -22"><span class='ocrx_word' id='word_1_67' title='bbox 320 1338 404 1418; x_wconf 84' lang='grc' dir='ltr'>καθ’</span> <span class='ocrx_word' id='word_1_68' title='bbox 425 1335 467 1417; x_wconf 85' lang='grc' dir='ltr'>ῦν</span> <span class='ocrx_word' id='word_1_69' title='bbox 483 1337 551 1418; x_wconf 78' lang='grc' dir='ltr'>ἔδει</span> <span class='ocrx_word' id='word_1_70' title='bbox 568 1334 715 1440; x_wconf 84' lang='grc' dir='ltr'>τρόπον.</span> <span class='ocrx_word' id='word_1_71' title='bbox 756 1343 856 1419; x_wconf 92' lang='grc' dir='ltr'>ποῖος</span> <span class='ocrx_word' id='word_1_72' title='bbox 873 1335 945 1440; x_wconf 81' lang='grc' dir='ltr'>γὰρ</span> <span class='ocrx_word' id='word_1_73' title='bbox 963 1335 1075 1438; x_wconf 86' lang='grc' dir='ltr'>λόγος</span> <span class='ocrx_word' id='word_1_74' title='bbox 1092 1338 1156 1418; x_wconf 82' lang='grc' dir='ltr'>οῦκ</span> <span class='ocrx_word' id='word_1_75' title='bbox 1172 1334 1336 1417; x_wconf 83' lang='grc' dir='ltr'>ε’λοίττων</span> <span class='ocrx_word' id='word_1_76' title='bbox 1355 1339 1444 1418; x_wconf 80' lang='grc' dir='ltr'>ἐστὶ</span> <span class='ocrx_word' id='word_1_77' title='bbox 1467 1341 1537 1435; x_wconf 76' lang='grc' dir='ltr'>τῆς</span> 
     </span>
     <span class='ocr_line' id='line_1_10' title="bbox 321 1457 1537 1568; baseline 0 -28"><span class='ocrx_word' id='word_1_78' title='bbox 321 1459 477 1565; x_wconf 78' lang='grc' dir='ltr'>οἱῤῥήτον</span> <span class='ocrx_word' id='word_1_79' title='bbox 500 1459 647 1568; x_wconf 79' lang='grc' dir='ltr'>φύσεώς</span> <span class='ocrx_word' id='word_1_80' title='bbox 671 1496 709 1543; x_wconf 91' lang='grc' dir='ltr'>τε</span> <span class='ocrx_word' id='word_1_81' title='bbox 737 1463 795 1540; x_wconf 79' lang='grc' dir='ltr'>καὶ</span> <span class='ocrx_word' id='word_1_82' title='bbox 823 1457 930 1568; x_wconf 69' lang='grc' dir='ltr'>δόξης</span> <span class='ocrx_word' id='word_1_83' title='bbox 942 1492 954 1558; x_wconf 83' lang='grc'><strong>;</strong></span> <span class='ocrx_word' id='word_1_84' title='bbox 984 1465 1178 1565; x_wconf 73' lang='grc' dir='ltr'>ἀναγγελεῖ</span> <span class='ocrx_word' id='word_1_85' title='bbox 1196 1469 1393 1564; x_wconf 85' lang='grc' dir='ltr'>τοιγαροῦν</span> <span class='ocrx_word' id='word_1_86' title='bbox 1412 1468 1537 1568; x_wconf 76' lang='grc' dir='ltr'>φησιν</span> 
     </span>
     <span class='ocr_line' id='line_1_11' title="bbox 321 1582 1580 1691; baseline -0.002 -28"><span class='ocrx_word' id='word_1_87' title='bbox 321 1589 396 1690; x_wconf 73' lang='grc' dir='ltr'>ὑμῖν</span> <span class='ocrx_word' id='word_1_88' title='bbox 414 1585 454 1666; x_wconf 80' lang='grc' dir='ltr'>ίιι</span> <span class='ocrx_word' id='word_1_89' title='bbox 472 1587 527 1666; x_wconf 84' lang='grc' dir='ltr'>τοῦ</span> <span class='ocrx_word' id='word_1_90' title='bbox 545 1586 626 1691; x_wconf 76' lang='grc' dir='ltr'>ἐμοῦ</span> <span class='ocrx_word' id='word_1_91' title='bbox 642 1583 769 1681; x_wconf 77' lang='grc' dir='ltr'>λαβὼν</span> <span class='ocrx_word' id='word_1_92' title='bbox 788 1586 808 1664; x_wconf 89' lang='grc' dir='ltr'>ὁ</span> <span class='ocrx_word' id='word_1_93' title='bbox 825 1582 1076 1688; x_wconf 80' lang='grc' dir='ltr'>Παράκλητος,</span> <span class='ocrx_word' id='word_1_94' title='bbox 1094 1584 1291 1682; x_wconf 76' lang='grc' dir='ltr'>τουτέστιν,</span> <span class='ocrx_word' id='word_1_95' title='bbox 1309 1584 1382 1691; x_wconf 82' lang='grc' dir='ltr'>οὐχ</span> <span class='ocrx_word' id='word_1_96' title='bbox 1408 1585 1537 1691; x_wconf 82' lang='grc' dir='ltr'>ἔτερόν</span> <span class='ocrx_word' id='word_1_97' title='bbox 1550 1621 1580 1660; x_wconf 84' lang='grc' dir='ltr'>ιο</span> 
     </span>
     <span class='ocr_line' id='line_1_12' title="bbox 320 1705 1535 1812; baseline 0.001 -25"><span class='ocrx_word' id='word_1_98' title='bbox 320 1742 355 1787; x_wconf 93' lang='grc' dir='ltr'>τι</span> <span class='ocrx_word' id='word_1_99' title='bbox 385 1707 543 1808; x_wconf 82' lang='grc' dir='ltr'>λαλήσει</span> <span class='ocrx_word' id='word_1_100' title='bbox 575 1705 675 1812; x_wconf 80' lang='grc' dir='ltr'>παρὰ</span> <span class='ocrx_word' id='word_1_101' title='bbox 706 1707 770 1789; x_wconf 84' lang='grc' dir='ltr'>τὸν</span> <span class='ocrx_word' id='word_1_102' title='bbox 799 1709 838 1788; x_wconf 81' lang='grc' dir='ltr'>ἐν</span> <span class='ocrx_word' id='word_1_103' title='bbox 867 1709 944 1806; x_wconf 83' lang='grc' dir='ltr'>ἐμοὶ</span> <span class='ocrx_word' id='word_1_104' title='bbox 981 1707 1132 1807; x_wconf 79' lang='grc' dir='ltr'>σκοπὸν,</span> <span class='ocrx_word' id='word_1_105' title='bbox 1162 1711 1222 1790; x_wconf 77' lang='grc' dir='ltr'>καὶ</span> <span class='ocrx_word' id='word_1_106' title='bbox 1258 1709 1411 1812; x_wconf 78' lang='grc' dir='ltr'>ἐπείπερ</span> <span class='ocrx_word' id='word_1_107' title='bbox 1448 1713 1535 1790; x_wconf 78' lang='grc' dir='ltr'>ἐστὶ</span> 
     </span>
     <span class='ocr_line' id='line_1_13' title="bbox 323 1829 1534 1935; baseline 0 -23"><span class='ocrx_word' id='word_1_108' title='bbox 323 1837 471 1932; x_wconf 83' lang='grc' dir='ltr'>Πνεῦμα</span> <span class='ocrx_word' id='word_1_109' title='bbox 485 1830 581 1930; x_wconf 82' lang='grc' dir='ltr'>ἐμὸν,</span> <span class='ocrx_word' id='word_1_110' title='bbox 600 1831 862 1935; x_wconf 80' lang='grc' dir='ltr'>ταντολογήσει</span> <span class='ocrx_word' id='word_1_111' title='bbox 884 1829 928 1934; x_wconf 78' lang='grc' dir='ltr'>δὴ</span> <span class='ocrx_word' id='word_1_112' title='bbox 946 1829 1099 1931; x_wconf 80' lang='grc' dir='ltr'>πάντως,</span> <span class='ocrx_word' id='word_1_113' title='bbox 1118 1836 1175 1914; x_wconf 77' lang='grc' dir='ltr'>καί</span> <span class='ocrx_word' id='word_1_114' title='bbox 1200 1831 1247 1913; x_wconf 80' lang='grc' dir='ltr'>τὰ</span> <span class='ocrx_word' id='word_1_115' title='bbox 1269 1834 1310 1912; x_wconf 83' lang='grc' dir='ltr'>ἐκ</span> <span class='ocrx_word' id='word_1_116' title='bbox 1334 1841 1415 1914; x_wconf 83' lang='grc' dir='ltr'>τῶν</span> <span class='ocrx_word' id='word_1_117' title='bbox 1433 1837 1534 1934; x_wconf 82' lang='grc' dir='ltr'>ε’μῶν</span> 
     </span>
     <span class='ocr_line' id='line_1_14' title="bbox 319 1953 752 2061; baseline 0.002 -26"><span class='ocrx_word' id='word_1_118' title='bbox 319 1961 515 2061; x_wconf 70' lang='grc' dir='ltr'>ἀναγγελεῖ</span> <span class='ocrx_word' id='word_1_119' title='bbox 529 1953 752 2056; x_wconf 82' lang='grc' dir='ltr'>θεληροίτων.</span> 
     </span>
    </p>

    <p class='ocr_par' dir='ltr' id='par_1_4' title="bbox 285 2119 307 2182">
     <span class='ocr_line' id='line_1_15' title="bbox 285 2119 307 2182; baseline 0 0"><span class='ocrx_word' id='word_1_120' title='bbox 285 2119 307 2182; x_wconf 88' lang='lat' dir='ltr'>d</span> 
     </span>
    </p>
   </div>
   <div class='ocr_carea' id='block_1_3' title="bbox 0 0 1642 5118">
    <p class='ocr_par' dir='ltr' id='par_1_5' title="bbox 0 0 1642 5118">
     <span class='ocr_line' id='line_1_16' title="bbox 0 0 1642 5118; baseline 0 4"><span class='ocrx_word' id='word_1_121' title='bbox 0 0 1642 5118; x_wconf 95' lang='lat' dir='ltr'> </span> 
     </span>
    </p>
   </div>
  </div>
 </body>
</html>
