3184 5104
401 343 464 406 130
702 341 741 406 B.
764 341 973 407 CYRILLI
1004 341 1291 407 ALEXANDR.
1452 341 1481 404 vi

399 513 589 604 νομιοῦμεν
606 503 670 586 τδν
688 505 863 609 μακάριον
880 506 1053 611 Ἀβραάμ
1077 505 1144 608 τὴν
1161 506 1297 610 ἡμέραν
1319 509 1481 586 τεθεάσθα

400 633 569 732 Σωτῆρος
591 629 693 729 ἡμῶν
711 635 887 732 Χριστοῦ,
906 631 1082 730 τουτέστι,
1101 629 1165 712 τὸν
1183 629 1306 733 καιρὸν
1324 633 1385 730 τῆς
1408 631 1481 708 ἐπιδ

400 755 509 833 αὐτοῦ
535 757 598 852 τῆς
625 751 717 854 μετά
742 753 879 857 σαρκὸς
904 759 989 836 ίδεῑν
1001 787 1012 852 ;
1044 756 1086 835 οὐ
1111 752 1252 838 πλατῦς
1276 753 1378 854 μένό
1399 752 1481 854 λόγο

399 875 473 980 γάρ
504 875 605 958 ἐστιν
635 882 745 958 είπεῖν
777 877 821 985 ἐξ
851 878 1060 984 ἀντιῤῥίγτου
1092 877 1258 973 λαβόντα
1289 880 1347 958 καὶ
1378 883 1481 982 σαφηι

399 999 499 1101 πλὴν
515 1004 579 1086 ·ῶς
611 999 660 1080 ένι
693 1007 815 1085 καλῶς
851 1000 898 1080 τὰ
935 1007 984 1087 είς
1019 1010 1125 1082 τοῦτο
1162 1009 1325 1085 νοοῦντες
1355 1003 1481 1104 ἐροῦμει

399 1121 561 1227 καθάπερ
589 1125 640 1204 ἐνὶ
667 1130 740 1204 τῶν
765 1123 879 1226 ἁγίων
902 1131 1101 1231 προφητῶν
1127 1125 1361 1230 ἀπεκάλυψεν
1385 1125 1404 1203 ὁ
1431 1129 1480 1204 θε

232 1267 348 1324 584Δ.
370 1249 526 1328 οέαυτοῦ
554 1247 763 1350 μυστήριον.
801 1249 914 1350 ἤγουν
937 1257 1001 1329 τοῦ
1029 1248 1234 1331 θεάσασθαι
1263 1251 1425 1348 δώσομεν
1448 1251 1481 1326 ἀί

399 1370 466 1472 τὴν
484 1371 619 1474 ἡμέραν
637 1369 745 1451 αὑτὸν
762 1375 827 1470 τῆς
852 1379 916 1452 τοῦ
940 1373 1076 1475 Κυρίου
1100 1377 1261 1476 σφαγῆς,
1280 1373 1325 1452 δι’
1345 1370 1389 1472 ἣν
1407 1371 1451 1450 τά
1474 1405 1481 1450 ι

398 1495 483 1594 ἡμῖν
499 1496 626 1580 αἰσίως
645 1495 849 1596 ἐκβέβηκεν,
866 1499 925 1575 καὶ
942 1495 1103 1600 καθάπερ
1122 1496 1165 1604 ἐξ
1181 1497 1300 1599 οὐρίας
1317 1492 1445 1600 ἠνέχθη
1462 1531 1481 1573 κ

398 1619 458 1700 ὅτε
493 1622 552 1701 καὶ
589 1625 638 1704 είς
674 1618 788 1700 τόπον
818 1621 928 1700 αὐτοῦ
959 1620 1023 1700 τδν
1052 1625 1229 1722 μονογενῆ
1259 1623 1318 1701 καὶ
1349 1617 1481 1721 πρωτόι

396 1743 564 1824 τουτέστι
605 1742 670 1823 τδν
704 1742 845 1841 Ἰσαὰκ,
883 1745 1073 1851 ἀναφέρειν
1113 1749 1161 1829 εἰς
1205 1744 1334 1825 θυσίαν
1375 1741 1481 1824 ἐπετάτ

397 1873 637 1972 ίερουργοῦντι
673 1865 745 1970 γάρ
783 1866 874 1953 είκδς
911 1869 1007 1976 αὐτῷ
1038 1865 1120 1948 τότε
1151 1865 1311 1971 καθάπερ
1344 1869 1381 1946 ἐν
1411 1864 1481 1946 τόπ

397 1990 566 2099 δρωμένῳ
595 1995 818 2090 καταστῆναι
842 1979 957 2098 ’σαφῆ
990 1999 1055 2071 τοῦ
1084 1993 1283 2094 μυστηρίου
1310 1989 1376 2090 τὴν
1403 1993 1481 2092 ἀκρί

397 2117 475 2215 δοίη
499 2149 553 2200 τις
576 2112 622 2195 ἀν
641 2117 699 2194 καὶ
717 2114 845 2218 ’ἐτέρας
871 2121 921 2200 είς
948 2123 1054 2196 τοῦτο
1081 2121 1156 2199 τοῖς
1184 2115 1481 2223 φιλομαθεστέροι

228 2244 298 2360 (ἔζη
307 2323 330 2362 1·
363 2239 577 2345 δάφορμός.
630 2242 688 2318 καὶ
716 2237 788 2341 γάρ
816 2235 906 2318 εἶδεν
933 2239 1066 2343 ἀνδρας
1093 2247 1187 2342 τρεῖς
1215 2249 1238 2286 “
1255 2237 1347 2342 πρὸς
1374 2243 1419 2344 τῇ
1447 2243 1481 2340 δρ

397 2373 420 2411 “
440 2365 639 2468 Μαμβρῇ,”
660 2361 762 2442 ἀλλά
790 2364 848 2443 καὶ
876 2361 1099 2466 ἐπαγγελίαν
1120 2363 1260 2468 ἐδέχετο
1286 2360 1387 2467 παρὰ
1410 2365 1481 2441 θεο

396 2485 518 2587 πατὴρ
541 2486 645 2565 ἐσται
668 2492 822 2567 πολλῶν
840 2489 962 2584 ἐθνῶν,
981 2486 1070 2589 ’όπερ
1094 2486 1139 2588 ἦν
1157 2489 1224 2593 οὐχ
1248 2485 1373 2588 ἑτέρως
1399 2488 1481 2565 ἀνυο

396 2608 558 2707 δυνατὸν,
577 2615 607 2689 εί
631 2608 682 2708 μὴ
706 2609 764 2690 διά
788 2614 852 2710 τῆς
878 2616 926 2694 είς
943 2610 1109 2715 Χριστὸν
1126 2611 1284 2701 πίστεως
1302 2610 1438 2709 ἐκλήθη
1462 2643 1481 2688 π

396 2731 441 2813 τά
460 2734 545 2835 ἔθνη
563 2733 627 2814 τὸν
644 2732 817 2836 (Αβραάμ
836 2733 1120 2839 ἐπιγραφόμενα,
1138 2737 1198 2813 καὶ
1223 2736 1261 2813 ἐν
1278 2767 1324 2839 τη
1348 2739 1422 2813 τῶν
1441 2734 1481 2812 οὐ

395 2859 569 2965 βασιλείᾳ
586 2856 974 2958 συνανακλιθησόμενά
991 2892 1030 2938 τε
1048 2861 1107 2938 καὶ
1125 2857 1402 2964 συμμεθέξοντα
1420 2857 1481 2936 αάτ

395 2982 454 3089 ἐφ’
483 2977 622 3063 ἅπασιν
648 2983 799 3083 ἀγαθοῖς
830 2991 895 3062 τοῦ
929 2986 1098 3086 Σωτῆρος
1130 2981 1232 3082 ἡμῶν
1260 2981 1481 3087 φιλοτιμίας.

396 3107 459 3186 οὖν
487 3112 603 3214 φησιν
631 3107 652 3186 ὁ
679 3104 851 3209 μακάριος
868 3104 1049 3215 Ἃβραδιμ,
1074 3113 1134 3186 καὶ
1164 3103 1250 3184 ίδιδν
1273 3105 1377 3213 ἐχάρη
1407 3101 1462 3198 την

367 3228 450 3324 οπῆι
479 3233 567 3336 ε’μιὶι.
619 3235 677 3310 καὶ
710 3228 768 3309 διά
797 3230 906 3310 ποίαν
935 3229 1050 3310 αἰτίαν
1083 3231 1140 3310 ἐπὶ
1170 3227 1215 3309 τό
1248 3229 1306 3309 καὶ
1339 3237 1458 3308 ταῦτα

395 3353 539 3458 πρόεισι
580 3353 753 3457 Χριστὸς,
794 3355 991 3457 ἀναγκαῖον
1030 3357 1150 3434 εἰπεῖν.
1216 3351 1411 3456 ἄνθρωπον
1454 3355 1481 3455 ίη

396 3475 505 3556 αὐτὸν
522 3479 687 3557 Ἰουδαῖοι
705 3475 764 3555 διά
780 3473 822 3557 τό
839 3480 1050 3580 περίβλημα
1068 3481 1132 3577 τῆς
1151 3474 1301 3579 σαρκὸς,
1319 3475 1426 3557 οὐδὲν
1444 3478 1481 3555 ἐν

389 3601 477 3702 ’περὶ
504 3601 613 3679 αι’σοῦ
641 3600 845 3704 θεοπρεπὲς,
866 3597 981 3708 ᾤοντο
1009 3599 1048 3680 δέ
1074 3599 1130 3681 ότι
1163 3603 1222 3680 καὶ
1250 3599 1380 3700 θνητός
1408 3603 1481 3680 ἐστ

397 3723 500 3822 ἡμᾶς,
520 3723 581 3803 ἅτε
606 3724 651 3824 δὴ
676 3727 735 3802 καὶ
760 3725 799 3803 ἐκ
824 3733 889 3803 τοῦ
914 3723 964 3824 μὴ
990 3721 1093 3810 ὄντος
1117 3730 1166 3809 είς
1190 3721 1232 3804 τὸ
1251 3720 1339 3803 εἶναι
1357 3757 1481 3827 παρεν

397 3845 452 3927 ότι
476 3846 514 3927 δέ
537 3845 582 3948 ἦν
600 3845 711 3932 ἀίδιος
735 3849 783 3930 ῶς
808 3847 853 3955 ἐξ
874 3849 988 3928 ἀϊδίου
1008 3846 1164 3952 Πατρός,
1182 3846 1367 3929 πιστεύειν
1386 3850 1454 3928 οὐκ
1474 3883 1481 3925 ι

398 3967 457 4052 διά
485 3969 630 4072 πολλὴν
657 3972 846 4068 ἀβουλίαν.
887 3971 947 4051 ἵνα
973 3973 1093 4052 τοίνυν
1119 3969 1291 4079 ἀποδείξῃ
1319 3979 1461 4078 σαφῶς

397 4091 613 4204 πρόσφατός
640 4095 752 4191 ἐστιν,
780 4093 861 4174 οόδέ
889 4095 1076 4199 ἀρτιγενὴς
1103 4097 1189 4176 καθ’
1214 4097 1319 4196 ἡμᾶς,
1346 4097 1438 4176 ἀλλ’
1466 4097 1481 4175 δ

228 2853 351 2934 ἀμαυ.

228 2937 280 2972 Vm.
296 2933 335 2971 11.

435 4381 459 4420 1.
478 4364 617 4421 τεθεᾶσθαι
631 4363 664 4421 Β.
679 4353 931 4421 Holut.'o‹u'm0m
942 4365 1017 4421 Aub.
1141 4384 1167 4434 4.
1185 4365 1322 4438 ἀντηρίτου
1335 4364 1371 4421 Β.
1383 4363 1481 4420 emend

397 4433 424 4489 8.
442 4433 527 4490 αὐτῶν
540 4433 573 4490 B.
588 4435 636 4490 Ht.
649 4435 802 4491 emendavit
813 4444 846 4491 ut
857 4435 967 4491 adnotat
979 4437 1037 4508 ipse
1048 4435 1121 4491 Aub.
1254 4453 1296 4492 u.
1314 4437 1481 4491 c'mdmm

397 4503 485 4574 γοῦνα
498 4503 623 4559 emendat
636 4503 736 4576 Ηςγιο.
748 4505 879 4561 ἐπίταττε·
891 4509 929 4579 τῷ
941 4509 964 4561 ic
1011 4510 1117 4579 ργοῦπι
1128 4505 1181 4562 Ed.
1278 4519 1321 4578 ιη.
1339 4505 1410 4576 ὅπερ
1423 4506 1481 4561 etd

397 4571 522 4627 emendat
535 4573 635 4643 Ηογιο.
646 4571 718 4645 ᾇπερ
730 4585 757 4630 et
768 4575 800 4631 δν
811 4576 922 4648 ἡσθῆναι
935 4527 1011 4634 Ego„
