3118 5132
320 374 385 437 410
624 375 662 439 B.
687 371 897 440 CYRILLI
927 371 1217 438 ALEXANDR.
1367 369 1430 434 xiv.
1440 383 1476 454 5,
1497 367 1550 433 6.

286 537 463 641 ἀνεκροῦς
485 538 682 642 γεγονότας
711 537 861 640 διάιτην
878 539 1033 644 ἀρχαίαν
1055 536 1147 642 ἀράν
1171 535 1381 634 ἀνακομίσει
1405 531 1551 614 πάλιν

320 665 369 745 εἷς
397 661 485 766 ὅπερ
512 660 601 763 ἦμεν
626 666 663 744 ἐν
689 666 828 768 ἀρχαῖς.
869 661 1012 743 ἅπαντα
1036 662 1156 743 τοίνυν
1179 662 1262 762 ἡμῖν
1279 662 1317 740 ἐν
1339 659 1434 764 αὐτῷ
1461 658 1549 736 καὶ

320 786 363 863 δι’
383 787 491 866 αὐτοῦ
518 785 565 866 τά
591 786 778 868 κάλλιστοί
802 821 841 867 τε
867 791 924 866 καὶ
952 785 1114 892 ἐξαίρετα
1143 783 1286 891 πέφηνέ
1306 817 1344 864 τε
1368 783 1435 883 ἤδη
1462 783 1550 860 καὶ

319 908 521 1011 γενήσεται.
572 915 629 991 καὶ
663 910 730 1014 ὅρα
760 945 821 1011 μοι
853 908 976 1007 πάλιν,
1009 909 1065 990 ὅτι
1099 915 1145 1015 τῇ
1176 916 1249 990 τῶν
1280 905 1549 1008 προκειμένων

241 1063 250 1080 ·
320 1035 451 1141 θεωρίᾳ
468 1031 566 1116 πολὺ
583 1034 627 1136 δὴ
645 1035 793 1140 πρέπων
811 1037 911 1115 ἐστὶν
929 1035 949 1113 ό
967 1035 1048 1136 περὶ
1069 1034 1206 1114 τούτων
1225 1031 1347 1134 λόγος.
1386 1029 1547 1109 ἐνδοιά-

320 1158 441 1262 ζοντός
463 1193 502 1238 τε
524 1157 596 1262 γάρ
622 1160 674 1239 ἐτι
698 1167 762 1239 τοῦ
787 1163 950 1258 μαθητοῦ
977 1161 1036 1238 καὶ
1057 1156 1266 1264 φάσκοντος
1285 1153 1363 1240 Πιῦς
1386 1148 1548 1258 οίθαμεν

318 1280 372 1375 τάν
392 1279 472 1381 ίθον,
491 1282 550 1362 διά
574 1283 740 1388 βραχίων
761 1283 902 1391 ἔδειξεν,
921 1286 970 1368 ὡς
996 1283 1139 1385 ἐπείπερ
1166 1285 1285 1360 είδεῖεν
1308 1285 1381 1359 τῶν
1405 1282 1455 1360 είς
1482 1277 1545 1355 τὸ

319 1407 393 1487 ἀνω
412 1407 623 1511 διακομίζειν
640 1405 838 1487 ἐθελόντων
856 1410 1004 1508 ἀγαθῶν
1022 1404 1135 1486 α’ίτιόν
1152 1439 1190 1485 τε
1209 1408 1268 1485 καὶ
1285 1399 1445 1509 χορηγὸν
1464 1403 1545 1480 καὶ

291 1530 493 1634 επρθτανιν
512 1529 682 1636 ῦπόρχειν
700 1527 820 1628 αὐτόν,
839 1529 981 1616 οὐδενός
999 1532 1119 1616 αῦτοΐς
1144 1529 1195 1610 ἔτι
1219 1527 1338 1630 δεήσει
1363 1521 1456 1629 πρὸς
1480 1523 1543 1604 τὸ

319 1655 446 1735 είδέναι
464 1651 518 1748 τέμ
537 1651 618 1736 όάίν.

361 1777 522 1878 Ἐπειδὴ
552 1777 590 1858 δέ
619 1777 734 1887 τούτῳ
766 1781 928 1877 συνῆπτε
958 1774 1002 1858 τό
1031 1775 1153 1866 Οῦθέις
1185 1777 1320 1889 ἔρχεται
1352 1773 1435 1882 πρός
1470 1771 1541 1854 τὶν

320 1899 461 2008 Πατέριι
487 1911 513 1983 ἀ
541 1901 589 2009 μη
613 1898 652 1983 λ’
674 1904 762 2010 ἐμοῦ,
786 1903 872 2010 φέρε
901 1899 945 2003 δή
973 1935 1008 1982 τι
1036 1905 1095 1982 καὶ
1122 1900 1214 2006 πρός
1241 1898 1329 1982 αὐτὸ
1357 1899 1541 2000 λέγωμεν

319 2032 391 2106 τῶν
410 2024 638 2131 ῥηθήσεσθαι
655 2024 878 2125 μελλόντων,
896 2027 1006 2106 ἐκεῖνο
1023 2022 1361 2130 προερευνήσαντες,
1379 2021 1422 2104 τό
1443 2027 1539 2106 πῶς

319 2149 365 2229 ἀν
393 2183 448 2234 τις
478 2148 525 2230 ’ίοι
556 2147 648 2252 πρός
676 2146 740 2229 τὸν
769 2149 928 2251 Πατέρα.
979 2147 1156 2254 ἐρχόμεθα
1185 2149 1305 2230 τοίνυν
1334 2145 1425 2228 κατά
1456 2143 1538 2225 δύο

319 2273 485 2375 τρόπους·
528 2271 551 2375 ἢ
582 2271 654 2378 γάρ
685 2269 782 2375 ἅγιοι
814 2271 1002 2376 γεγονότες
1033 2272 1130 2353 κατά
1157 2307 1201 2377 γε
1232 2270 1275 2352 τό
1305 2272 1443 2374 πρέπον
1474 2275 1535 2374 τῇ

319 2395 567 2497 ἀνθρωπότητι
597 2398 738 2501 μέτρον,
766 2400 814 2480 ὡς
846 2397 937 2504 ἀγίιρ
967 2401 1051 2504 θεῷ
1084 2395 1314 2495 κολλώμεθα·
1359 2405 1380 2442 “
1395 2393 1534 2496 Ἀγιοι

320 2529 343 2567 “
360 2518 432 2623 γὰρ
459 2520 601 2617 ἔσεσθε,
629 2523 755 2627 φησίν,
784 2519 839 2599 ὅτι
866 2518 937 2621 ἐγὼ
965 2515 1101 2622 ἀγιος·”
1136 2519 1249 2623 ἤγουν
1277 2520 1335 2600 ἐπὶ
1362 2516 1429 2618 τὴν
1455 2527 1533 2598 τοῦ

153 2663 271 2721 ΊΘυΔ.
292 2642 468 2746 οΠατρῦς
492 2649 630 2746 γνοῦσιν
648 2642 714 2744 τὴν
736 2647 785 2728 ὡς
808 2645 847 2722 ἐν
868 2643 989 2724 πίστει
1013 2647 1072 2724 καὶ
1098 2645 1228 2751 θεωρία
1252 2642 1454 2746 βαδίζομεν,
1474 2647 1531 2748 τῇ

152 2773 254 2888 22⁰2,
322 2769 370 2852 ὡς
387 2769 425 2847 ἐν
442 2765 609 2876 ἐσόπτρῳ
626 2769 684 2846 καὶ
702 2767 893 2869 αἰνίγματι,
912 2765 1005 2848 καθά
1030 2767 1243 2871 γέγραπται.
1278 2767 1365 2846 ἀλλ’
1385 2766 1448 2845 οῦκ
1475 2767 1531 2845 ἅν

320 2925 374 2974 τις
392 2887 494 2994 ἅγιος
519 2891 571 2992 ε’ίη
593 2890 692 2990 ποτέ,
711 2894 770 2971 καὶ
794 2889 854 2971 διὰ
876 2892 1060 2977 πολιτείας
1084 2891 1163 2999 ἥξει
1187 2896 1251 2992 τῆς
1275 2891 1352 2972 κατ’
1373 2887 1525 2992 ἀρετὴν,
1546 2925 1549 2960 1

319 3011 370 3115 μὴ
398 3017 478 3120 οῦχὶ
504 3018 748 3116 ποδηγοῦντος
775 3012 884 3095 αὐτόν
911 3020 966 3100 εἰς
988 3014 1131 3096 ἅπαντα
1158 3025 1223 3096 τοῦ
1248 3021 1422 3119 Χριστοῦ,
1442 3017 1525 3096 οὐδ’

320 3137 365 3221 ἀν
387 3141 484 3247 αὐτῷ
511 3138 732 3219 συνόπτοιτο
759 3144 811 3246 τῷ
839 3143 923 3248 Θεῷ
951 3143 1008 3220 καὶ
1038 3143 1168 3244 Πατρὶ,
1191 3140 1242 3241 μὴ
1270 3141 1349 3244 οὐχὶ
1375 3135 1528 3224 πάντως

319 3263 567 3363 μεσιτεύοντος
603 3272 668 3344 τοῦ
699 3269 875 3366 Χριστοῦ.
921 3263 1072 3365 μεσίτης
1108 3263 1182 3368 γάρ
1218 3267 1298 3344 ἐστι
1328 3269 1424 3344 Θεοῦ
1460 3265 1527 3344 καὶ

319 3387 529 3490 ἀνθρώπων,
548 3388 592 3467 δι’
611 3388 738 3468 ἑαυτοῦ
759 3389 817 3466 καὶ
836 3389 873 3466 ἐν
892 3387 1006 3495 ἐαυτῷ
1030 3386 1226 3468 συνάπτων
1242 3385 1309 3488 τὴν
1327 3385 1522 3487 ἀνθρωπό-

320 3544 411 3611 τητα
429 3517 480 3617 τῷ
500 3515 595 3617 Θεῷ.
634 3514 682 3595 ὡς
699 3509 765 3610 μέν
783 3509 856 3614 γάρ
876 3509 1083 3616 ἐκπεφυκὸς
1101 3515 1165 3611 τῆς
1190 3511 1317 3595 οῦσίας
1341 3518 1405 3589 τοῦ
1424 3514 1524 3589 Θεοῦ
1542 3533 1547 3572 ²

288 3637 380 3712 bna?
398 3633 554 3736 Πατρός,
573 3631 597 3739 ᾖ
616 3633 736 3736 Λόγος
755 3636 833 3714 ἐστὶ
853 3637 911 3715 καὶ
929 3633 1156 3738 ἀπαύγασμα
1180 3641 1239 3714 καὶ
1264 3629 1461 3740 χαρακτὴρ,
1484 3633 1525 3713 ἐν

321 3759 401 3836 ἐστι
424 3754 515 3859 πρὸς
538 3756 602 3836 τὸν
624 3756 782 3860 Πατέρο,
801 3757 888 3842 ὅλος
906 3755 959 3838 εῦν
976 3761 1013 3839 ἐν
1035 3760 1143 3867 αὐτῷ,
1162 3761 1221 3839 καὶ
1246 3758 1339 3862 ἔχων
1356 3753 1465 3837 αὐτόν
1484 3759 1525 3836 ἐν

319 3881 445 3988 ἐαυτῷ·
483 3877 506 3987 ᾖ
536 3878 574 3960 δέ
601 3879 749 3982 γε’γονεν
773 3881 963 3985 ἅνθρωπος
987 3885 1069 3963 καθ’
1089 3883 1191 3983 ἡμᾶς,
1217 3884 1302 3987 δίχα
1328 3885 1393 3981 τῆς
1419 3879 1524 3980 ἡμῶν

320 4005 495 4108 ἁμαρτίας
519 4002 739 4085 συνάπτεται
761 4011 835 4089 τοῖς
860 4007 918 4086 ἐπὶ
942 4009 1005 4106 τῆς
1030 4011 1108 4110 γῆς,
1128 4009 1186 4088 καὶ
1211 4005 1377 4112 μεθόριον
1395 4004 1522 4109 ὥσπερ

318 4164 354 4210 τι
382 4129 517 4232 γε’γονε,
542 4125 704 4232 σννέχων
732 4131 770 4209 ἐν
797 4129 911 4237 ἐαυτῷ
937 4128 984 4210 τά
1010 4130 1102 4236 πρὸς
1129 4127 1280 4232 ἐνότητα
1307 4132 1365 4210 καὶ
1393 4129 1545 4238 φιλίανέ

320 4251 647 4356 συνδεδραμηκότα.

153 2389 215 2438 Lev.
224 2389 275 2440 xix.

154 2469 177 2503 α.

357 4483 381 4522 2.
400 4463 476 4536 ἦμεν]
490 4463 625 4538 ἡμῖνίείο)
640 4464 673 4520 Ε.
838 4465 898 4537 3.ε’
935 4465 987 4520 ’σια
1000 4464 1072 4522 Can.
1233 4483 1259 4538 9.
1277 4465 1469 4538 ῦπθρχον(κὶο)
1483 4466 1515 4521 E.

322 4551 364 4606 15.
382 4536 489 4626 τῆράνθ
505 4535 681 4606 απότητοςΕ.
717 4605 724 4626 ,
751 4549 804 4662 Αιχ.
822 4537 868 4630 {vt
890 4536 1054 4625 n11⁴(nic)l³}.
1139 4553 1182 4594 νο.
1200 4537 1248 4608 ἤξη
1262 4536 1294 4593 Ε.
1374 4552 1417 4604 24.
1434 4539 1515 4610 ἐαυτᾷ

320 4607 460 4679 Ε.α.ουτη)
499 4607 526 4662 d.
635 4621 677 4677 27.
695 4627 764 4680 αντη
802 4631 903 4681 ,εαντφ
918 4605 969 4664 Ed.
