3082 5112
321 331 388 396 356
625 329 666 396 B.
688 329 897 394 CYRILLI
926 329 1213 396 ALEXANDR.
1386 327 1446 392 xiii.
1461 326 1503 390 18.

323 493 500 575 ἀλλὰκαὶ
518 501 624 574 τοῦτο
643 493 778 598 νεκρὸν,
796 492 846 594 μή
864 495 1113 597 παρεπομένης
1130 497 1227 603 αύτῷ
1251 498 1314 594 τῆς
1339 491 1384 600 ἐξ
1403 491 1506 596 ἔργων

322 615 573 724 φαιδρότητος.
617 623 695 702 πῶς
723 617 878 698 οὖνούκ
907 617 1081 719 ἀνόνητον
1107 625 1295 702 παντελῶς
1323 616 1366 696 τὸ
1394 617 1508 696 εἰδέναι

320 740 387 842 μὲν
414 741 525 849 τυχὸν
551 741 590 821 τί
616 737 661 821 ἂν
687 741 740 840 ε’ίη
773 738 815 821 τῦ
852 740 1002 844 ἀγαθὸν,
1030 741 1080 841 μή
1112 741 1185 842 μὴν
1211 740 1347 822 ε’θίλειν
1374 740 1423 820 ε’τι
1457 743 1510 819 καὶ

321 865 534 966 ἐπιτηδεύειν
551 861 661 959 αύτά;
688 862 746 944 διὰ
765 864 899 965 ταύτην
912 875 1104 968 τοιγαροῦν
1116 865 1183 966 τήν
1196 866 1311 946 αἰτίαν
1324 869 1509 971 μακαρίους

321 989 476 1070 ἔσεσθαί
497 995 592 1096 φησι
617 985 700 1072 τοῦς
726 989 853 1068 ἑαυτοῦ
878 988 1053 1088 μαθητὰς,
1073 988 1152 1090 ἤτοι
1177 987 1261 1073 τοῦς
1285 987 1511 1070 πιστεύοντας

321 1119 371 1198 εἷς
388 1112 507 1212 αὐτὸν,
521 1113 563 1191 οῦ
580 1112 691 1212 μόνον
708 1112 857 1196 ἑλόντας
876 1117 949 1192 τῶν
967 1114 1051 1217 παρ’
1070 1115 1179 1195 αὐτοῦ
1197 1112 1433 1211 λαλουμένων
1451 1109 1511 1208 τήν

288 1235 472 1336 δείδησιν,
489 1237 575 1316 ἀλλ’
596 1241 626 1316 εἲ
645 1239 703 1316 καί
723 1239 835 1343 δρῷεν
854 1234 957 1316 αὐτά.

274 1509 310 1568 18
324 1503 370 1570 Οὐ
397 1505 472 1594 περὶ
499 1505 632 1570 πάντων
658 1505 749 1583 ὑμῶν
777 1506 874 1580 λὲτω·
905 1505 972 1580 ἐτὼ
997 1507 1058 1596 τὰρ
1086 1500 1160 1572 οῖδα
1188 1503 1278 1572 τίνοε
1306 1503 1514 1578 ἐξελεξάμην·

371 1629 440 1696 ἀλλ’
467 1629 520 1695 ἵνα
547 1631 567 1696 ἡ
596 1631 705 1719 ςραφλ
733 1637 894 1722 πληρωθῇ
912 1631 955 1696 ‘0
980 1631 1117 1719 τρὼτων
1142 1631 1207 1708 μετ’
1230 1629 1310 1708 ἐμοῦ
1338 1625 1395 1696 τὸν
1419 1627 1515 1716 ἄρτον

370 1755 491 1844 ἐπῆρεν
517 1755 566 1821 ἐπ’
597 1755 656 1832 ἐμὲ
683 1755 743 1821 τίιν
770 1758 913 1846 πτέρναν
940 1755 1053 1828 αὐτοῦ.

377 1929 436 2007 Ού
453 1926 585 2030 μικράν
602 1925 760 2030 ὃλόγος
785 1928 855 2034 ἔχει
874 1926 941 2029 τήν
959 1928 1141 2036 ἀσάφειαν
1159 1929 1197 2008 ἐν
1215 1928 1363 2010 τούτοις.
1401 1959 1516 2024 μακα-

319 2047 417 2150 ρίους
444 2045 517 2148 γὰρ
544 2047 696 2127 ἔσεσθαι
724 2047 843 2148 λε’γων
870 2045 951 2132 τοῦς
980 2050 1018 2127 ἐν
1046 2048 1180 2149 γνώσει
1208 2045 1274 2146 μὲν
1301 2045 1451 2150 ἔχοντας
1480 2043 1519 2122 τὸ

320 2169 471 2272 ἀγαθὸν,
499 2169 592 2279 ἕργιρ
623 2170 661 2249 δὲ
692 2177 798 2250 τοῦτο
826 2179 993 2272 πληροῦν
1022 2171 1304 2274 σπουδάζοντας·
1339 2168 1519 2268 ἐπήγαγεν

292 2294 423 2378 οεῦθύς
441 2300 495 2374 Οὐ
512 2302 584 2401 περὶ
605 2292 738 2374 πάντων
756 2293 863 2396 λέγω,
881 2293 945 2374 τὸν
962 2293 1144 2397 προδότην
1161 2291 1412 2389 αίνιττάμενος,
1431 2287 1519 2370 κατά

320 2454 363 2522 γε
385 2419 427 2499 τὸ
449 2424 605 2502 πολλοῖς
630 2451 668 2496 τε
693 2419 753 2496 καὶ
778 2419 855 2515 ἐμοὶ
880 2421 1021 2498 δοκοῦν·
1052 2421 1095 2498 ού
1112 2417 1184 2523 γὰρ
1201 2421 1239 2498 ἐν
1256 2423 1330 2500 τοῖς
1348 2415 1519 2519 ζηλωταῖς

321 2543 341 2621 ὁ
367 2540 550 2642 θεομισής,
569 2541 646 2620 οὐδ’
667 2535 712 2620 ἂν
732 2542 771 2620 ἐν
789 2547 863 2626 τοῖς
888 2543 1073 2646 μακαρίοις
1098 2540 1337 2646 καταταχθείη
1361 2536 1454 2619 ποτὲ
1479 2571 1518 2640 τη

321 2664 482 2770 τοσαύτη
501 2665 701 2770 δυσσεβείᾳ
718 2663 785 2763 τήν
802 2664 971 2766 τοιαύτην
987 2667 1112 2770 ἔνοχον
1130 2665 1365 2764 καταστήσας
1383 2659 1518 2769 ψυχήν

320 2791 379 2867 καὶ
398 2787 462 2886 μία
480 2786 546 2886 μὲν
562 2789 653 2888 αῦτη
675 2797 740 2868 τοῦ
763 2789 997 2892 προκειμένου
1023 2789 1161 2868 διάνοια
1185 2787 1399 2890 τετριμμένη
1424 2783 1518 2886 παρά

321 2918 396 2996 τοῖς
431 2912 614 2993 πλείοσιν·
659 2911 761 3013 ἑτέρα
798 2909 836 2992 δὲ
875 2913 921 2991 αὖ
956 2911 1072 2993 πάλιν
1100 2909 1192 3016 πρὸς
1229 2911 1352 3017 ταύτῃ.
1405 2907 1518 2989 τοιάδι

321 3034 473 3136 μέλλων
494 3033 566 3139 γὰρ
594 3038 685 3138 ἐρεῖν
709 3039 729 3116 ὁ
755 3035 929 3138 Χριστὸς,
948 3035 1002 3116 ὅτι
1030 3034 1122 3116 κατὰ
1147 3035 1213 3136 τήν
1235 3037 1378 3118 τελείαν
1397 3069 1440 3114 τε
1469 3037 1517 3112 καῖ

153 3171 277 3225 P⁸·¹1·10·
322 3160 517 3264 ἱερωτάτην
534 3159 693 3266 γραφήν·
724 3161 744 3239 ὁ
762 3159 914 3262 τρώγων
931 3193 1002 3258 μου
1019 3159 1084 3238 τὸν
1102 3159 1214 3262 ἄρτον
1231 3158 1457 3262 ἐμεγάλυνεν
1475 3161 1517 3237 ἐπ

289 3283 382 3382 (λε’μέ
399 3283 631 3386 πτερνισμὸν,
649 3283 728 3384 ἤτοι
747 3283 857 3391 ἐτήρει
875 3285 928 3364 ἐπ’
948 3281 1008 3389 ι’μί
1027 3283 1163 3389 πτίρναν
1181 3287 1294 3374 αὐτοῦ,
1312 3291 1517 3385 προαπολο

323 3414 437 3510 γεΐται
464 3407 600 3510 τρόπον
627 3405 718 3504 τινὰ,
742 3410 800 3487 καὶ
827 3404 892 3487 τδν
919 3405 1073 3509 γνήσιον
1100 3413 1174 3486 τῶν
1198 3406 1327 3510 ἑτέρων
1350 3411 1517 3504 μαθητῶν

324 3531 507 3632 θεραπεύει
544 3530 664 3636 χορὸν,
704 3531 755 3610 ε’νὶ
792 3531 849 3610 καὶ
886 3530 986 3638 μόνῳ
1022 3528 1089 3630 τήν
1125 3537 1190 3612 τοῦ
1226 3529 1516 3632 κατηγορήματα

325 3653 475 3751 δύναμιν
511 3655 663 3740 ἀναθείς.
710 3653 830 3753 ἐπειδὴ
867 3652 941 3757 γὰρ
977 3651 1109 3738 πάντες
1145 3655 1276 3755 ἤσθιον
1311 3652 1376 3732 τὸν
1418 3653 1513 3754 ἅρτο

324 3778 444 3876 αῦτοῦ,
471 3777 751 3876 συνεστιώμενοι
781 3775 950 3877 δηλονότι
978 3781 1036 3857 καὶ
1063 3781 1362 3860 συνδαπανιῦντες
1400 3777 1451 3856 τά
1490 3783 1516 3854 δ

324 3901 434 3981 αύτοῦ
456 3899 754 4005 συγκομιζόμενα,
773 3897 832 3980 διὰ
857 3909 964 3981 τοῦτο
989 3902 1179 4006 χρησίμως
1202 3899 1344 3984 εἰκαίοις
1369 3901 1516 4002 συντρί

323 4027 458 4118 βεσθαι
483 4025 649 4121 δείμασιν
667 4058 731 4104 ουκ
751 4059 793 4131 ερ
810 4057 884 4104 των
901 4026 1097 4127 ελευθέρωυ
1113 4021 1178 4104 τὸν
1196 4032 1290 4121 νοῦν,
1308 4027 1368 4103 καὶ
1395 4023 1445 4103 τὸ
1473 4027 1515 4123 τή

325 4147 484 4252 ὑποψίαις
511 4145 618 4251 δριμῦ
643 4147 910 4250 προανακόπτει
937 4147 1059 4249 λε’γων
1086 4152 1140 4227 Ob
1169 4156 1242 4254 περὶ
1273 4149 1414 4228 πάντων
1446 4147 1515 4252 ῦμί

324 4271 431 4372 λέγω·
470 4269 537 4374 ἐγῶ
568 4270 636 4378 γλρ
668 4267 744 4351 οἶδα
776 4275 868 4356 τίνας
904 4271 1117 4378 ἐξελεξάμην·
1161 4275 1246 4349 ἀλλ’
1273 4269 1329 4349 ’ίιιι
1362 4275 1497 4376 φησὶν

324 4491 496 4608 εειτίζτοῦτον
508 4489 540 4542 Ε.
648 4502 674 4561 7.
685 4487 778 4546 αὐτούς
792 4489 823 4544 Ε.
933 4505 975 4557 14.
993 4488 1078 4560 λέγων
1090 4489 1123 4544 Ε.
1225 4505 1269 4558 3ο.
1287 4489 1514 4562 γδριεοιιιῃρῒιι
