3238 5114
309 288 374 352 650
613 289 652 354 Β.
675 287 885 354 CYRILLI
917 285 1208 354 ALEXANDR.
1318 278 1389 344 xvi.
1403 277 1455 352 αὖ,
1469 289 1516 355 27.

310 447 383 598 γοίρ
400 449 524 604 ἀρπερ
541 451 697 534 ἑκάστου
715 460 788 534 τῶν
805 453 920 533 ὄντων
938 452 961 552 ἡ
981 453 1051 532 ἰδία
1070 450 1193 558 φύσις,
1212 447 1277 555 ἀφ’
1298 444 1345 545 ἧς
1367 441 1418 521 ἀν
1434 440 1518 593 ἕξύη

310 572 401 721 πρὸς
419 573 539 678 ἕτερόν
557 609 592 656 τι
610 583 852 682 μεταχωροῦν,
871 577 930 656 καί
952 573 1041 679 ὅπερ
1064 575 1129 654 οῦκ
1150 571 1194 672 ἦν
1212 569 1425 673 γενόμενον.
1466 568 1519 642 καὶ

311 730 354 775 ου
341 693 493 796 ’δήπου
516 697 687 804 φαμέν,
665 733 713 783 ως
739 701 882 802 ε’πειπερ
907 699 1097 802 ἅνθροητος
1121 695 1243 777 καθ’
1223 699 1320 793 ημιῖις
1346 687 1462 794 ὤφθη
1485 723 1518 766 π

312 821 370 898 καὶ
403 818 550 921 γέγονεν
579 820 691 906 ὅντως
724 825 744 902 ὁ
778 821 1002 972 Μονηγενὴς,
1030 821 1162 928 ἐξίει-ιη
1190 825 1255 899 τοῦ
1285 812 1382 895 εἶναι
1414 811 1516 893 Θεὸς·

145 937 267 1055 ἔξω·
313 952 334 990 “
353 941 527 1047 ε’χθίς
481 978 553 1048 γαρ
586 949 644 1026 καὶ
676 944 837 1048 σήμερον
867 948 887 1025 ὀ
921 944 1027 1028 αύιὸς
1059 946 1117 1024 καὶ
1150 949 1197 1026 εἰς
1228 937 1313 1022 τοῦς
1348 933 1539 1019 αἰῶνας“5

312 1067 571 1171 προσειληφὼς
599 1067 637 1148 δέ
663 1075 809 1164 μᾶλλον
832 1068 920 1172 ὅπερ
946 1069 1009 1148 οῦκ
1036 1066 1082 1168 ἦν
1109 1064 1199 1166 μετά
1225 1071 1290 1144 τοῦ
1319 1067 1456 1140 σῶσαι
1483 1055 1519 1136 τῦ

147 1209 264 1267 94οι
283 1188 401 1268 οἰδιον
433 1191 663 1291 ἐκβεβηκέναι
699 1227 776 1276 πως
814 1198 944 1272 νοεῖται
982 1189 1074 1270 κατά
1110 1225 1151 1291 γε
1184 1187 1248 1268 τὸν
1279 1188 1320 1264 ἐν
1354 1184 1521 1283 θεωρίαις

313 1311 544 1407 εἰσβαίνοντα
562 1310 688 1416 λόγον.
728 1313 876 1421 ε’κλήφῃ
895 1315 932 1394 δέ
953 1315 996 1395 τό
1013 1311 1167 1420 Ἐξηλθεν
1186 1308 1286 1414 παρῖι
1304 1311 1364 1424 τοῦ
1388 1309 1521 1411 Πατρὶς

314 1437 372 1514 καὶ
401 1437 482 1516 καθ’
504 1437 635 1540 ἕτερον,
654 1443 683 1518 εἰ
709 1437 846 1536 βούλει,
865 1437 1013 1538 τρόπον·
1045 1434 1158 1545 ᾤοντο
1180 1432 1246 1535 μέν
1263 1431 1339 1536 γάρ
1368 1435 1406 1510 οἰ
1432 1427 1523 1530 πρὸς

314 1557 426 1655 μόνας
454 1562 608 1658 ἀμαθίας
635 1562 885 1642 εύπετέστατοι
911 1567 1114 1662 Φαρισαῖοι,
1133 1557 1294 1660 καθάπερ
1322 1555 1398 1655 ἤδη
1427 1583 1558 1656 rma-10

312 1689 424 1778 εἷπον,
453 1686 535 1763 καθ’
567 1683 630 1761 ἕνα
660 1691 732 1764 τῶν
760 1689 1074 1790 ψευδοπροφητῶν
1104 1687 1152 1766 εἰς
1183 1681 1296 1778 μέσον
1325 1679 1430 1778 ἥκειν
1463 1675 1524 1754 τὸν

316 1803 450 1906 Κύρων
469 1805 567 1908 παρά
589 1811 685 1886 Θεοῦ
713 1805 779 1902 μέν
801 1807 866 1886 ούκ
894 1807 1183 1904 ἀπεσταλμένον,
1200 1801 1273 1915 ἀπὸ
1301 1800 1342 1880 δὲ
1371 1800 1524 1901 γνώμης

313 1931 377 2026 τῆς
395 1930 533 2026 οἰκείας,
552 1928 714 2032 καθάπερ
732 1927 777 2028 ἦν
795 1929 876 2012 ε”θος
894 1931 1036 2012 ε’κείνοις
1060 1927 1107 2008 τοί
1130 1933 1182 2036 τῷ
1207 1925 1305 2032 νόμῳ
1329 1924 1523 2028 μαχόμενα

314 2057 387 2134 τοῖς
418 2054 466 2136 ὡς
495 2051 603 2133 αὐτὸν
633 2058 728 2134 ἰοῦσι
757 2058 998 2155 προσλαλεῖν.
1047 2051 1107 2132 διά
1138 2051 1210 2153 γάρ
1238 2083 1294 2128 τοι
1320 2056 1434 2129 τοῦτο
1467 2050 1521 2125 καί

316 2177 472 2255 ἀπειθεῖν
490 2176 717 2272 ἐσκέπτοντο,
735 2174 803 2274 τὴν
820 2183 885 2256 τοῦ
908 2174 1019 2272 νόμου
1040 2174 1193 2278 τήρησιν
1212 2173 1439 2280 φιλαιτάτην
1459 2170 1522 2270 μέν
1534 2201 1558 2257 1⁵

282 2293 405 2376 οείναι
433 2297 600 2400 λέγοντες
626 2304 677 2406 τῷ
699 2304 783 2405 Θεῷ
811 2301 869 2378 καί
894 2302 1024 2401 Πατρί,
1043 2295 1297 2401 παραλύεσθαι
1323 2293 1444 2396 γεμὴν
1466 2292 1521 2371 διὰ

317 2426 390 2499 τοῖν
414 2421 522 2500 αι’ντοῦ
550 2419 789 2522 διδαγμάτων.
827 2423 956 2502 οὐκοῦν
974 2425 1022 2504 ὡς
1041 2426 1125 2528 Θεῷ
1149 2418 1355 2524 μαχόμενον
1384 2419 1446 2496 καί
1474 2419 1520 2498 ὡς

317 2551 392 2626 τοῖς
418 2546 501 2646 παρ’
527 2547 636 2625 αὐτοῦ
664 2544 723 2624 διὰ
753 2545 941 2628 Μωυσέως
970 2543 1263 2642 τεθεσπισμένοις
1289 2545 1519 2622 ἀντιοτατεῖν

317 2665 492 2771 ᾑρημένον
511 2669 719 2748 ἀπεσείοντο
739 2666 803 2748 τὸν
822 2667 997 2770 Χριστὸν,
1017 2667 1213 2770 ἀλλότριον
1230 2663 1318 2745 εἶναι
1343 2670 1406 2745 καί
1425 2671 1519 2746 Θεοῦ

319 2787 378 2868 διά
395 2797 501 2868 τοῦτο
520 2789 752 2893 λογιζόμενοι.
791 2791 876 2870 ἀλλ’
896 2792 963 2895 οὐχ
981 2793 1092 2874 οὕτως
1110 2797 1143 2870 οἰ
1161 2789 1327 2892 μακάριοι
1346 2791 1516 2889 μαθηταί.
1530 2826 1558 2864 ιο

318 2915 544 3020 πεφιλήκασι
571 2912 643 3018 γοίρ
673 2913 782 2994 αύτῦν
811 2919 875 3014 τῆς
904 2921 977 2994 τῶν
1004 2912 1188 2994 Ἰουδαίων
1217 2914 1445 3008 δυσβουλίας
1475 2913 1517 2992 τῦ

318 3037 450 3137 ἀμείνω
470 3035 806 3143 φρονήσαντες,καί
831 3036 1114 3119 πεπιστεύκασιν
1132 3041 1289 3136 ἀληθῶς,
1308 3035 1364 3116 ὅτι
1383 3037 1517 3144 ε’ᾖλθευ

319 3159 392 3240 ἀπὸ
407 3163 501 3256 Θεοῦ,
515 3158 607 3240 κατὰ
624 3147 855 3264 τοῦςίἀρτίως
873 3162 957 3261 ἡμῖν
975 3163 1176 3267 εἰρημένους
1194 3159 1359 3263 τρόπους.
1389 3159 1519 3256 ταύτης

291 3315 376 3363 οτοι
397 3287 461 3382 τῆς
483 3285 597 3368 αἰτίας
618 3283 719 3364 ἕνεκα
738 3287 795 3363 καί
813 3288 1034 3392 πεφίληνται
1052 3284 1151 3388 παρὰ
1171 3281 1329 3386 Πατρῦς,
1347 3282 1416 3382 τὴν
1435 3283 1518 3381 ἰσην

320 3403 445 3508 ὥσπερ
468 3405 511 3512 ἐξ
534 3409 688 3506 ἀμοιβῆς
705 3407 889 3511 δεχόμενοι
908 3407 1026 3514 χάριν.
1065 3415 1094 3488 εἰ
1120 3406 1159 3489 δέ
1188 3407 1358 3513 φίλτατοι
1384 3405 1453 3505 μέν
1472 3413 1554 3512 τφη

322 3532 405 3633 Θεῷ
424 3530 481 3606 καί
501 3533 629 3630 Πατρί,
649 3533 707 3609 καὶ
726 3531 810 3610 λίαν
829 3532 922 3630 ἡδεῖς
942 3538 974 3611 οἰ
994 3536 1032 3612 ἐκ
1051 3537 1148 3612 Θεοῦ
1169 3530 1233 3612 τὸν
1250 3529 1342 3610 Υῖῦν
1359 3529 1518 3635 ἐξελθεῖν

320 3649 560 3748 πιστεύοντες,
580 3651 865 3755 κατεστύγηνται
891 3654 1060 3755 δηλονότι
1085 3657 1143 3734 καί
1168 3659 1345 3754 θεομισεῖς
1374 3657 1517 3753 ἀληθοῦς

322 3779 356 3852 οἰ
374 3771 440 3872 τὴν
458 3775 596 3858 τούτοις
617 3776 777 3856 ἐναντίαν
796 3777 1019 3878 νοσήσαντες
1041 3776 1164 3885 δόξαν.
1205 3780 1263 3859 καί
1282 3781 1312 3856 εἰ
1330 3782 1407 3860 τοῖς
1425 3779 1514 3878 ἀγα·

322 3905 423 3979 πῶσι
444 3896 507 3978 τὸν
525 3898 615 3980 Υἰὸν
636 3899 862 4000 ἑτοιμότατος
887 3902 971 3982 λίαν
989 3909 1037 3986 εἰς
1065 3901 1107 3982 τὸ
1130 3903 1332 3984 ὑπακοῦσαι
1355 3898 1463 3997 Θεῦς,
1481 3902 1516 3980 ού

323 4021 561 4129 προσδέξεται
584 4023 752 4124 δηλονότι
776 4031 848 4104 τῶν
866 4023 917 4124 μὴ
935 4025 1106 4105 τοιούτων
1124 4023 1190 4109 τοίς
1212 4022 1432 4128 προσευχαῖς·
1465 4027 1550 4114 καίμ

324 4153 430 4224 τοῦτο
447 4143 492 4244 ἦν
510 4146 581 4250 ἄρα
598 4145 641 4228 τὸ
664 4147 722 4229 διά
746 4153 868 4256 φωνῆς
884 4148 1044 4230 Ἡσαΐου
1070 4148 1161 4253 πρὸς
1187 4145 1313 4231 αύτούς
1338 4147 1516 4250 εἰρημένον

362 4425 1310 4518 2.&oenep(01c)p3.vpat(s10)pmmmmm
1431 4429 1516 4495 1462

325 4490 445 4564 habetp.
555 4509 595 4566 15.
615 4495 818 4552 ε’σκίπτοντοΕ.
831 4497 995 4553 ε’σκιῦπτοντο
1007 4514 1033 4568 p.
1047 4497 1208 4567 ε’σκηητοντο
1221 4496 1271 4552 Ed.
