3274 5118
109 393 245 464 xv.23.
297 376 354 442 IN
386 377 419 442 S.
443 376 702 444 JOANNEM.
749 377 844 443 LIB.
868 378 910 443 X.
956 379 1058 445 CAP.
1082 379 1129 444 11.
1246 381 1306 444 601

112 541 176 618 καὶ
208 548 314 620 τοῦτο
344 541 443 626 εῖδάις
470 545 529 622 καὶ
557 541 663 627 αὐτὸς
693 543 713 621 ὁ
740 541 886 624 πάντων
916 541 1110 644 Δεσπότης
1138 543 1308 642 “Ἐμοῖ,”
1358 547 1478 666 {⁰2¹5-

113 666 249 768 φησὶν,
271 665 494 766 (ιὲκδίκησις,
520 665 591 768 ἐγὼ
620 665 878 764 ἀνταποδώσω,
898 667 995 770 λέγει
1015 666 1180 769 Κόριος,”
1208 667 1309 748 ἀλλά
1372 631 1396 684 ⁹⁸

112 788 176 865 καῖ
194 784 299 870 αὑτός
317 789 401 887 ἡμῖν
419 789 439 868 ὁ
457 787 628 893 μακάριος
649 795 809 887 Παῦλος,
827 789 896 871 ὑπό
915 824 1011 874 τινος
1029 795 1101 870 τῶν
1118 789 1310 895 ἀρχιερέων

112 909 344 1010 τιπττόμενος,
372 916 435 1011 τῆς
463 915 519 993 ε’πὶ
547 919 599 1020 τῷ
629 911 786 1019 πάσχειν
813 915 955 1016 πικρίας
983 915 1050 1021 οὐχ
1076 912 1200 1017 ἑτέραν
1225 913 1310 1019 ἔσχε

74 1032 395 1140 5παραψυχήν,ἢ
420 1034 553 1138 ταύτην
580 1035 702 1137 αι’ττήν·
741 1039 780 1118 τί
803 1036 876 1140 γάρ
900 1037 970 1145 ἔφη
982 1069 993 1135 ;
1036 1047 1058 1084 “
1076 1035 1235 1118 Τύπτειν
1264 1070 1309 1116 σε
1355 1063 1423 1112 και
1433 1061 1476 1111 SS.

114 1166 140 1204 “
159 1156 291 1256 μέλλει
320 1160 340 1238 ὁ
365 1157 467 1258 Θεὸς,
495 1167 592 1265 τοῖχε
625 1161 879 1260 κεκονιαμένε.”
931 1160 1115 1245 ἀσθενείας
1145 1161 1208 1241 οὖν
1240 1130 1479 1265 o't'padssp'mu'

114 1279 311 1388 φάρμακον
347 1284 572 1384 ἀνθρωπίνης
606 1288 665 1364 καὶ
711 1293 831 1382 τοῦτο,
877 1283 920 1365 τό
962 1281 1182 1388 κολάζεσθαί
1216 1291 1310 1392 φημι

113 1409 327 1506 προσδοκᾶν
354 1403 437 1490 τοὺς
463 1407 595 1486 ἀδικεῖν
619 1407 819 1505 ἑλομένους.
860 1408 1029 1511 κρείττων
1055 1406 1168 1510 γεμήν
1187 1413 1245 1488 καὶ
1273 1411 1311 1487 ἐν

114 1527 256 1608 πλείονι
274 1529 392 1638 μέτρῳ
411 1533 475 1629 τῆς
493 1530 717 1634 ἀνθρωπίνης
735 1531 977 1638 μικροψυχίας
995 1533 1015 1612 ό
1036 1531 1179 1634 Κύριος·
1201 1539 1223 1578 “
1233 1543 1311 1611 λοι-
1356 1529 1478 1661 {ig-5⁶⁶·

52 1687 100 1729 10
116 1659 139 1698 “
158 1652 369 1754 δοροιίμενος
397 1651 472 1758 γὰρ
499 1655 564 1733 οὐκ
591 1655 838 1758 ἀντελοιδόρει,
865 1655 1022 1760 πάσχων
1049 1656 1112 1734 οὐκ
1138 1654 1309 1755 ἠπείλει,”

115 1775 210 1855 κατά
227 1776 269 1856 τό
289 1775 545 1880 γεγραμμένον·
571 1777 802 1882 ῥαπιζόμενος
824 1775 871 1877 δὲ,
889 1777 1061 1886 φορτικὸν
1079 1775 1175 1860 εἶπεν
1193 1776 1309 1876 οὐδὲν,

115 1900 197 1979 οὔτε
215 1897 287 1999 μὴν
311 1900 486 2000 ἠπείλησε
508 1903 559 2009 τῷ
576 1908 707 1982 παῖσαι
730 1900 976 2002 τετολμηκότι,
994 1901 1179 2006 πραότατα
1197 1900 1235 1982 δὲ
1253 1905 1312 1982 καὶ

116 2021 334 2130 ἀνεξικάκως
353 2027 480 2131 κομιδῇ
499 2036 521 2073 “
533 2031 578 2106 Ei
597 2032 722 2124 κακῶς,
739 2027 865 2133 φησὶν,
884 2024 1062 2124 ε’λάλησα,
1080 2024 1313 2129 μαρτύρησον
1358 2025 1428 2140 {221⁸}
1442 2103 1480 2146 2³·

118 2155 141 2193 “
159 2151 239 2249 περὶ
257 2157 322 2227 τοῦ
340 2157 461 2228 κακοῦ·
500 2155 530 2229 εί
555 2147 593 2228 δὲ
618 2156 749 2247 καλῶς,
767 2151 805 2228 τί
829 2183 873 2248 με
898 2149 1007 2252 δέρεις
1019 2149 1051 2246 ;”
1081 2148 1220 2249 ἀληθής
1249 2149 1343 2229 οὖνο
1456 2135 1462 2150 ’

61 2297 102 2357 15
119 2269 191 2374 ἀρα
218 2277 292 2358 τοῖς
319 2271 522 2380 προφήταις
540 2275 560 2352 ό
579 2271 689 2373 λόγος
717 2271 833 2353 ““On
851 2273 905 2358 τίς
926 2274 964 2353 ἑν
983 2272 1153 2380 νεφέλαις
1176 2271 1310 2373 ίσωθή-
1357 2267 1470 2383 ffixvfli.

119 2405 142 2442 “
160 2429 265 2475 σεται
294 2401 344 2503 τῷ
364 2397 496 2505 Κυρίῳ,
519 2393 543 2496 ἢ
567 2396 620 2482 τίς
650 2395 913 2498 ὁμοιωθήσεται
936 2402 988 2506 τῷ
1012 2396 1134 2507 Κυρίῳ
1161 2399 1199 2478 ἑν
1227 2399 1313 2480 υῖοῖς
1360 2411 1382 2462 ⁷·

120 2527 143 2567 “
160 2523 258 2600 Θεοῦ
271 2520 307 2615 ;”

316 2771 358 2838 ‘0
385 2772 442 2850 ἐμὲ
469 2773 573 2850 μιοῶν
602 2774 654 2839 καί
681 2774 737 2842 τὸν
764 2747 895 2863 Πατέρα
923 2795 984 2850 μου
1011 2765 1108 2850 μισεῖ.
1328 2795 1365 2854 ²³

175 2941 390 3044 Ἀθεότητος
425 2944 588 3046 ἑγκλημα
626 2943 799 3050 καθαρίζει
829 2951 960 3051 σαφῶς
991 2951 1064 3025 τῶν
1096 2943 1140 3049 ἑξ
1167 2939 1329 3022 ἀνοσίου
1346 2945 1434 3016 Ἣ..

69 3101 108 3142 20
121 3069 265 3171 γνιόμης
298 3072 355 3147 καὶ
382 3068 511 3174 φρενὸς
530 3069 829 3172 ε’κκεκρουσμένης
855 3074 975 3168 μισεῖν
996 3065 1104 3147 αὐτὸν
1122 3063 1310 3163 ἑλομένων.

122 3197 179 3274 καὶ
198 3192 269 3298 γάρ
289 3196 389 3272 ε’στιν
407 3191 552 3292 ἀληθές·
584 3195 626 3271 οὐ
644 3190 716 3295 γάρ
729 3191 924 3298 ἀφέξονται
942 3195 1006 3290 τῆς
1024 3197 1073 3274 εἰς
1089 3185 1153 3269 τόν
1167 3187 1314 3289 Πατέρα

122 3317 368 3418 πλημμελείας
406 3319 439 3395 οῖ
468 3313 532 3395 τὸν
567 3315 658 3396 Υῖὸν
695 3314 929 3416 ἀτιμάζοντες,
962 3314 1074 3416 ἤγουν
1107 3311 1161 3393 ότι
1190 3311 1344 3414 πρέπεις
1363 3337 1481 3394 υοοὼ

124 3449 244 3540 μισεῖν
263 3437 464 3542 ἐγνωκότες.
506 3437 615 3542 όνπερ
633 3437 705 3542 γάρ
723 3438 858 3541 τρόπον
876 3443 908 3518 οῖ
927 3437 993 3538 τήν
1011 3445 1075 3518 τοῦ
1095 3436 1199 3536 ἡλίου
1217 3469 1311 3539 μαρ-

124 3563 296 3668 μαρυγὴν,
312 3566 360 3646 ὡς
378 3563 430 3642 ἐπ’
447 3563 560 3642 οὐδενὶ
577 3567 650 3640 τῶν
668 3561 869 3664 ἀναγκαίων
881 3565 1003 3670 φαίνοι
1021 3595 1058 3640 τε
1074 3562 1133 3640 καῖ
1153 3557 1316 3663 ὑπάρχοι,

76 3717 112 3778 25
125 3688 366 3791 διασύροντες,
396 3685 461 3771 τάς
487 3689 551 3785 τῆς
581 3685 807 3790 ἀχρειότητος
832 3687 944 3770 αῖτίας
971 3688 1029 3766 καὶ
1056 3683 1122 3794 τὴν
1148 3685 1200 3764 ἐπ’
1227 3684 1317 3787 αι’ττῇ

126 3817 253 3920 ψῆφον
270 3817 319 3896 εῖς
336 3807 445 3892 αὐτόν
463 3809 686 3890 ἀνατείνουσι
702 3807 767 3890 τόν
784 3809 833 3918 ἑξ.
844 3810 953 3913 οὗπέρ
972 3805 1063 3890 ἑστι·
1099 3810 1158 3887 καὶ
1177 3807 1317 3914 ὅτῳπερ

126 3933 168 4016 ἀυ
191 3943 337 4016 κακῖινοιι
362 3940 449 4042 δοκῇ
472 3932 538 4035 τήν
556 3934 600 4041 ἑξ
616 3931 752 4014 ἀνθέων
769 3931 879 4039 τυχόν
897 3934 1053 4031 εὐωδίαν,
1073 3933 1126 4012 ἐπ’
1146 3932 1255 4009 ε’κεῖνο
1273 3929 1317 4030 δή

125 4063 264 4144 πάντως
291 4057 428 4139 ἀνοίσει
452 4057 494 4139 τό
522 4058 686 4160 ἔγκλημα
709 4056 752 4138 τό
779 4057 824 4164 ἐξ
848 4055 958 4160 οὗπερ
983 4053 1029 4136 ἀν
1047 4055 1213 4136 τίκτοιτο·
1254 4051 1318 4132 τὸν

127 4179 230 4260 αὐτὸν
245 4176 342 4280 οἶμαι
360 4176 495 4282 τρόπον
516 4179 577 4256 ἑπί
593 4183 713 4256 τετοῦ
733 4181 962 4278 Μονογενοῦς
981 4177 1040 4255 καὶ
1061 4182 1125 4254 τοῦ
1155 4170 1318 4255 τεκόντος

83 4299 483 4404 ςοαότδνσνμβήσεται.
515 4301 639 4404 οάγάρ
656 4293 1317 4406 ἔστινοὐκέστικαταφεγοντάςτινας

162 4551 186 4608 7.
205 4537 349 4607 κοὶρςοτὸ
362 4535 464 4608 Migne.
634 4551 676 4601 ¹⁴·
693 4529 791 4600 ἀληθής
804 4529 837 4586 Ε.
849 4529 952 4600 δληθῦς
964 4528 1016 4586 Ed.
1175 4543 1218 4584 τι.
1237 4528 1317 4584 olu-

130 4617 265 4680 uumptum
277 4625 310 4662 ex
323 4607 355 4662 E.
516 4605 559 4661 28.
576 4605 607 4660 εδ
619 4605 664 4659 ιλ.
678 4603 710 4658 E.
723 4605 769 4657 τὸν
781 4599 832 4657 Ed.
989 4617 1032 4672 πη.
1051 4623 1080 4656 τι
1093 4599 1126 4656 Ε.
1138 4621 1169 4672 γε
1182 4597 1234 4655 Ed.

168 4709 238 4754 τοι.
254 4709 291 4755 ιι.
704 4705 725 4763 4
741 4703 763 4748 11
