3238 5114
302 269 370 350 τοι
516 291 519 298 ,
608 263 1204 332 B.cYR1LL1ALExANnn.
1297 259 1501 342 πόσῳ,

304 430 447 516 πάντως
464 433 560 538 αὐτῷ
579 429 621 510 τὸ
640 429 825 532 διασώζειν
843 429 1019 508 δύνασθαι
1043 426 1126 512 τοὺς
1143 417 1367 525 σεβομένους
1388 421 1503 516 αὐτὸν,

306 557 388 636 καθ’
412 553 454 634 ὃν
472 552 517 634 ἂν
539 553 709 650 βούλοιτο
737 551 877 658 χρόνον,
897 555 956 632 καί
983 558 1013 632 εί
1039 551 1090 651 μὴ
1115 547 1242 654 παρὼν
1268 549 1389 656 ὁρῷτο
1419 545 1503 644 μετὰ
1579 605 1580 610 1

306 677 451 779 σαρκός.
491 679 644 758 κείσεται
671 675 743 780 γὰρ
760 678 799 756 ἐν
817 676 942 784 τούτῳ,
972 674 1015 755 τὸ
1042 675 1181 756 τελείαν
1208 673 1301 778 ἔχειν
1329 670 1505 750 δύνασθαι

306 803 365 880 καὶ
383 803 475 900 ἡμᾶς
493 799 545 894 τῆν
559 800 681 909 χαρὶν,
701 798 763 880 ἅτε
782 798 826 900 δὴ
840 802 898 880 καὶ
915 797 1023 902 ἐγγὺς
1041 801 1094 879 σἰεὶ
1114 800 1171 877 καί
1189 791 1506 899 συμποραστιίτην

306 925 453 1030 ἔχοντας
470 922 534 1005 τὸν
552 927 770 1032 ἐξαιρεῖσθαι
788 922 923 1006 παντὸς
940 921 1157 1030 ἓξισχιίοντα
1174 927 1297 1002 κακοῦ.
1516 939 1528 998 5

259 1191 395 1266 ιιἘςὼ
430 1191 559 1258 δέδωκα
595 1187 706 1258 αὐτοῖο
741 1189 797 1260 τόν
829 1193 926 1266 κότον
961 1213 1030 1270 σου,
1062 1187 1114 1254 καί
1148 1190 1167 1258 ό
1199 1189 1322 1265 κόσμοι
1354 1185 1506 1263 ὲμίσεισει

140 1325 296 1380 onom
360 1317 488 1398 αὐτοὺς,
518 1319 568 1384 ότι
600 1317 658 1382 οὐκ
692 1313 772 1384 εἰσίν
804 1318 841 1382 ἐκ
872 1322 929 1382 τοῦ
961 1318 1082 1392 κόσμου
1114 1314 1224 1380 κσθὼσ
1253 1313 1321 1390 esd>
1354 1313 1418 1378 οὐκ
1450 1309 1509 1388 εἰμί

259 1445 293 1502 15
359 1444 396 1507 ἑκ
418 1447 475 1509 τοῦ
502 1447 632 1520 κόσμου·
668 1444 728 1510 υόκ
754 1442 872 1533 ἐρωτῶ
895 1443 949 1508 ίνο
973 1443 1056 1532 ἅρεμ
1079 1439 1197 1506 αὐτοὺς
1223 1439 1260 1504 ὲκ
1287 1444 1347 1505 τοῦ
1375 1441 1508 1516 κόσμου,

309 1613 311 1622 .
358 1569 428 1632 ἀλλ’
458 1569 511 1634 ίνσ
539 1571 683 1660 τιιριίσιμ
711 1570 829 1635 αὐτοὺς
854 1571 893 1634 ἐκ
920 1573 977 1634 τοῦ
1005 1570 1163 1656 πονηροῦ.

312 1841 315 1846 ,
363 1745 439 1838 Τῆς
469 1741 604 1821 ἄνωθεν
635 1745 693 1820 καί
722 1739 822 1845 παρὰ
850 1740 996 1842 Πατρός
1025 1740 1199 1839 εὖμενείας
1222 1735 1511 1843 χρειωδεοτάτην
1524 1771 1551 1810 10

307 1864 392 1962 ἡμῖν
418 1865 608 1970 ἀποφαίνει
632 1864 698 1964 τὴν
724 1865 896 1963 ἐπίδοσιν,
927 1861 972 1965 ῆν
1004 1867 1062 1943 καί
1094 1865 1132 1943 ἐν
1164 1861 1265 1969 τάξει
1300 1864 1442 1946 δικαίας
1473 1895 1510 1939 τε

308 1989 367 2064 καὶ
385 1985 687 2089 πρεπωδεστάτης
704 1991 856 2088 ἀμοιβῆς
874 1988 1065 2092 μονονουχὶ
1088 1989 1146 2066 καὶ
1165 1987 1399 2092 ὠφειλῆσθαί
1415 1993 1510 2092 φησι

306 2107 397 2217 πρὸς
422 2113 531 2190 αὑτοῦ
553 2117 627 2197 τοῖς
651 2111 694 2191 δι’
714 2112 823 2191 αὐτὸν
842 2109 1095 2192 κινδυνεύουσι.
1133 2116 1236 2208 μισεῖ
1250 2107 1321 2213 γὰρ
1341 2117 1357 2191 ι’
1378 2112 1509 2216 κόσμος

307 2231 366 2312 διὰ
396 2233 490 2314 Θεὸν
519 2233 601 2318 τοὺς
629 2241 711 2344 Θεῷ
741 2233 1056 2338 προσεδρεύοντας,
1087 2236 1145 2314 καί
1177 2239 1250 2317 τοῖς
1282 2235 1366 2335 παρ’
1400 2234 1509 2313 αὐτοῦ

307 2357 551 2460 διωρισμένως
568 2358 724 2444 εἴκοντας
742 2357 871 2456 νόμοις,
890 2361 948 2438 καὶ
967 2356 1080 2460 λόγον
1098 2357 1223 2438 οὐδένα
1240 2361 1304 2456 τῆς
1321 2359 1361 2438 ε’ν
1379 2356 1508 2466 κόσμιρ
1523 2393 1554 2449 15

279 2583 281 2590 y
307 2479 534 2577 ποιουμένους
555 2480 747 2582 ἡδονῆς,οί
772 2485 830 2562 καί
850 2479 1057 2586 πρεπόντως
1085 2478 1130 2561 διν
1153 2479 1294 2586 τύχοιεν
1315 2483 1507 2584 συνεργίας

307 2607 371 2695 τῆς
389 2601 473 2703 παρ’
493 2606 602 2684 αὐτοῦ
619 2609 676 2685 καί
696 2605 852 2711 χάριτος,
872 2609 1011 2704 καὶτῆς
1030 2611 1078 2689 είς
1095 2603 1137 2685 τίν
1156 2605 1194 2684 εό
1213 2599 1300 2683 εἶναι
1321 2608 1504 2702 διαμονῆς.

185 2757 194 2764 ’
273 2725 362 2818 μετ’
387 2727 483 2833 αὐτῷ
507 2725 579 2828 γὰρ
603 2727 869 2828 ἀνακεκλιμένοι
892 2728 1028 2832 τρόπον
1052 2725 1132 2808 τινὰ
1159 2730 1218 2808 καὶ
1244 2725 1507 2827 θαρσήσαντες,

308 2853 366 2930 καὶ
391 2848 454 2929 τὸν
473 2852 515 2930 δι’
542 2849 650 2932 αὐτὸν
674 2851 842 2956 ἀράμενοι
866 2850 1038 2951 πόλεμον,
1058 2853 1117 2931 καί
1140 2857 1214 2934 τοῖς
1242 2849 1329 2952 ὑπὲρ
1357 2849 1509 2950 δύναμιν

307 2974 481 3074 ὁμιλῆσαι
500 2975 671 3060 κινδύνοις
690 2977 731 3055 οὐ
750 2975 1031 3072 καταδείσαντες,
1050 2981 1128 3058 πῶς
1146 2976 1210 3054 οὐκ
1227 2971 1273 3053 ἂν
1291 2973 1360 3074 ἤδη
1376 2973 1509 3055 λοιπὸν
1521 3012 1551 3052 20

307 3095 495 3198 ἀναλόγως
519 3103 570 3206 τῷ
589 3098 794 3202 προτεθέντι
822 3105 950 3206 σκοπῷ
972 3099 1183 3196 κομίσαιντο
1207 3093 1274 3196 τῆν
1297 3099 1507 3194 ἀντίδοσιν;

308 3217 367 3297 διὰ
394 3219 499 3299 τοῦτό
522 3233 637 3324 φησιν
663 3221 830 3326 ὁΣωτὴρ
855 3222 909 3302 ότι
936 3221 1004 3326 ἑγιίι
1029 3217 1161 3302 δέδωκα
1188 3225 1301 3308 αὐτοῖς
1332 3221 1385 3301 τὶν
1411 3223 1509 3325 λόγον

308 3377 366 3422 σου
396 3351 455 3423 καί
483 3353 497 3425 ὃ
519 3345 645 3451 κόσμος
664 3347 817 3449 ἐμίσησεν
836 3345 953 3432 αὐτους
972 3345 1021 3426 ἰ’τι
1051 3351 1110 3426 οὐκ
1135 3353 1214 3426 είσίν
1239 3345 1279 3426 εἰι
1301 3347 1358 3425 τσῧ
1378 3345 1510 3451 κόσμου

310 3463 421 3552 ναόῶς
440 3465 508 3570 ἐγῶ
536 3472 594 3548 οὐκ
620 3477 685 3575 εἰμί
716 3471 755 3550 εἰι
780 3471 835 3552 τιό
856 3477 995 3577 κόσμον.
1033 3467 1274 3576 παρεδέξαντο
1291 3465 1379 3573 γιίιρ,
1403 3473 1509 3574 φησί,

309 3590 367 3666 καὶ
395 3590 478 3668 λίαν
503 3591 666 3691 ἀσμένως
692 3593 755 3673 τὸν
782 3593 862 3692 σὸν,
882 3590 912 3673 ὦ
932 3593 1066 3697 Πάτερ,
1085 3595 1127 3673 δι’
1154 3595 1240 3692 ἐμοῦ
1263 3589 1355 3694 πρὸς
1379 3591 1549 3684 αὖτοῦςις

280 3711 484 3813 ογεγυνότα
508 3713 633 3816 λόγον,
658 3717 821 3796 τουτέστι
848 3715 890 3798 τὸ
914 3715 1081 3821 κήρυγμα
1104 3714 1147 3797 τό
1172 3713 1418 3820 εὐογγελικὸν,
1439 3717 1509 3824 ἔξω

306 3869 379 3944 που
397 3835 486 3940 ζωῆς
503 3843 678 3940 κωμικῆς
695 3843 752 3919 καὶ
771 3839 1012 3947 φρονημάτων
1030 3839 1279 3943 γεωδεστέρων
1292 3841 1509 3944 ἀποκομίᾷιν

308 3957 463 4045 εὐκόλως
487 3960 570 4048 τοὺς
595 3961 849 4066 προσιεμένους
873 3961 972 4045 αὐτό.
1020 3963 1079 4044 διά
1105 3997 1162 4045 τοι
1189 3970 1294 4042 τοῦτο
1322 3965 1382 4041 καὶ
1409 3961 1509 4066 παρὰ

308 4089 371 4160 τοῦ
395 4081 534 4183 κόσμου
552 4088 777 4187 μεμίσηνται,
796 4087 972 4186 τουτέστι,
990 4093 1063 4168 τῶν
1081 4085 1127 4167 τὰ
1145 4088 1183 4168 ἐν
1201 4089 1289 4195 τῷδε
1309 4091 1361 4194 τῷ
1379 4084 1508 4194 κόσμῳ

308 4203 453 4308 φρονεῖν
477 4207 665 4307 ἑλομένων,
688 4213 745 4290 καὶ
770 4209 836 4310 τῆν
860 4209 1058 4318 φιλήδονον
1083 4211 1216 4312 ταύτην
1242 4213 1301 4291 καὶ
1327 4243 1504 4313 μυσαρω·
1519 4238 1546 4296 3⁰

346 4418 386 4456 ιν.
406 4405 446 4457 καί
459 4405 505 4460 alt.
519 4417 688 4478 assumptum
701 4427 733 4463 ex
746 4409 777 4464 E.
884 4424 926 4480 27.
945 4408 1104 4478 ἀποκομίζειν
1118 4409 1150 4465 E.
1245 4425 1287 4481 29·
1305 4409 1506 4480 μεμίοηντσιΕι

307 4474 445 4542 μεμίσηται
459 4474 509 4530 Ed.
675 4496 718 4552 30.
738 4481 845 4551 φρονεῖν
856 4489 1025 4552 assumptum
1038 4499 1070 4536 ex
1084 4481 1116 4536 E.
1163 4525 1166 4530 .
