3200 5092
446 337 488 403 62
750 341 788 407 Β.
812 341 1018 408 OYRILLI
1048 341 1336 408 ALEXANDR.

446 510 551 603 μεθα·
587 505 823 606 δικαιούμενοι
849 506 888 587 δέ
916 507 1007 612 πρὸς
1036 509 1240 611 ἐλευθερίαν
1266 507 1333 604 τὴν
1359 510 1476 607 ἀληθῆ

448 663 564 728 νομεν,
577 629 877 729 καταταττόμενοι
895 631 1025 712 λοιπὸν
1044 633 1108 712 οῦκ
1126 635 1163 712 ἐν
1177 631 1319 716 δούλοις
1337 632 1389 712 ἐτι
1408 637 1476 710 καθ

413 754 632 855 δπρότερον,
662 755 746 834 ἀλλ’
780 757 819 835 ἐν
850 759 936 840 υἱοῖς
973 755 1141 856 δηλονότι
1175 761 1284 836 Θεοῦ.
1330 759 1389 835 καὶ
1426 791 1476 853 μα

447 876 567 978 λέγων
586 878 606 956 δ
623 875 791 978 Ἰωάννης
809 879 894 981 περί
908 911 947 957 τε
966 883 1133 980 Χριστοῦ
1160 882 1219 958 καὶ
1243 886 1317 960 τῶν
1334 913 1476 960 πιστευι

280 987 391 1106 ῗξῗηί·
448 997 557 1080 αὐτόν
589 996 740 1080 “”οσοι
773 1000 810 1080 δέ
842 999 979 1094 ἔλαβον
1011 1000 1134 1099 αὐτὸν,
1169 1001 1298 1082 ἔδωκεν
1328 1003 1449 1084 αὐτοῖς

447 1132 470 1170 “
487 1121 593 1203 τέκνα
612 1130 709 1204 Θεοῦ
734 1122 939 1225 γενέσθαι.”
967 1124 1156 1228 χρησίμως
1180 1133 1370 1228 τοιγαροῦν
1389 1127 1409 1204 ὁ
1431 1130 1476 1203 Κι

447 1245 611 1349 Χριστός
634 1249 745 1347 ἡμῶν,
763 1246 806 1328 τὸ
824 1245 889 1344 μέν
907 1247 1096 1351 θαυμάζειν
1112 1247 1164 1340 ἔτι
1187 1246 1251 1332 τὰς
1274 1249 1311 1327 ἐν
1330 1245 1429 1354 νόμῳ
1452 1283 1476 1326 σ

447 1371 489 1475 ἐᾷ
517 1367 600 1454 τοῦς
629 1371 864 1454 πιστεύοντας
895 1377 943 1455 εἰς
974 1370 1093 1450 αὐτόν·
1136 1369 1238 1450 οῦδὲν
1266 1369 1338 1474 γὰρ
1366 1375 1405 1450 ἐν
1433 1373 1476 1450 ἐκι

447 1497 623 1600 ὠφελοῦν,
642 1495 720 1595 ἤτοι
739 1499 803 1594 τῆς
825 1497 984 1595 ἀληθοῦς
1010 1497 1211 1597 ἐλευθερίας
1234 1495 1426 1600 πρόξενον·
1456 1497 1476 1573 ἐν

447 1616 486 1697 δὲ
513 1625 659 1716 μᾶλλον
685 1617 861 1698 ἐπιτάττει
890 1616 941 1710 τλν
969 1616 1135 1712 ἀληθειαν.
1176 1617 1234 1697 διά
1262 1618 1393 1718 ταύτης
1421 1617 1476 1720 γδη

447 1739 629 1844 ἀραρότως
660 1739 990 1852 ε’λευθερωθήσεσθαι
1021 1741 1129 1844 λέγει,
1160 1740 1252 1822 κατὰ
1281 1739 1348 1841 τὴν
1381 1745 1419 1821 ἐν
1447 1777 1476 1821 τι

419 1863 566 1964 ομένοις
593 1865 753 1964 δύναμιν.

397 2105 434 2162 33
448 2097 585 2189 Σπέρμα
607 2100 756 2190 Ἀβραάμ
784 2100 891 2179 ἐσμεν,
911 2101 965 2165 καί
989 2097 1097 2165 οὐδενὶ
1121 2099 1379 2176 δεδουλεύκαμεν
1399 2099 1476 2166 subn

715 2227 752 2292 οὺ
780 2227 885 2301 λέτειο
911 2227 962 2294 ὅτι
988 2225 1156 2315 ἐλεύθεροι
1183 2227 1376 2308 τενιίοεοθε;

504 2395 718 2491 Διαγελῶσι
750 2389 865 2470 πάλιν
895 2398 960 2470 τοῦ
995 2394 1163 2492 Σωτῆρος
1195 2391 1297 2488 ἡμῶν
1329 2389 1395 2489 τὴν
1426 2391 1476 2469 ῦπι

447 2512 650 2614 μᾶλλονδὲ
674 2513 743 2614 ἤδη
770 2515 829 2592 καὶ
853 2515 1104 2620 δυσφοροῦσιν
1123 2517 1171 2597 ὡς
1190 2514 1411 2616 ὑβρισμένοι.
1453 2547 1474 2591 τ

448 2637 610 2722 δουλείας
641 2638 807 2738 μετίστιν
841 2636 952 2734 οὐδὲν,
982 2643 1060 2721 πῶς
1092 2633 1137 2716 ἀν
1170 2637 1294 2734 δέοιτο,
1326 2639 1431 2743 φησὶ,
1461 2671 1475 2715 ι

446 2761 651 2865 ἐλευθερίαν
675 2769 872 2845 καλοῦντος
897 2761 999 2860 ἡμᾶς,
1020 2764 1078 2840 καὶ
1104 2764 1153 2844 ὡς
1177 2763 1216 2839 ἐν
1240 2759 1453 2864 προσθήκης

447 2883 648 2989 ἐνυπάρχον
669 2884 739 2986 ἤδη
767 2883 940 2971 διδόντος·
971 2887 1145 2987 ἀγνοοῦσι
1173 2882 1221 2982 δέ,
1242 2884 1356 2964 καίτοι
1385 2887 1472 2984 δοκη

446 3006 617 3107 εἰωθότες,
642 3009 697 3088 ὅτι
725 3010 851 3112 γε’γονε
878 3009 944 3107 μὲν
969 3009 989 3087 ὁ
1018 3007 1218 3111 προπάτωρ
1241 3006 1411 3116 Ἀβριιιὶμ
1440 3009 1473 3086 αι’

411 3131 623 3231 δέπισήμου
648 3131 740 3212 κατὰ
765 3131 829 3211 τὸν
849 3130 1000 3230 κόσμον,
1018 3132 1104 3211 ἀλλ’
1125 3130 1203 3210 οὐδὲ
1229 3137 1303 3215 τοῖς
1327 3134 1365 3210 ἐν
1382 3135 1472 3236 τῷδε

446 3255 721 3360 θαυμαζομένοις
738 3254 1058 3361 περιφανέστατος,
1076 3254 1379 3357 κατελαμπρύνθη
1398 3253 1435 3332 δέ
1454 3259 1471 3333 δ

361 3413 368 3428 ·
445 3382 510 3476 τῆς
527 3380 684 3464 πίστεως
702 3385 767 3478 τῆς
784 3385 831 3464 εὶς
851 3378 956 3460 Θεόν·
984 3389 1006 3426 “
1020 3379 1239 3459 Ἐπίστευσε
1257 3378 1295 3458 δέ
1313 3377 1470 3480 Ἀβραάρ

447 3509 469 3547 “
487 3508 539 3609 τῷ
558 3507 653 3611 Θεῷ,
672 3505 731 3582 καὶ
749 3503 927 3606 ἐλογίσθη
946 3503 1042 3609 αὐτῷ
1061 3507 1110 3585 εἰς
1131 3501 1361 3602 δικαιοσύνην
1379 3501 1401 3599 ἡ
1425 3503 1470 3582 πί

447 3633 469 3671 “
488 3626 598 3731 φίλος
616 3630 711 3705 Θεοῦ
729 3625 896 3728 ἐκλήθη.”
929 3629 1015 3734 ὁρᾷς
1034 3624 1078 3726 δὴ
1097 3625 1160 3705 οῦν
1179 3629 1238 3706 καὶ
1257 3626 1358 3722 μάλα
1376 3631 1469 3729 σαφι

446 3750 567 3857 ἐκείνῳ
598 3747 854 3851 λαμπρότητος
886 3749 952 3849 τὴν
984 3751 1113 3829 αἰτίαν.
1154 3745 1273 3847 ἐπειδὴ
1305 3747 1378 3850 γάρ
1410 3783 1468 3852 κεχ

447 3875 557 3982 φίλος
573 3881 638 3953 τοῦ
655 3871 802 3954 πάντων
819 3879 1034 3976 κρατοῦντος
1051 3879 1158 3970 Θεοῦ,
1177 3876 1304 3975 γέγονε
1326 3871 1384 3951 διὰ
1407 3881 1468 3951 τοῦ

485 4109 509 4148 1.
528 4090 692 4162 διαθοίνομεν
704 4091 895 4160 κατοβιιίνωμεν
907 4090 941 4147 Β.
953 4089 1105 4145 emendavit
1117 4089 1209 4145 Holst.
1221 4099 1248 4144 et
1259 4091 1297 4145 ita
1308 4108 1332 4144 a.

448 4181 474 4235 3.
494 4163 522 4218 ἐν
533 4171 703 4232 assumptum
716 4179 748 4216 ex
760 4179 784 4216 a.
798 4161 907 4216 “dubia
919 4162 1071 4232 scriptura”
1084 4161 1113 4215 in
1127 4161 1159 4216 B.
1173 4161 1272 4232 Heyse.
1315 4164 1361 4215 τοῦ
1373 4163 1439 4214 Θεοῦ
1451 4177 1466 4214 ι

447 4256 493 4288 νυν
504 4237 642 4314 τοιγαροῦν
655 4233 687 4288 Β.
699 4233 784 4286 τοίνυν
797 4232 846 4288 Ht.
860 4231 911 4287 Ed.
984 4244 1009 4303 7.
1027 4233 1065 4287 ἔτι
1077 4249 1102 4288 a.
1115 4231 1174 4286 Cat.
1190 4231 1265 4286 Harl.
1278 4231 1321 4286 ἐπὶ
1334 4231 1366 4285 B.
1381 4231 1428 4284 Ht.

451 4319 492 4374 13.
506 4303 654 4357 Praemittlt
666 4302 857 4372 ’λπεκρίθησαν
868 4303 936 4375 αὐτῷ
949 4301 1023 4356 Aub.
1067 4307 1122 4358 πῶς
1133 4301 1349 4374 σίν-γενήσεσθε
1362 4319 1465 4372 ςοοιιωμ

451 4373 492 4425 16.
511 4373 609 4442 τὸγὰρ
627 4368 649 4445 ᾧ
667 4373 785 4429 δουλείας
801 4373 922 4442 μετέστιν
939 4373 1014 4428 οὖδέν
1024 4377 1079 4429 πιῦς
1092 4372 1125 4428 Β.
1137 4376 1152 4426 δ
1166 4371 1208 4445 [δς
1220 4371 1306 4444 Aub.]
1387 4373 1413 4426 ἐκ
1431 4373 1465 4426 δοι

449 4461 551 4506 στηκεν,
564 4442 679 4497 οὒδέπως
693 4441 741 4495 Ht.
755 4442 807 4496 Ed.
844 4443 1026 4497 Abbreviata.
1175 4444 1217 4497 18.
1236 4441 1295 4512 ἡμῖν
1334 4442 1464 4511 ,ἡμᾶςειο

450 4507 585 4588 Neutrum
596 4509 713 4564 habeta.
820 4527 864 4566 22.
883 4511 925 4582 δι’]
957 4513 1056 4582 ιμὴνα.
1158 4513 1419 4606 π3.δε“1-4-6Αιὼ.
1455 4511 1464 4566 l

450 4591 515 4628 mn.
588 4593 631 4643 24.
648 4581 754 4649 τῷθεῷ
768 4579 801 4633 Β.
813 4581 849 4637 τίς
861 4584 928 4636 Θεὸν
938 4534 992 4638 δὴ.
1005 4581 1056 4636 Ed.
1129 4597 1173 4654 25.
1191 4582 1223 4652 δι)
1235 4603 1281 4638 ννν
1294 4583 1327 4638 Β.
1340 4583 1384 4639 οὖν
1395 4581 1463 4653 ἧδηΙ
