3274 5118
290 333 354 397 628
593 329 633 394 Β.
657 325 864 392 CYRILLI
894 321 1184 388 ALEXANDR.
1290 319 1359 384 xvi.
1374 335 1435 394 12,
1452 332 1505 397 13·

123 529 234 581 monii.
254 529 407 598 ησαμεν
436 505 457 546 “
470 499 600 597 Ἡμεῖς
625 493 663 576 δὲ
687 500 771 575 νοῦν
789 497 953 594 Χριστοῦ
970 490 1130 594 ἕχομεν.”
1169 488 1236 592 οὐχ
1253 486 1381 588 ἕτερον
1402 479 1456 561 δέ
1467 512 1506 558 τι

123 595 162 646 ι6.

289 621 509 724 σημαίνουσι
537 627 601 700 τοῦ
629 621 798 722 Σωτῆρος
824 615 889 698 τὸν
916 623 1009 711 νοῦν,
1031 611 1055 714 ἢ
1080 611 1122 694 τὸ
1150 616 1199 696 εἰς
1226 607 1360 692 αι’παῦς
1383 601 1502 710 ε’ρχά·

288 780 396 846 μενον
423 742 555 847 Ἀγισν
590 748 750 841 Πνεῦμα,
782 739 875 821 κστά
905 738 1018 842 λόγον
1049 739 1167 820 αι’ποΐς
1205 732 1270 816 τὸν
1302 732 1505 835 πρέποντα

289 867 549 950 διεκκαλίπτον
584 865 727 950 ἅπαντα
768 865 815 946 τά
854 864 994 967 ὅσαπερ
1031 859 1154 944 εἰδέναι
1192 863 1250 940 καὶ
1292 855 1504 960 μανθάνειν

289 995 408 1098 ἐχρῆν.
1515 1029 1532 1085 5

338 1115 450 1198 Ὅταν
468 1118 530 1197 οὖν
548 1114 623 1232 ίλθη
642 1117 770 1212 ἐκεῖνος,
788 1113 973 1196 τουτεῖπιν
987 1115 1007 1194 ὁ
1023 1109 1275 1216 Παράκλητας,
1294 1105 1333 1189 τά
1352 1106 1500 1210 πνεῦμα

288 1240 345 1334 τῆς
370 1239 541 1338 ἀληθείας,
560 1234 712 1342 θθηγιὶσει
741 1241 833 1346 ὑμεῖς
861 1247 908 1326 εἷς
935 1236 988 1332 τάν
1015 1235 1171 1332 ἀληθειαν
1198 1243 1332 1316 παῖσαι.
1371 1229 1497 1327 βλέπε

288 1361 326 1444 δὲ
348 1368 396 1448 ὡς
413 1363 605 1467 ε’γρίγγορεν
623 1363 646 1463 ἡ
664 1361 780 1469 φωνή·
819 1361 886 1464 ὅρα
904 1370 968 1443 τοῦ
986 1360 1101 1464 λόγου
1117 1359 1184 1461 τὴν
1203 1362 1326 1465 νῦψιν.
1360 1389 1494 1459 προει-

287 1486 405 1591 ρηκὼς
423 1487 496 1592 γὰρ
514 1487 614 1596 ἥξειν
632 1488 685 1568 ἐπ’
705 1483 832 1569 αὐτοῦς
852 1483 916 1564 τὸν
936 1482 1190 1589 Παριίκλητον,
1212 1483 1249 1564 τὶ
1271 1483 1414 1588 πνεῦμα
1433 1478 1494 1572 τῖς

289 1609 447 1705 ἀληθείας
479 1612 667 1712 ὠνόμασεν
706 1606 825 1707 αὐτὸν,
862 1606 1047 1689 τουτέστιν
1083 1611 1222 1689 ἑαυτοῦ·
1270 1603 1379 1688 αὐτὸς
1416 1601 1492 1706 γάρ
1510 1642 1551 1685 ιο

258 1737 389 1828 οέστιν
407 1735 429 1835 ἡ
448 1734 611 1834 ἀλήθεια.
651 1735 709 1814 ἵνα
737 1730 809 1837 γάρ
836 1737 952 1814 εἰδεῖεν
971 1737 1005 1812 οἱ
1029 1733 1186 1833 μαθηταὶ
1208 1733 1256 1814 ὡς
1273 1731 1339 1809 οῦκ
1367 1731 1488 1808 ἀλλο-

288 1861 389 1963 τρίας
416 1862 475 1938 καὶ
503 1858 608 1966 ξένης
635 1858 753 1942 αὐτοῖς
780 1854 960 1957 δυνάμεως
983 1857 1224 1964 ἑπιφοίτησιν,
1246 1854 1331 1934 ἀλλ’
1359 1849 1488 1934 ἑαιπὸν

287 1983 414 2086 ἑτέροιο
441 1981 630 2064 ἐπιδώσειν
654 1980 927 2084 ἐπαγγέλλεται,
948 1983 1084 2088 πνεῦμα
1107 1979 1166 2074 τῖς
1185 1977 1357 2076 ἀληθείας,
1376 2009 1484 2058 τουτ·

287 2107 388 2188 ἔστιν
407 2108 543 2207 ἑαυτοῦ,
562 2103 626 2186 τὸν
646 2103 891 2208 Παράκλητον
909 2106 1096 2188 ἀποκαλεῖ.
1134 2105 1176 2184 οῦ
1199 2101 1271 2207 γάρ
1289 2099 1488 2203 ἀλλότριον

287 2236 350 2332 τῆς
387 2233 513 2316 ου’σίας
549 2239 614 2312 τοῦ
652 2235 882 2331 Μονογενοῦς
916 2227 959 2309 τὸ
990 2225 1123 2330 Ἀγιαν
1160 2235 1289 2308 νοεῖται
1326 2233 1487 2325 Πνεῦμα,
1505 2257 1544 2317 15

288 2352 430 2457 πρόεισι
464 2355 501 2436 δὲ
535 2360 698 2462 φυσικῶς
736 2353 781 2460 ἐξ
812 2354 932 2452 αὐτῆς,
964 2351 1065 2432 οῦδὲν
1097 2353 1216 2455 ἕτερον
1251 2353 1336 2453 παρ’
1376 2347 1489 2430 αῦτάν

288 2477 460 2582 ῦπάρχον,
489 2477 579 2558 ὅσον
601 2485 649 2561 εἱς
672 2475 872 2576 ταυτότητα
899 2475 1055 2582 φύσεως,
1082 2482 1112 2556 εί
1141 2479 1200 2556 καὶ
1228 2483 1344 2555 νοοῖτο
1374 2472 1488 2579 τυχὸν

289 2601 560 2684 ὶδισσυστάτως.
607 2605 642 2681 τὶ
675 2603 793 2680 τοίνυν
825 2603 920 2706 φησὶ
951 2598 1009 2694 τῆς
1036 2599 1195 2695 ἀληθείας
1225 2601 1366 2705 Πνεῦμα
1391 2596 1485 2701 πρὸς

287 2722 379 2825 ὅλην
407 2727 489 2822 ὑμῖν
516 2724 761 2827 καθηγήσετοι
783 2729 847 2826 τῆς
864 2725 1033 2825 ἀληθείας
1058 2723 1124 2824 τὴν
1141 2730 1291 2826 γνοῦσιν.
1333 2726 1383 2806 ὡς
1410 2721 1484 2824 γὰρ

253 2845 378 2939 ᾱείδάς
406 2851 561 2952 ἀκριβῶς
589 2846 655 2948 τὴν
682 2847 871 2950 ἀλήθειαν,
898 2847 941 2949 ἧς
967 2851 1027 2929 καὶ
1047 2846 1195 2948 Πνεῦμά
1222 2849 1334 2946 ἐστιν,
1352 2847 1417 2926 οῦκ
1444 2849 1486 2926 ἐκ
1501 2883 1539 2924 ιο
1634 2903 1635 2910 1

286 2972 414 3075 μέρους
446 2971 557 3073 αὐτὴν
589 2973 819 3080 ἀποκαλύψει
851 2979 924 3057 τοῖς
955 2971 1165 3071 σεβομένοις
1192 2970 1312 3069 αὐτὸν,
1340 2970 1486 3072 ἀνθήσει

288 3093 325 3176 δὲ
362 3103 507 3195 μᾶλλον
540 3096 750 3200 ὁλοκλήρως
779 3097 822 3177 τὸ
852 3099 933 3200 περὶ
965 3098 1074 3196 αὐτῆς
1107 3093 1316 3198 μυστήριον.
1351 3100 1381 3174 εἰ
1411 3093 1484 3198 γὰρ

204 3315 210 3328 ·
288 3223 345 3300 καὶ
378 3229 441 3300 νῦν
468 3223 506 3300 ἐκ
534 3221 660 3323 με’ρους
687 3221 921 3323 γινώσκομεν,
946 3223 994 3306 ὡς
1016 3222 1037 3300 ὁ
1061 3217 1211 3304 Παῦλός
1239 3226 1367 3326 φησιν,
1395 3222 1482 3300 ἀλλ’

287 3347 335 3428 ὡς
362 3345 400 3422 ἐν
429 3343 563 3445 γνώσει
590 3350 700 3451 μικρᾷ
727 3343 827 3426 σῶόν
844 3379 883 3426 τε
901 3347 960 3424 καὶ
986 3341 1108 3428 ἀσινὲς
1124 3344 1209 3442 ἡμῖν
1226 3342 1269 3423 τὸ
1296 3347 1361 3443 τῆς
1388 3346 1482 3443 ἀλη-

288 3469 383 3552 θείας
411 3466 619 3575 ἐνήστραψε
648 3469 795 3553 κοίλλσς.
833 3465 959 3570 ὥσπερ
986 3467 1049 3548 οῦν
1074 3469 1185 3552 οὐδεὶς
1212 3475 1234 3514 “
1246 3463 1319 3548 οἶδε
1344 3466 1390 3546 τά
1417 3474 1484 3547 τοῦ
1501 3499 1537 3558 ²5

288 3601 310 3638 “
329 3591 530 3692 ἀνθρώπου,
549 3591 640 3673 κατὰ
663 3593 705 3672 τὸ
727 3591 981 3695 γεγραμμεῦον,
999 3597 1028 3672 εί
1051 3589 1101 3691 μὴ
1119 3588 1163 3672 τὸ
1181 3599 1320 3689 πνεῦμα
1338 3600 1402 3671 τοῦ
1421 3594 1484 3670 ἀν-

288 3724 309 3761 “
327 3714 473 3816 θρώπου
487 3713 528 3792 τὸ
542 3717 579 3793 ἐν
593 3713 725 3820 αῦτῲ·”
757 3714 848 3796 κατὰ
860 3713 923 3796 τὸν
941 3713 1049 3796 αὐτὸν
1063 3711 1161 3814 οἶμαι
1178 3712 1322 3819 τρόπον,
1336 3721 1484 3816 μᾶλλον

288 3837 325 3917 δὲ
347 3834 437 3916 κατὰ
455 3835 521 3937 τὴν
539 3846 603 3918 τοῦ
624 3837 777 3918 Παύλου
795 3835 929 3944 φωνὴν,
949 3840 1061 3924 οὐδεὶς
1084 3835 1156 3919 οἶδε
1184 3838 1263 3919 “τά
1285 3847 1349 3919 τοῦ
1375 3844 1483 3936 Θεοῦ,

259 3971 310 4047 e“
328 3960 423 4060 εἰμὴ
443 3960 484 4043 τὸ
505 3967 653 4062 Πνεῦμα
673 3971 736 4042 τοῦ
754 3968 849 4043 Θεοῦ
868 3962 911 4042 τὸ
928 3966 966 4043 ἐν
985 3961 1117 4069 αῦτῷ.”
1197 4051 1205 4068 ,

336 4084 448 4166 ιὈτιιι
476 4087 538 4166 οὖν
568 4085 653 4200 ίλθη,
682 4089 807 4194 φησὶν,
834 4093 867 4168 αὐ
892 4089 1038 4181 λαλήσει
1063 4093 1126 4195 ἀφ’
1147 4090 1262 4170 ἑαυτοῦ
1289 4083 1385 4186 ιῦθέν,
1404 4091 1484 4170 ἀντὶ
1500 4118 1537 4174 30

322 4283 384 4354 6-p.
397 4284 459 4356 629,
472 4297 513 4355 17.
534 4284 625 4340 citant
637 4304 663 4357 q.
677 4285 757 4341 Vecci
770 4284 923 4356 Epigraphe
936 4302 965 4340 v.
1120 4299 1145 4358 7.
1162 4289 1251 4343 πᾶσαν
1262 4287 1308 4357 τὴν
1319 4286 1443 4356 ἀλήθειαν
1455 4307 1483 4361 q.

287 4352 392 4410 Vaccus
403 4355 487 4410 invito
500 4374 527 4426 p.
699 4373 739 4410 11.
758 4356 850 4410 εῖδοῐεν
862 4374 888 4427 q.
902 4355 1016 4412 Veccus.
1200 4373 1241 4428 15.
1259 4361 1306 4412 τοῦ
1318 4363 1484 4430 Mammas

286 4423 377 4481 οὐσίας
388 4425 493 4480 inverso
506 4425 598 4481 ordine
612 4444 638 4497 q.
653 4425 766 4482 Veccus.
1025 4444 1065 4497 19·
1085 4428 1143 4496 ὑμῖν
1154 4446 1180 4499 q.
1194 4427 1275 4483 cord.
1288 4429 1353 4497 ὑμᾶς
1366 4429 1483 4486 Vocem.

286 4493 345 4558 ἡμῖν
357 4513 382 4583 ρ,
398 4495 447 4580 βά.
591 4513 633 4552 20.
653 4496 725 4554 εἰδὼς
738 4516 764 4568 p.
775 4497 889 4552 Veccus.
918 4564 923 4580 1
938 4495 992 4566 καὶ]
1010 4505 1037 4562 †
1053 4500 1083 4552 τὸ
1096 4518 1121 4571 q.
1135 4499 1239 4556 Veccuu
1251 4499 1342 4555 invitis
1354 4517 1382 4570 p.
1397 4499 1482 4557 Cord.

287 4579 329 4618 21.
349 4566 455 4634 ανθησει
469 4585 494 4637 q.
509 4567 622 4622 Veccu8.
802 4585 845 4622 22.
864 4567 942 4636 οῦτην
953 4586 977 4624 a.
992 4568 1075 4624 cord.
