3274 5118
205 377 214 388 -
310 329 376 396 624
607 337 646 402 B.
670 337 881 404 CYRILLI
910 338 1202 404 ALEXANDR.
1340 335 1411 400 xvi.
1426 333 1534 394 8-11.

311 496 449 600 όριῦμεν
468 502 573 609 αὐτῷ,
591 499 634 584 τό
650 501 717 603 τὴν
735 505 865 584 οἰκείαν
883 503 1060 586 δύνασθαι
1079 509 1262 586 διασῶσαι
1280 499 1405 600 τιμὴν,
1425 497 1534 577 ὥστε

312 623 371 700 καί
395 621 465 704 ὑπὸ
489 623 602 712 πόδας
626 633 807 708 τεθεῖσθαι
831 635 905 708 τῶν
922 627 1241 735 πνευματοφόρων,
1259 625 1343 725 ἤτοι
1362 627 1534 716 πιστῶν,

313 743 347 826 οἰ
371 750 429 826 καί
448 746 543 830 Θειίν
564 751 736 857 ὑπάρχειν
762 751 1021 856 ὡμολογήκασι
1049 751 1113 833 τὸν
1140 749 1316 855 Χριστόν.
1359 755 1532 829 πατοῦσι

312 868 385 974 γοίρ
412 872 521 952 αὐτὸν
548 877 607 954 καί
633 873 843 979 πειράζοντα
870 879 928 956 καί
955 875 1172 982 μαχόμενον.
1218 874 1306 954 ὅταν
1330 872 1374 953 δέ
1397 871 1445 971 δή
1471 905 1532 953 τις

313 997 372 1073 καί
396 992 460 1074 τὸν
481 1003 554 1076 τῦν
571 998 782 1102 ἀκαθάρτων
801 1000 991 1096 δαιμονίων
1009 997 1123 1098 ἐσμὸν
1141 995 1444 1104 καταπεφρικότα
1464 997 1529 1074 καί
1544 1015 1560 1072 5

313 1119 581 1220 ἐκπεμπόμενον
606 1122 727 1229 βλέπῃ
758 1122 817 1204 διὰ
845 1127 910 1224 τῆς
934 1125 1052 1204 αῦτῦν
1080 1126 1297 1226 προσευχῆς,
1328 1123 1393 1201 καί
1420 1123 1525 1224 ἐνερ-

314 1243 412 1344 γείας
430 1247 488 1324 καί
510 1244 690 1346 δυνάμεως
707 1255 772 1328 τοῦ
789 1249 918 1350 Ἀγίου
938 1246 1157 1349 Πνεῦματος,
1176 1253 1252 1330 πῦς
1270 1248 1337 1325 οῦκ
1356 1244 1528 1346 εὐλόγως

284 1367 388 1470 οέρεῖ
422 1371 696 1474 κατακεκρίσθαι
731 1370 795 1452 τὸν
831 1379 1018 1470 σατανοῖν,
1068 1371 1314 1474 κατακέκριται
1354 1369 1431 1472 γὰρ
1468 1371 1526 1476 τῷ

314 1492 439 1591 μηκέτι
467 1495 644 1576 δύνασθαι
667 1503 892 1576 πλεονεκτεῖν
920 1496 1003 1582 τοῦς
1030 1503 1082 1605 τῷ
1110 1495 1294 1594 Πνειίματι
1319 1500 1375 1602 τῷ
1398 1495 1522 1600 Ἀγίιρ

314 1618 696 1724 κατεσφραγισμένους
710 1625 758 1704 εἰς
770 1621 998 1722 δικαιοσύνην
1011 1624 1068 1701 καί
1080 1617 1272 1724 ἁγιασμόν,
1286 1615 1346 1698 διὰ
1356 1619 1522 1700 πίστεως
1542 1655 1576 1693 ιο

313 1743 377 1839 τῆς
404 1747 453 1825 εἰς
485 1743 661 1847 Χριστόν.
698 1746 772 1824 ἐπεὶ
803 1751 880 1828 πῶς
914 1743 969 1842 ιίν,
999 1743 1079 1826 εἰπέ
1105 1778 1179 1844 μοι,
1213 1740 1521 1841 κατεπατήσαμεν

313 1869 440 1944 πᾶσαν
467 1867 576 1946 αῦτοῦ
602 1865 669 1967 τὴν
693 1867 853 1968 δύναμιν,
882 1867 973 1948 κατοί
1001 1867 1044 1948 τὸ
1072 1871 1109 1948 ἐν
1137 1873 1302 1974 ψαλμοῖς
1329 1866 1519 1968 εἰρημένον

206 2017 213 2031 ·
313 1987 405 2092 πρὸς
435 1987 555 2071 πάντα
587 1991 777 2096 ἄνθρωπον
806 1995 870 2074 τὸν
903 1999 1135 2074 κατοικοῦντα
1165 2002 1187 2038 “
1201 1993 1238 2071 ἐν
1267 1991 1423 2096 βοηθείᾳ
1455 1998 1518 2070 τοῦ

315 2122 337 2162 “
356 2113 526 2220 ὑψίστου,
544 2117 602 2196 ἐπὶ
622 2117 762 2198 ἀσπίδα
787 2121 845 2197 καί
872 2118 1098 2214 βασιλίσκου
1123 2113 1293 2220 ἐπιβήση,
1313 2117 1373 2194 καί
1400 2148 1512 2193 κατα-

314 2245 337 2284 “
355 2239 530 2339 πατήσεις
547 2240 678 2320 λέοντα
696 2243 754 2321 καί
773 2242 950 2345 δροίκοντα
963 2242 995 2339 ;’'
1027 2239 1113 2320 ὅταν
1126 2239 1245 2320 τοίνυν
1261 2240 1281 2316 ὁ
1300 2238 1345 2344 ἐξ
1361 2239 1515 2341 οὐρανοῦ
1533 2265 1547 2304 ¹
1552 2261 1569 2321 5

316 2359 556 2464 Παράκλητος
583 2366 621 2444 ἐν
649 2366 765 2468 ἁγίαις
792 2365 937 2466 γένηται
965 2366 1195 2470 ψυχαῖς,καί
1224 2364 1367 2445 δικαίως
1396 2364 1516 2446 αὐτοῖς

279 2486 589 2587 ᾱοίπεσταλμείιος
622 2487 680 2568 διὰ
711 2487 778 2589 τὴν
811 2489 1011 2570 ἀδέκαστον
1049 2487 1220 2594 φαίνηται
1256 2486 1397 2578 πίστιν,
1434 2485 1516 2566 τότε

317 2617 393 2694 ταῖς
416 2612 555 2697 οἰκείαις
580 2614 767 2716 ἁμαρτίαις
786 2613 912 2718 ἔνοχον
935 2613 1114 2718 ἀποδείξει
1141 2609 1317 2714 γεγονότα
1344 2609 1397 2690 τίν
1428 2613 1513 2690 aas·

317 2771 395 2840 μοι,
417 2737 475 2814 καί
500 2739 563 2835 τῆς
588 2735 724 2816 ἄνωθεν
746 2737 995 2841 οἰμοιρήσαντα
1020 2735 1175 2842 χάριτος,
1193 2736 1336 2837 ἐπείπερ
1359 2733 1513 2834 ἀποτρέ·

316 2893 444 2938 πονται
478 2857 542 2940 τὸν
574 2858 770 2962 λυτρωτήν·
819 2861 951 2970 ἐλέγξει
989 2859 1028 2941 δέ
1063 2859 1176 2942 πάλιν
1214 2856 1332 2955 αὐτὸν,
1369 2860 1419 2942 ὡς
1451 2859 1516 2937 οῦκ
1530 2891 1565 2930 το

317 2979 476 3084 εὐλόγως
503 2985 725 3086 ἐγκαλοῦντα
752 2983 818 3086 τὴν
837 2985 1014 3088 ἁμαρτίαν
1040 2991 1115 3070 τοῖς
1141 2983 1210 3084 ἤδη
1237 2980 1512 3063 πεπιστευκόσι.

317 3109 556 3189 δεδικαίωνται
583 3107 655 3214 γὰρ
683 3109 836 3206 εἰκότως,
858 3111 972 3189 καίτοι
998 3106 1203 3212 πρὸςΘεδν
1226 3106 1516 3206 ἀποδημήσαντα

316 3232 381 3312 τὸν
398 3231 562 3337 Χριστὸν
580 3235 638 3313 καί
658 3239 997 3337 θαυματουργοῦντα
1015 3231 1065 3332 μὴ
1085 3230 1310 3332 θεασάμενοι,
1329 3237 1374 3336 τῇ
1392 3231 1515 3311 πίστει

316 3355 541 3455 τιμήσαντες.
584 3353 681 3457 οἰμαι
711 3357 748 3438 δὲ
779 3355 823 3457 δή
854 3391 889 3436 τι
919 3366 1081 3437 τοιοῦτον
1109 3355 1328 3457 ἐννοήσαντα
1360 3358 1419 3434 καί
1451 3353 1515 3434 τὸν

147 3471 222 3522 Rom.
286 3483 469 3558 οΠαῦλον
509 3484 618 3560 εἰπεῖν
663 3491 684 3528 “
699 3483 765 3566 Τίς
805 3479 995 3583 ἐγκαλέσει
1042 3479 1134 3560 κατὰ
1174 3481 1350 3560 ἐκλεκτῶν
1388 3485 1510 3575 Θεοῦ,
1530 3509 1562 3564 ²5

147 3539 200 3588 viii.
214 3551 255 3602 33,

147 3619 215 3718 {Q
317 3611 339 3650 ‘⁶
358 3600 450 3686 Θεὸς
473 3605 493 3682 ὃ
512 3607 666 3703 δικαιῶν,
685 3607 737 3689 τίς
756 3608 776 3685 ὁ
795 3605 1016 3706 κατακρίνων
1030 3606 1059 3699 ;”
1089 3603 1262 3710 ἐνέφραξε
1286 3601 1359 3706 γοίρ
1383 3605 1514 3702 οἰνομία

146 3735 243 3800 0v1·4²·
315 3731 420 3806 πῦσα
444 3724 487 3805 τὸ
517 3725 639 3826 στόμα
671 3729 788 3828 αὐτῆς,
819 3727 912 3808 κατὰ
940 3727 1007 3828 τὴν
1037 3735 1100 3809 τοῦ
1130 3723 1343 3834 ψάλλοντος
1376 3727 1514 3833 φωνὴν,

316 3849 416 3931 οῦδὲν
443 3853 608 3953 ἐγκαλεῖν
633 3851 768 3956 ἔχουσα
795 3859 869 3938 τοῖς
897 3850 956 3934 διὰ
982 3854 1139 3936 πίστεως
1168 3849 1437 3957 ἐξειλεγμένοις,
1457 3855 1514 3930 καί

314 3979 378 4074 τῆς
424 3977 583 4056 ἐντεῦθεν
617 3974 843 4076 δικαιοσύνης
891 3975 1214 4082 κατημψιεσμένοις
1249 3972 1293 4053 τὸ
1329 3974 1510 4078 καύχημα.

314 4099 499 4207 ἀπελέγξει
518 4097 555 4179 δέ
581 4097 633 4181 τιίι
653 4101 788 4206 κόσμον,
807 4103 855 4183 ὡς
878 4099 1164 4198 πεπλανημένον,
1184 4100 1241 4178 καί
1264 4103 1312 4180 εἰς
1336 4095 1402 4176 τὸν
1420 4101 1514 4177 οὕτω
1529 4132 1560 4187 3⁰

314 4223 526 4325 κατιίκριτον
544 4222 672 4328 ἔχοντα
699 4220 763 4308 τὰς
787 4223 945 4321 ἐλπίδας,
968 4226 1016 4307 ὡς
1045 4221 1191 4324 ἁπάσης
1218 4219 1284 4321 μέν
1312 4219 1423 4327 δόξης
1451 4225 1515 4318 τῆς

351 4471 376 4510 2.
394 4453 463 4527 ἤτοι]
477 4454 492 4526 δ
505 4455 632 4540 καίῦαίί.
757 4473 783 4528 3.
804 4455 900 4540 ξῦριον
911 4474 960 4540 ρτο
973 4460 1089 4528 Χριστόν
1101 4457 1172 4512 Catt.
1239 4527 1251 4542 ἢ
1293 4469 1391 4544 ῐρ-ῐη.
1407 4457 1438 4536 ,Α
1452 4454 1515 4508 κοτδ

314 4523 563 4652 ηψᾱηηῒὸἒὲαιιῦι
576 4527 608 4582 E.
621 4525 720 4583 desunt
731 4527 796 4583 haec
808 4547 836 4582 ιιι
850 4527 966 4584 Catems.
1156 4527 1198 4582 τό.
1216 4547 1288 4580 ποτα
1300 4545 1393 4592 ονομια
1406 4541 1515 4580 ιιιτετεο
