3274 5118
1501 68 1635 85 “”““““-“-·--.

323 303 389 366 546
626 304 666 369 Β.
689 302 899 368 CYRILLI
928 303 1219 368 ALEXANDR.
1427 319 1489 362 xv.
1508 315 1541 360 1.

245 542 248 553 .
373 462 453 546 Ἦν
470 465 535 567 μέν
552 469 615 548 οῦν
633 465 725 553 εἰκός
747 465 848 548 οῦδέν
865 467 917 548 ἔτι
940 467 1032 572 πρὸς
1057 477 1171 550 ταῦτα
1196 467 1316 550 θέλειν
1333 471 1445 546 είπεῖν
1465 460 1544 541 τὸν

324 590 367 669 δι’
385 591 555 688 ἐναντίας,
575 592 641 672 οῦκ
662 591 885 700 ἐξισταμένην
909 590 947 672 δέ
973 596 1038 692 τῆς
1063 593 1216 687 ἐνοῦσης
1237 593 1335 699 αὐτῷ
1360 594 1540 682 δυσβθυ·

323 713 416 810 λίας,
430 715 577 823 οἰομένῳ
595 749 634 795 τε
653 717 836 818 ἀλλογενῆ
855 714 920 795 τὸν
936 718 974 795 ἐκ
994 721 1090 796 θεοῦ
1109 719 1168 796 καὶ
1188 713 1335 818 Πατρός
1354 711 1546 814 ι’πάρχειν

291 833 425 932 mim,
442 837 507 917 οῦκ
525 837 727 940 ἐνδώσομεν
745 845 819 922 τοῖς
843 842 908 938 τῆς
933 839 1103 932 ἀληθείας
1127 846 1413 941 συνηγοροῦντες
1435 835 1542 936 δόγ-

323 989 451 1058 μασιν·
480 961 700 1070 ἐπιδείξομεν
718 960 790 1066 γάρ
809 963 964 1064 ὁμογενῆ
982 962 1137 1064 λέγοντα
1153 969 1199 1068 τῇ
1218 963 1342 1042 κτίσει
1350 958 1416 1038 τὸν
1430 955 1545 1038 Θεῖιν
1561 977 1584 1037 5

326 1086 385 1164 καὶ
418 1085 577 1190 Πατέρα·
618 1089 677 1166 καὶ
708 1093 786 1171 πῶς
818 1083 841 1186 ἢ
874 1084 998 1184 πόθεν,
1031 1086 1184 1166 ἀκούοιτ’
1218 1083 1263 1165 ἀν
1293 1085 1362 1185 ἤδη
1398 1079 1540 1163 πόλιν.

174 1231 191 1264 ¹¹
209 1229 238 1264 Γ·
326 1206 491 1306 ἀμπελον
527 1213 686 1312 ἐναργῶς
722 1210 929 1290 διατείνεται
964 1209 1027 1288 καί
1060 1214 1188 1313 φησιν,
1225 1209 1269 1289 οῦ
1303 1206 1370 1308 τὴν
1406 1205 1545 1308 σάρκα

232 1316 239 1331 ’
324 1339 484 1432 μᾶλλον,
517 1334 602 1412 ἀλλ’
633 1331 744 1433 αὐτὴν
776 1332 988 1431 ὠνομάσθαι
1019 1331 1085 1432 τὴν
1118 1331 1270 1430 θεότητα
1301 1338 1366 1412 τοῦ
1398 1335 1543 1410 Μονο-

325 1465 461 1559 γενοῦς.
497 1455 606 1562 ἐχέτω
633 1461 717 1560 τῇδε
745 1453 868 1562 τυχόν·
908 1457 1046 1554 οῦκοῦν,
1074 1455 1251 1558 ἐρήσομαι
1278 1453 1360 1559 γὰρ,
1389 1457 1544 1534 ἀπολο-

324 1582 462 1682 γείσθω
494 1579 531 1660 δέ
564 1579 688 1678 πάλιν,
716 1577 869 1682 πότερόν
899 1615 987 1661 ποτε
1021 1578 1117 1660 Θεὸν
1148 1577 1322 1680 ἀληθινὸν
1355 1576 1542 1681 ὑπάρχειν
1560 1607 1598 1650 ιο

324 1703 434 1784 οἴεται
461 1701 525 1784 τὸν
550 1702 650 1802 Υῖὸν,
679 1702 702 1804 ἢ
731 1705 821 1808 οὐχὶ,
848 1711 1022 1806 προσερεῖ
1046 1703 1084 1784 δέ
1110 1703 1216 1785 νόθον
1243 1707 1302 1784 καὶ
1330 1703 1368 1782 ἐν
1396 1705 1541 1807 ψιλαῖς

324 1826 454 1932 ἔχοντα
472 1834 608 1934 φωναῖς
626 1826 669 1907 τὸ
688 1826 845 1934 ἀξίωμα.
886 1833 916 1908 εί
934 1825 1000 1926 μέν
1017 1826 1090 1930 γὰρ
1108 1829 1172 1908 οῦκ
1189 1825 1278 1908 εἶναι
1296 1822 1389 1906 κατά
1411 1825 1539 1931 φύσιν

326 1948 432 2048 Θεὸν,
465 1949 574 2030 αὐτὸν
604 1949 660 2054 ἐφ’
691 1953 805 2058 ἐαυτῷ
842 1951 1004 2056 δεχέσθω
1041 1950 1205 2055 μάρτυρα
1239 1949 1304 2032 τὸν
1333 1951 1537 2050 Μονογενῆ

158 2057 242 2174 ἓξὲξ
296 2074 481 2175 θλέγοντα
507 2084 528 2122 “
545 2074 645 2176 Ἐγώ
678 2080 748 2174 εἰμι
782 2075 804 2174 ἡ
838 2073 1022 2175 ἀλήθεια.”
1064 2073 1215 2175 ἀλήθεια
1245 2073 1318 2177 γὰρ
1350 2075 1436 2154 καθ’
1467 2072 1536 2152 ἕνα

325 2197 530 2302 τρόπον,οῦ
554 2195 596 2278 τό
623 2197 729 2278 νόθον
747 2197 818 2302 ἔχει
842 2200 900 2278 καὶ
926 2198 1172 2305 ψευδώνυμον.
1207 2198 1472 2302 παραδεχεῖτθιο
1492 2195 1534 2276 δέ
1549 2223 1584 2282 15

326 2325 385 2402 καὶ
403 2319 514 2403 αὐτόν
531 2323 588 2402 ἐπὶ
607 2321 722 2429 τοῦτιρ
741 2320 805 2402 τὸν
823 2321 1042 2427 σοφώτατον
1059 2320 1240 2422 Ἰωάννην,
1256 2319 1532 2423 ἀνακεκραγότα

159 2447 279 2566 {sssffl
326 2451 459 2552 σαφῶς
477 2449 537 2526 καὶ
554 2444 709 2547 λέγοντα
727 2454 749 2493 “
766 2447 838 2525 Καὶ
856 2442 968 2544 ἐσμέν
987 2447 1025 2525 ἐν
1043 2450 1095 2550 τῷ
1119 2447 1279 2552 ἀληθινῷ
1298 2449 1382 2551 Θεῷ
1400 2445 1531 2544 Ἰησοῦ

326 2579 348 2618 “
367 2574 531 2678 Χριστῷ·
572 2567 674 2652 οὗτός
692 2571 793 2649 ἐστιν
811 2569 832 2648 ὁ
850 2566 1021 2668 ἀληθινὸς
1041 2566 1135 2653 Θεὸς
1159 2571 1218 2648 καὶ
1244 2568 1266 2667 ἡ
1292 2565 1363 2668 ζωὴ
1388 2567 1411 2666 ἦ
1439 2567 1527 2648 αῖιῦ·

326 2703 349 2742 “
366 2691 470 2776 νιος.”
502 2693 587 2772 ἀλλ’
607 2697 637 2772 εἰ
663 2694 722 2771 καί
746 2689 836 2794 πρός
861 2699 967 2772 τοῦτο
985 2689 1096 2796 τυχὸν
1114 2693 1388 2794 ὑπεροθριίισας,
1407 2693 1469 2772 καὶ
1487 2688 1530 2770 τὸ

326 2816 564 2896 διατείνεσθαι
579 2819 696 2916 μεθεὶς
714 2815 887 2916 ἀληθινὸν
904 2814 1126 2918 ὁμολογήσει
1144 2811 1240 2896 Θεὸν
1256 2813 1322 2894 τὸν
1338 2812 1441 2912 Υῖὸν,
1460 2815 1529 2918 οὐχ
1542 2849 1575 2890 ιο

324 2939 484 3043 ἑτέρωσέ
507 2973 569 3022 ποι
593 2937 818 3044 χωρήσομεν,
837 2937 961 3041 λόγοις
986 2939 1024 3020 δέ
1049 2945 1123 3024 τοῖς
1146 2940 1230 3042 παρ’
1250 2940 1360 3019 αι’ποῦ
1383 2939 1524 3042 χρησό-

161 3081 278 3142 εοοι
296 3069 419 3164 ιμεθα
445 3061 536 3166 πρὸς
564 3061 769 3164 ἀνατροπὴν
791 3067 864 3140 τῶν
890 3063 974 3164 παρ’
995 3064 1104 3142 αὑτοῦ
1132 3061 1337 3164 λεγομένων
1354 3058 1440 3164 'Ap’
1460 3064 1525 3167 οὐχ

160 3186 242 3304 {⁶⁰⁰3}
325 3183 451 3290 ὥσπερ
482 3183 641 3289 γεωργὸς
673 3184 875 3286 ἀλλογενὴς
905 3185 984 3264 ἐστι
1016 3191 1062 3290 τῇ
1097 3185 1273 3293 ἀμπέλιρ;
1310 3187 1330 3266 ὁ
1362 3183 1523 3290 μὲνγὰρ

326 3310 525 3414 ἅνθρωπος,
553 3311 575 3410 ἡ
603 3306 641 3388 δέ
673 3306 800 3415 ξύλον·
845 3309 958 3391 οῦτιος
994 3309 1016 3408 ἡ
1054 3307 1215 3408 ἄμπελος
1248 3311 1364 3413 ὀρθῶς
1394 3344 1434 3390 τε
1466 3313 1522 3390 καὶ
1610 3343 1614 3488 γ

326 3435 473 3532 ἀληθῶς
500 3431 660 3540 ὁμοφυὴς
686 3430 734 3512 ἀν
762 3438 879 3512 νοοῖτο
908 3429 999 3536 πρὸς
1031 3431 1077 3512 τὰ
1105 3433 1177 3514 ’ίδια
1206 3431 1401 3534 κλήματος
1439 3436 1518 3514 ἀλλ’
1531 3461 1561 3520 ²5
1608 3489 1610 3561 γ

326 3552 425 3654 οἶμαι
444 3555 557 3658 γεμὴν
574 3553 708 3656 μηδένα
728 3553 819 3658 πρὸς
845 3564 951 3636 τοῦτο
976 3557 1111 3660 μωρίας
1136 3559 1308 3656 ἐθελῆσαι
1326 3564 1515 3656 κατελθεῖν,
1605 3579 1608 3671 J

329 3681 378 3764 ὡς
404 3681 589 3781 ἀρνεῖσθαι
611 3685 752 3779 τολμιῖν
770 3678 812 3758 τὸ
837 3681 931 3760 οῦτω
958 3681 1170 3788 καταφανές.
1211 3680 1270 3762 ὅτε
1295 3681 1415 3762 τοίνυν
1431 3681 1515 3766 Θεὸς
1602 3693 1605 3781 j'

329 3801 501 3908 ῦπάρχων
518 3800 697 3903 ἀληθινὸς,
717 3802 908 3901 ὁμοοῦσιός
934 3805 1014 3883 ἐστι
1038 3810 1091 3911 τῷ
1116 3802 1209 3884 κατὰ
1233 3805 1349 3912 φῦσιν
1368 3809 1513 3912 ἀληθινῷ
1601 3807 1602 3819 ’

328 3931 423 4034 Θεῷ,
442 3925 615 4024 τουτέστι,
634 3931 686 4034 τῷ
705 3929 833 4029 Πατρὶ,
852 3929 911 4006 καὶ
929 3925 1090 4025 ἄμπελος
1108 3928 1174 4028 μέν
1192 3931 1282 4026 ἐστι,
1299 3927 1462 4030 κλήματα
1480 3929 1511 4009 δέ
1596 3919 1599 4003 ι

296 4049 437 4151 ῦὴμεῖς,
456 4051 599 4158 ὁμοφυῆ
619 4050 786 4151 δηλονότι
805 4048 864 4131 διὰ
881 4059 986 4131 τοῦτο
1003 4056 1049 4156 τῇ
1067 4051 1232 4160 ἀμπέλῳ,
1252 4059 1330 4137 πιῦς
1353 4055 1428 4159 οῦχὶ
1449 4055 1547 4138 θεοῖ3ο

158 4225 185 4268 .
329 4173 422 4255 κατὰ
453 4175 568 4281 φύσιν
595 4174 753 4274 ἐσόμεθα
786 4177 844 4254 καὶ
871 4174 980 4274 ἡμεῖς,
1008 4175 1075 4276 τὴν
1102 4177 1194 4257 ἰδίαν
1220 4173 1347 4282 ὥσπερ
1379 4180 1508 4286 ἀφέντες

800 4469 826 4523 3.
845 4451 964 4523 οἰομένου
977 4453 1010 4510 Ε.
1065 4452 1214 4528 έκΉ-τοῦ
1226 4455 1259 4511 Ε.
1433 4457 1505 4530 η.ι’χι’
