3200 5092
431 309 476 372 54
735 309 773 374 Β.
798 309 1007 376 CYRILLI
1037 311 1327 378 ALEXANDR.

432 480 455 518 ‘⁶
473 470 554 552 οὐδὲ
579 473 703 575 εῦρέθη
730 472 838 558 δόλος
864 477 902 554 έν
924 481 975 582 τῷ
999 473 1156 574 στόματι
1183 477 1327 556 αὐτοῦ·”
1359 473 1458 558 Θεὸς

432 597 490 676 καί
512 597 551 675 ἐκ
570 601 666 676 Θεοῦ
692 595 784 677 κατοί
810 597 925 703 φύσιν
944 601 963 678 ὁ
982 599 1071 683 Υἰὸς
1096 607 1160 679 τοῦ
1185 597 1404 702 ἁμαρτάνειν
1423 605 1473 677 κα

431 725 521 799 σθαι
538 718 589 818 μὴ
607 717 751 817 εἰδότος,
765 723 824 800 καί
841 719 883 801 τὸ
900 721 1038 824 πρέπον
1055 729 1100 828 τῇ
1118 722 1190 828 ἰδίᾳ
1209 722 1318 829 φύσει
1336 721 1389 822 μὴ
1409 725 1473 801 ε’κτ

431 876 530 924 ποτε.
573 842 660 922 ὅταν
684 845 748 923 οῦν
767 843 813 924 τίι
836 843 963 952 ὐρεστίι
988 849 1040 952 τῷ
1064 849 1184 948 Πατρί
1211 853 1324 926 ποιεῖν
1347 848 1473 944 ὁμαλο,

401 992 514 1064 θτοτι,
541 966 840 1070 σκανδαλιζέσθω
876 970 1007 1066 μηδείς,
1037 967 1127 1068 μηδὲ
1164 971 1202 1049 έν
1232 967 1429 1048 ἐλάττοσιν
1460 967 1473 1067 ἦ

336 1139 340 1148 ·
430 1089 531 1169 έστιν
549 1091 569 1168 ὁ
590 1088 731 1191 Πατὴρ,
751 1090 922 1194 ὑπάρχειν
941 1091 1073 1170 οἰέσθω
1098 1089 1162 1172 τὸν
1183 1092 1228 1198 ἐξ
1250 1093 1371 1189 αὐτοῦ,
1391 1097 1473 1197 φροτ

429 1218 575 1311 μᾶλλον
608 1214 779 1310 εὐσεβῶς,
817 1217 866 1298 ὡς
902 1211 940 1292 δὲ
973 1213 1067 1298 Θεὸς
1104 1216 1143 1294 ἐκ
1180 1220 1276 1295 Θεοῦ
1308 1214 1401 1294 κατὰ
1439 1221 1471 1321 φ

429 1337 692 1431 ταυτοβουλίαν
711 1340 780 1435 καί,
799 1337 841 1416 ἵν’
862 1339 975 1422 οὐτως
999 1336 1098 1436 εἰπω,
1117 1338 1349 1442 ταυτοεργίαν
1367 1339 1473 1431 ἀναβι

430 1457 604 1566 φύσαντι.

378 1716 417 1774 30
518 1691 630 1758 Ταῦτα
657 1695 756 1759 αὑτοῦ
784 1699 965 1761 λαλοῦντος
991 1695 1110 1760 πολλοὶ
1136 1693 1330 1761 ἐπίστευσαν
1357 1691 1405 1759 cic
1433 1694 1473 1758 αὐ

485 1861 540 1942 Τὸ
559 1863 825 1968 σμικροπρεπίς
842 1867 879 1945 έν
898 1870 949 1972 τῷ
970 1863 1071 1972 λόγῳ
1089 1863 1270 1949 πολλάκις
1289 1864 1473 1964 ε’πιτηδεύο

428 1984 604 2088 Χριστὸν,
628 1986 686 2067 διοί
715 1987 782 2088 τὴν
805 1995 878 2068 τῶν
903 1989 1139 2090 ἀκροωμένων
1163 1986 1361 2084 ἀσθένειαν,
1387 1991 1445 2066 καί

261 2129 374 2187 sm
396 2107 469 2188 ετὸ
496 2112 656 2190 ε’ντεῦθεν
684 2117 882 2215 κατορθοῦν
909 2110 1059 2192 εἰωθότα
1086 2109 1254 2212 θαυμάζει
1280 2109 1394 2191 πάλιν
1421 2113 1473 2189 ε’ντ

427 2233 548 2340 σοφὸς
568 2235 858 2337 Εὐαγγελιστής·
891 2234 1010 2340 παρὸν
1028 2234 1100 2338 γὰρ
1119 2239 1167 2319 ὡς
1186 2240 1269 2341 Θεῷ
1287 2233 1333 2314 τὰ
1350 2234 1470 2314 πάντα

426 2357 617 2459 ἐλευθέραν
641 2392 679 2437 τε
703 2361 763 2438 καί
791 2358 990 2459 βασιλικὴν
1014 2359 1171 2463 ἔχουσαν
1194 2355 1260 2457 τὴν
1284 2357 1340 2464 ἐφ’
1359 2355 1473 2437 ἅπασι

427 2481 514 2560 σίαν
530 2487 714 2562 ποιεῖσθαι
736 2481 803 2581 τὴν
822 2481 994 2590 διάλεξιν,
1013 2479 1288 2586 συμμετριοῖσας
1306 2486 1473 2578 οἰκονομιι

426 2601 490 2682 τὸν
521 2601 645 2708 λόγον,
679 2605 870 2708 σαγηνεύει
902 2606 968 2705 μέν
1000 2611 1048 2690 εἰς
1081 2606 1275 2686 εὐπείθειαν
1305 2603 1472 2702 πολλοῦς,

426 2727 579 2829 εδρεύειν
602 2763 641 2808 τε
668 2726 798 2810 λοιπόν
820 2727 983 2813 πολλοῦς
1011 2729 1190 2809 ῦποπείθει
1217 2727 1471 2830 σπουδαιότερα

426 2851 554 2932 οὐκοῦν
579 2855 642 2932 οὐκ
671 2857 802 2932 εἰκαῖον
827 2857 878 2960 τῷ
908 2856 1049 2954 Σωτῆρι
1076 2850 1119 2931 τὸ
1147 2850 1369 2951 ἐπιτήδευμα,
1394 2857 1470 2956 φημ

425 2983 554 3056 λαλεῖν
589 2983 663 3060 τοῖς
698 2974 822 3080 ὄχλοις
858 2975 1285 3078 οἰνθρωποπρεπέστερον·
1330 2978 1469 3075 ἀπεθρα

257 3095 381 3226 &31³³
426 3096 498 3201 γὰρ
526 3099 567 3178 οὐ
594 3105 738 3200 μικρίῦς,
758 3101 817 3178 καί
841 3097 1047 3204 ἀπεφοίτων
1071 3096 1226 3181 εὐκόλως
1253 3098 1360 3176 αὐτοῦ
1388 3103 1457 3176 τῶν

390 3219 564 3323 δστέρωυ
591 3219 693 3319 τινές,
722 3221 914 3324 ἄνθρωπον
946 3223 1154 3317 βλίττοντες,
1182 3223 1241 3299 καί
1274 3225 1468 3322 θεοπρεπῶι

1269 3341 1281 3368 ἱ
1378 3345 1389 3372 λ
1426 3343 1444 3372 ιν

315 3387 322 3402 ¹
426 3377 525 3428 οντες
553 3343 685 3447 λόγων.
723 3341 842 3443 ἐπειδὴ
871 3345 908 3424 δέ
936 3341 981 3443 ἦν
1006 3347 1045 3424 έν
1069 3345 1188 3450 ταύτῷ
1213 3348 1306 3427 Θεος
1333 3377 1390 3422 και
1417 3367 1467 3423 ανί

426 3467 695 3570 ἀκατηγόρητον
713 3467 806 3572 έχων
823 3469 876 3548 ἐπ’
898 3467 1009 3574 ἄμφω
1028 3465 1094 3567 τὴν
1113 3467 1292 3573 ἐξουσίαν,
1311 3469 1367 3544 καί
1392 3471 1466 3567 ἆνερ

426 3593 508 3671 καθ’
532 3591 641 3696 όνπερ
660 3591 704 3671 ιίν
722 3590 894 3686 βούλοιτο
913 3590 1048 3693 τρόπον
1066 3590 1298 3690 διαλέγεσθαι
1322 3589 1465 3684 δυνάμεν

425 3720 499 3793 τῶν
517 3715 749 3818 άκραωμείιων
767 3715 956 3822 ε’λαφρίαις
975 3714 1013 3792 εὖ
1030 3709 1132 3812 μάλα
1150 3719 1263 3792 ποιῶν
1280 3712 1464 3792 συνεπλάτ,

425 3838 604 3944 ἀνθρώπῳ
622 3838 806 3941 πρέποντα
825 3835 1006 3920 πολλάκις
1030 3839 1111 3938 περὶ
1136 3837 1262 3915 ἑαυτοῦ
1280 3837 1464 3919 ποικίλωςι

254 3961 358 4076 ΒΨ
422 3995 538 4060 μενος,
564 3959 640 4041 οἰον
664 3962 708 4040 δέ
729 3994 764 4040 τι
789 3965 882 4066 φημὶ
908 3959 950 4040 τό
968 3958 1052 4039 Ἀπ’
1072 3963 1226 4058 ἐμαυτοῦ
1252 3957 1351 4040 οὐδέν
1370 3965 1463 4058 ποιῶ,

253 4041 305 4078 τις.
320 4026 350 4076 28

392 4084 561 4170 οταύτοις
579 4082 732 4192 ἀδελφά·
761 4083 940 4166 συνιέντες
963 4081 1034 4186 γὰρ
1059 4081 1154 4164 ὐλως
1177 4080 1289 4179 οὐδὲν,
1308 4083 1462 4178 ἀβασανίι

459 4342 484 4394 5.
504 4327 532 4382 ἰν
543 4328 683 4385 ε’λιίττοσιν
708 4326 808 4396 ἐστινῦ
822 4327 858 4397 α.)
871 4325 886 4396 ἦ
899 4345 923 4382 a.
938 4325 1009 4381 Aub.
1023 4326 1051 4380 ἰν
1063 4326 1207 4380 ἐλαττώσει
1218 4325 1282 4395 μηδὲ
1296 4324 1328 4380 Β.

421 4397 573 4451 emendavit
587 4400 677 4454 Holst.
689 4398 791 4453 οιεσθαι
806 4399 839 4452 B.
877 4399 984 4452 Desunt
998 4397 1078 4450 verba
1089 4413 1175 4466 pauca
1187 4397 1215 4448 in
1227 4415 1251 4450 a.
1381 4413 1417 4466 ¹3·
1435 4397 1460 4450 ἐν

421 4464 502 4519 habet
516 4467 548 4520 B.
693 4471 734 4523 16.
754 4469 931 4537 συμμετρίσος
945 4468 977 4521 Β.
1026 4467 1079 4536 ἕξει
1093 4465 1172 4538 [ἔξει]
1188 4466 1220 4520 Β.
1233 4466 1325 4534 ε’ξίεισι
1338 4466 1383 4522 Ht.
1396 4465 1460 4522 undo

422 4539 441 4564 '‘
450 4537 597 4604 corrupte”
609 4537 727 4591 adnotat.
837 4553 879 4607 ²9·
898 4539 965 4593 ὅλας
978 4546 1150 4608 ιιιιιαιρτοαι
1162 4554 1195 4590 ει
1211 4537 1243 4591 Β.
