3248 5112
300 397 364 459 508
604 399 642 461 B.
667 395 877 461 CYRILLI
909 393 1198 460 ALEXANDR.
1371 392 1437 456 xiv.
1452 403 1505 470 27.

300 566 443 660 ροῦμεν.
490 558 545 639 ἀτι
573 559 611 640 δὲ
636 555 702 658 τὴν
724 560 834 640 αῦτοῦ
862 567 926 639 τοῦ
954 563 1120 662 Χριστοῦ
1147 557 1350 660 παρουσίαν
1377 589 1417 634 τε
1444 556 1507 634 καὶ

302 679 452 777 δύναμιν
474 684 681 786 ἀναπληροῖ
701 680 743 762 τῦ
768 687 916 781 Πνεῦμα
944 683 1054 762 αὐτοῦ
1082 689 1156 766 τοῖς
1186 682 1301 783 ἁγίοις
1329 681 1504 772 ἐνοικοῦν,

302 805 361 880 καὶ
380 801 499 885 πάντα
519 801 679 886 διδάσκει
698 803 791 906 άπερ
816 803 924 890 αὐτὸς
946 803 1129 904 λελάληκε
1153 802 1245 907 πρὸς
1270 803 1373 904 ἡμᾶς,
1389 801 1509 882 πάλιν

136 917 248 982 ΕΡΗῙ·
314 925 370 948 ’”
435 926 485 1006 ’δ“
658 930 802 1008 “Πα”λ
867 963 920 1008 σα
975 935 1041 1008 νιεῖ
1063 927 1109 1007 λε’
1131 963 1180 1008 ων
1199 928 1376 1008 “Τοιίτου
1424 923 1509 1002 άιν

138 997 226 1048 1449·
302 929 671 1030 ημινουενῦμτονο
755 963 841 1013 νος
921 935 973 1034 φη
1104 963 1130 1030 γ
1398 958 1473 1029 χρ

270 1059 326 1128 d“
344 1048 497 1149 κάμπτω
524 1051 570 1131 τὰ
598 1049 735 1155 γόνατά
762 1087 832 1152 μου
847 1051 951 1154 πρὸς
978 1050 1043 1131 τὸν
1072 1051 1229 1154 Πατέρα,
1257 1049 1301 1157 ἐξ
1327 1049 1369 1128 οῦ
1399 1054 1543 1129 πᾶσα5

303 1181 325 1218 “
342 1173 476 1278 πατριά
495 1176 533 1254 ἕν
551 1209 590 1256 τε
609 1177 748 1283 οὐρανῷ
767 1178 826 1255 καὶ
844 1177 901 1255 ἐπὶ
922 1179 989 1276 γῆς
1007 1175 1227 1279 ὀνομάζεται,
1247 1174 1304 1253 ἵνα
1323 1171 1397 1280 δφη
1421 1173 1510 1270 ὑμῖν

302 1307 324 1344 “
343 1297 435 1376 κατά
453 1299 517 1378 τὸν
530 1307 693 1380 πλοῦτον
710 1304 774 1399 τῆς
792 1299 902 1405 δόξης
921 1297 1066 1396 δυνάμει
1085 1302 1345 1403 κραταιωθῆναι
1364 1295 1422 1376 διά
1440 1303 1510 1374 τοῦ

303 1429 324 1468 “
344 1421 555 1520 Πνεῦματος
582 1423 692 1503 αὐτοῦ
720 1428 768 1506 είς
795 1420 859 1502 τὸν
882 1421 955 1501 ἔσω
984 1421 1186 1524 ἄνθρωπον,
1204 1424 1416 1518 κατοικῆσαι
1441 1418 1511 1498 τὸν

303 1553 325 1591 “
343 1542 509 1645 Χριστόν
527 1544 586 1624 διά
604 1549 668 1644 τῆς
685 1547 843 1629 πίστεως
862 1547 900 1624 ἐν
917 1551 995 1628 ταῖς
1014 1546 1174 1648 καρδίαις
1193 1547 1303 1642 ὑμῶν,
1325 1544 1362 1622 ἐν
1380 1539 1511 1644 ἀγάπῃ

302 1676 325 1714 “
342 1668 564 1770 ἐρ’ριζωμένοι
592 1671 652 1748 καὶ
679 1668 981 1767 τεθεμελιωμένοι,
1005 1668 1063 1748 ἵνα
1091 1667 1310 1775 ἐξισχύσητε
1339 1675 1508 1745 καταλα-
1531 1701 1567 1741 ιο

303 1797 325 1836 “
341 1789 474 1884 βίσθαι
493 1790 564 1871 σῦν
581 1798 675 1871 πᾶσι
695 1800 769 1876 τοῖς
795 1792 910 1894 ἀγίοις
935 1793 974 1870 τί
993 1789 1035 1871 τὸ
1060 1791 1201 1875 πλάτος
1224 1795 1284 1870 καὶ
1309 1794 1422 1888 μῆκος
1448 1793 1513 1867 καὶ

304 1922 326 1960 “
344 1911 460 2007 βάθος
485 1919 543 1994 καὶ
569 1917 674 2022 ὕφος,
693 1917 830 2018 γνῶναί
853 1949 890 1994 τε
916 1914 984 2014 τὴν
1002 1913 1309 2016 ὑπερβάλλουσαν
1326 1917 1390 2011 τῆς
1411 1910 1513 2012 γνώ-

275 2045 327 2119 ο“
345 2069 440 2122 σεως
469 2037 615 2139 ἀγάπην
642 2046 708 2118 τοῦ
736 2043 913 2140 Χριστοῦ,
941 2038 1000 2117 ἵνα
1030 2041 1246 2141 πληρωθῆτε
1279 2043 1328 2120 είς
1359 2043 1435 2118 πᾶν
1465 2035 1514 2114 τὸ

306 2169 328 2206 “
346 2158 530 2262 πλήρωμα
549 2170 613 2241 τοῦ
633 2161 765 2241 θεοῦ.”
1605 2144 1606 2178 ί

360 2285 582 2384 Σημειωτέον
599 2282 636 2365 δὲ
654 2283 778 2382 πάλιν,
797 2285 851 2364 ὅτι
868 2284 989 2364 πάντα
1014 2282 1072 2363 διά
1096 2292 1161 2365 τοῦ
1181 2281 1390 2382 Πνεῦματος
1408 2284 1510 2362 ἀπο·
1530 2312 1567 2370 15

304 2406 610 2513 καλυφθήσεσθαι
628 2417 702 2492 ταῖς
725 2407 838 2510 ἁγίοις
863 2408 981 2505 εἰπὼν,
1000 2409 1067 2512 οὐχ
1085 2408 1193 2514 ἑτέρῳ
1212 2407 1359 2486 δίδωσιν
1378 2406 1514 2490 αὐτοὺς
1605 2388 1606 2432 ί

305 2530 527 2638 διδασκάλῳ·
558 2531 609 2630 μὴ
627 2540 733 2611 τοῦτο
756 2533 921 2636 νομίσῃς·
952 2533 1067 2638 ἑαυτῷ
1086 2530 1124 2610 δὲ
1142 2531 1345 2634 παρίστησι
1364 2528 1424 2610 διά
1443 2539 1515 2610 τοῦ

306 2653 525 2751 Πνεῦματος,
545 2662 730 2756 σαρκικοῖς
748 2654 820 2752 μὲν.
832 2655 947 2734 οῦκέτι
967 2654 1180 2761 φαινόμενος
1199 2657 1414 2762 ὀφθαλμοῖς,
1434 2662 1516 2737 τοῖς

139 2893 206 2948 880
217 2888 256 2944 L
306 2775 420 2879 γεμὴν
438 2784 576 2877 νοητοῖς
595 2782 658 2878 τῆς
677 2779 821 2881 καρδίας
839 2777 979 2877 ὄμμασι
1000 2785 1206 2882 θεοπρεπῶς
1225 2777 1481 2882 θεωρούμενος.

276 2903 294 2944 8

256 2997 292 3060 ²7
310 2989 450 3082 Εἰρῦνιιν
473 2993 592 3080 ἀφίημι
619 2991 701 3076 ὑμῖν,
720 2991 854 3084 εἷριίνιιν
875 2994 934 3061 τείν
958 2994 1041 3071 ἑμίιν
1066 2993 1183 3072 δίδωμι
1211 2989 1294 3071 ὑμῖν·
1329 2993 1367 3058 οὐ
1395 2995 1514 3060 καθὼς
1532 3018 1568 3058 20

359 3119 378 3186 ὁ
409 3119 529 3195 κόσμος
561 3120 703 3201 δίδωσιν,
732 3120 798 3196 ὲτὼ
827 3119 945 3196 δίδωμι
976 3116 1059 3197 ὑμῖν·
1096 3120 1140 3197 μὴ
1172 3121 1385 3210 ταρασσέσθω
1416 3119 1514 3196 ὑμῶν

358 3243 377 3308 ἡ
407 3243 524 3334 καρδία
551 3245 634 3323 μηδὲ
663 3245 827 3312 δειλιάτω.

365 3396 429 3474 Είς
454 3389 658 3490 ἀνάμνησιν
679 3389 831 3491 ἐνεγκὼν
851 3388 934 3474 τοῦς
960 3391 1082 3492 ἁγίους
1110 3388 1339 3474 ἀποστόλους
1367 3393 1432 3489 τῆς
1461 3397 1513 3474 εἰς

309 3513 478 3612 οῦρανοῦς
506 3513 730 3610 ἀναβάσεως,
754 3518 811 3593 καὶ
838 3513 891 3592 ὅτι
915 3513 1258 3620 περιλειφθήσονται
1283 3511 1375 3594 κατά
1399 3522 1512 3593 τοῦτο

139 3641 245 3769 {ms
310 3634 413 3731 μόνοι
441 3637 725 3738 παρασκευάσας
748 3640 878 3716 ἐννοεῖν
896 3637 954 3716 διά
981 3647 1046 3718 τοῦ
1074 3635 1186 3744 φάναι
1204 3649 1226 3686 “
1240 3627 1366 3718 Ταῦτα
1392 3639 1508 3716 λελά-
1529 3665 1567 3724 25

274 3766 333 3840 b“
351 3767 446 3855 ληκα
472 3760 553 3856 ὑμῖν
577 3761 660 3861 παρ’
687 3761 767 3857 ὑμῖν
790 3759 941 3858 με’νων,”
961 3761 1131 3860 συνίησιν
1153 3762 1191 3840 εῦ
1218 3759 1320 3857 μάλα
1347 3769 1509 3863 γοργῶς,

310 3876 372 3959 άτε
391 3878 436 3980 δὴ
455 3884 512 3960 καὶ
532 3880 704 3986 ὑπάρχων
722 3881 813 3962 κατὰ
831 3884 945 3988 φάσιν
964 3883 1066 3982 Θεὸς,
1084 3889 1132 3970 ὡς
1157 3886 1199 3964 οῦ
1223 3885 1370 3987 μετρίαν
1388 3885 1513 3968 αὐτοῖς

308 4003 477 4085 ε’ντέθεικε
495 4003 561 4104 τὴν
578 4004 747 4086 πτοίανὸ
773 4005 894 4109 λόγος,
914 4007 1132 4110 τεθορύβηκε
1158 4007 1195 4087 δὲ
1223 4010 1354 4103 δεινῶς,
1373 4009 1432 4086 καὶ
1458 4014 1513 4114 τῷ

309 4127 413 4230 βάρει
445 4132 509 4227 τῆς
540 4129 658 4228 λύπης
690 4131 960 4237 καταφορτίσας
993 4131 1057 4211 τὸν
1091 4131 1246 4212 ἑκάστου
1277 4131 1513 4210 κατεθόλωσε

310 4259 404 4330 νοῦν.
446 4252 485 4330 τί
499 4251 571 4353 γάρ
597 4251 642 4332 ἀν
660 4253 799 4354 γε’νοιτο
823 4259 886 4351 τῆς
913 4255 1032 4354 λάπης
1056 4253 1098 4334 τὸ
1123 4255 1442 4358 δυσαχθέστερον;
1476 4258 1517 4334 τί
1527 4288 1568 4342 30

310 4373 348 4452 δὲ
366 4376 458 4454 οὕτω
478 4375 660 4481 φορτικὸν,
681 4379 729 4460 ὡς
748 4383 820 4456 τῶν
838 4378 995 4476 ἡδίστων
1013 4379 1036 4478 ἡ
1055 4379 1277 4481 παραίρεσις,
1297 4375 1418 4457 καὶτὸ
1437 4387 1513 4458 τῶν

335 4555 372 4624 ,7.
390 4545 550 4626 τὸιτλοῦτοι
569 4545 603 4601 Ε.
618 4548 663 4601 τὸν
679 4549 794 4601 πλοῦτον
812 4545 909 4600 retinui
927 4547 962 4600 cs.
975 4565 1056 4617 supra
1071 4561 1120 4619 173
1129 4565 1151 4613 e,
1165 4546 1198 4602 de
1217 4546 1298 4602 Recta
1316 4545 1383 4601 Fide
1404 4561 1441 4618 70
1453 4547 1471 4603 d
1485 4550 1514 4620 (a

309 4611 400 4669 Tmch.
413 4615 479 4696 cm).
589 4619 629 4672 18.
649 4620 781 4687 σαρκικοῖς
793 4617 840 4686 μὲν
852 4616 935 4671 οὐκέτι
949 4635 1002 4671 om.
1017 4617 1048 4672 Ε.
1157 4620 1199 4674 28.
1218 4617 1334 4686 ε’ντίθηκε
1349 4617 1382 4672 Ε.
