3274 5118
129 385 251 432 xmo.
313 365 371 431 IN
402 367 434 432 S.
460 366 717 434 JOANNEM.
762 367 859 434 LIB.
882 369 924 434 X.
970 369 1076 437 CAP.
1100 370 1148 439 11.
1269 373 1333 438 593

128 533 264 636 φιλεῖν,
281 529 387 634 ἔργον
404 529 450 611 ἀν
470 532 609 634 γένοιτο
627 534 783 618 διανοίας
800 532 1058 639 πτωχευοιίσης
1076 539 1128 642 τῷ
1145 532 1332 636 πνειίματι,
1377 563 1500 619 snauh.

128 652 224 734 κατά
260 654 302 735 τὸ
339 657 598 759 γεγραμμένον,
636 659 694 738 καὶ
730 657 863 766 μετρίῳ
900 661 1029 764 κομιδῆ
1066 659 1332 760 κεκοσμημένης
1377 647 1401 682 v.
1411 647 1435 696 3·

128 776 347 883 φρονήματι.
388 779 514 884 φύεται
538 778 610 884 γάρ
635 815 712 866 πως
738 784 798 861 καὶ
823 781 984 886 καθάπερ
1010 784 1049 862 ἐκ
1073 783 1170 887 ῥίζης
1191 784 1333 888 ἀνίσχει

128 906 255 1001 καλῆς,
275 901 445 1011 ἐντούτῳ
473 901 517 1004 δῆ
545 903 722 1004 μάλιστα,
743 903 786 984 τὸ
810 904 1042 1008 μακρόθυμόν
1060 940 1099 986 τε
1123 911 1183 987 καί
1206 907 1327 1014 ἀνεξί-

90 1050 253 1111 5κοικον.
295 1024 338 1106 τὸ
366 1025 403 1106 δέ
425 1025 616 1134 ἀφορήτως
639 1028 731 1134 έχειν
749 1034 796 1113 είς
818 1027 951 1132 λόγους
978 1029 1060 1114 τοάς
1082 1030 1327 1134 παροτρύνον-

127 1183 205 1248 τας,
233 1155 282 1234 είς
309 1157 383 1230 πᾶν
410 1148 433 1252 ῆ
459 1153 518 1232 καί
546 1153 666 1232 ὁτιοῦν
692 1152 832 1252 ἀτιμίας
861 1149 952 1238 εἶδος
981 1157 1045 1252 τῆς
1077 1151 1177 1258 παρά
1204 1187 1359 1252 τινων,ο

126 1271 277 1380 ἔνδειξιν
304 1270 349 1354 ἀν
377 1271 451 1379 ε”χοι
479 1279 584 1380 σαφῆ
616 1285 800 1378 λογισμοῦ
830 1277 1073 1383 φιλοκόμπου,
1104 1279 1163 1357 καὶ
1196 1281 1270 1377 τῆς
1290 1279 1329 1360 έν

126 1395 257 1505 κόσμῳ
286 1400 498 1508 φιλοδοξίας
526 1401 568 1479 οὖ
595 1400 680 1480 λίαν
702 1401 987 1503 ἀπηλλαγμένου
1012 1398 1253 1506 φρονήματος.
1291 1401 1331 1482 τί

126 1518 201 1623 γάρ
228 1519 273 1601 ἀν
298 1523 417 1630 δράσῃ
444 1520 565 1629 τυχὸν,
584 1521 608 1624 ῆ
626 1525 665 1603 τί
679 1525 781 1627 ὕβρις
808 1524 964 1630 ἀδικήσῃ
993 1523 1057 1605 τὸν
1084 1528 1147 1624 τῆς
1173 1524 1327 1632 ἀτυφίας

69 1681 112 1722 ιο
127 1644 307 1747 έραστήν;
339 1654 391 1756 τῷ
416 1646 454 1728 δέ
478 1646 529 1748 μὴ
553 1645 661 1754 δόξης
686 1647 858 1757 ἐφιεμένῳ
881 1652 1066 1748 κοσμικῆς,
1084 1655 1162 1732 πῶς
1180 1647 1328 1752 ἀνιαρὸν

126 1768 232 1848 έσται
249 1769 292 1850 τὸ
310 1775 555 1875 λοιδορεῖσθαι
572 1771 663 1876 πρός
681 1805 800 1869 τινος;

184 1894 309 2000 Δόξης
336 1896 400 1976 οὖν
427 1896 497 1998 ἀρα
524 1897 679 1996 ταυτησὶ
705 1899 770 1995 τῆς
796 1893 1014 1995 είκαιοτάτης
1045 1897 1138 2002 φημὶ
1170 1898 1229 1976 καὶ
1261 1897 1327 1996 τῆς

126 2017 166 2095 έν
198 2015 325 2128 κόσμῳ
357 2017 590 2120 τετιμημένης
622 2017 697 2099 ἀνω
726 2017 911 2120 βεβηκότα
942 2017 1006 2099 τὸν
1037 2027 1131 2117 νοῦν,
1163 2019 1223 2099 καὶ
1252 2025 1327 2098 τῶν

125 2142 297 2222 τοιούτων
325 2142 607 2247 ι’πτεριπτάμενον
628 2142 732 2249 ἔχειν,
757 2141 899 2227 εἰκότως
927 2141 1177 2222 διακελεύεται·
1218 2177 1354 2245 προε-ιι
1373 2169 1496 2224 θοοΑ.

72 2291 112 2347 ¹5
125 2273 244 2346 πινοεῖ
265 2265 302 2348 δέ
324 2265 448 2372 ὥσπερ
467 2267 665 2367 ἀναγκαίαν
687 2265 897 2371 ἀσφάλειαν
914 2266 1006 2369 πρὸς
1029 2263 1071 2346 τὸ
1098 2269 1171 2347 δεῖν
1188 2265 1325 2348 ἐθέλειν

125 2391 164 2468 έν
182 2390 320 2476 τούτοις
346 2394 513 2494 ὁρᾶσθαι,
531 2395 590 2472 καὶ
608 2391 770 2496 καθάπερ
793 2391 909 2470 αι’κίαν
927 2390 994 2490 τῆν
1012 2394 1061 2475 είς
1082 2398 1187 2471 τοῦτο
1209 2425 1325 2473 κατω-

127 2519 260 2595 θοῦντα
276 2519 399 2616 τίθησι
418 2515 611 2618 λογισμὸν,
623 2514 711 2619 ὅπερ
730 2515 899 2618 ἐλέγομεν
917 2515 961 2622 ἐξ
977 2518 1101 2620 ἀρχῆς,
1112 2513 1154 2595 τὸ
1173 2514 1324 2598 κατόπιν

127 2636 213 2718 ἱέναι
234 2644 297 2739 τῆς
321 2647 386 2720 τοῦ
407 2640 542 2745 Κυρίου
563 2642 677 2738 τιμῆς,
699 2639 830 2740 ἥδιστα
848 2635 886 2718 δὲ
908 2638 993 2718 λίαν
1010 2638 1229 2742 προσίεσθαι
1250 2646 1324 2720 πᾶν

127 2760 215 2865 ἀπερ
233 2759 279 2842 ἀν
297 2763 342 2844 ’ίυι
361 2763 453 2844 κατὰ
472 2764 604 2868 καιρὸν,
619 2763 694 2843 ἔστ’
711 2761 755 2844 ἀν
773 2764 892 2846 αὐτοῖς
910 2761 952 2842 τὸ
972 2762 1166 2862 εὐδοκιμεῖν
1180 2760 1324 2870 ὑπάρχῃ

74 2927 114 2969 ιο
128 2885 185 2966 διά
205 2885 311 2987 Θεὸν,
330 2889 372 2968 οὐ
389 2896 466 2972 ταῖς
490 2887 644 2986 ἀτιμίαις
673 2885 923 2985 ἀπτιουμένους
943 2888 992 2970 ὡς
1016 2884 1122 2966 ὄκνον
1140 2887 1324 2993 ἀνωφελῆ,

128 3010 208 3090 οὐδὲ
236 3009 306 3090 ὑπό
333 3045 398 3092 τον
425 3009 535 3116 τυχὸν
559 3010 700 3111 ἐπείπερ
728 3006 1057 3110 διαλελοιδόρηνται
1083 3014 1229 3110 πικροῖς,
1256 3007 1324 3109 τῆν

127 3136 165 3214 έν
187 3140 239 3242 τῷ
267 3133 448 3215 διδάσκειν
474 3132 681 3239 παῤῥησίαν
706 3129 1014 3234 ἀνασειράζοντας,
1032 3133 1092 3210 καὶ
1118 3137 1192 3210 τῶν
1219 3131 1324 3212 θείων

127 3256 364 3356 ένταλμοίτων
388 3257 696 3362 ὀλιγωρήσαντος,
716 3255 929 3360 ἀντέχεσθαι
958 3252 996 3334 δὲ
1023 3259 1169 3351 μᾶλλον
1191 3258 1256 3352 τῆς
1274 3259 1356 3338 eis-b

131 3381 312 3490 ἀδελφοὺς
337 3380 490 3484 ἀγάπης,
518 3384 577 3462 καὶ
602 3377 661 3460 διά
683 3378 817 3464 παντὸς
842 3379 1049 3482 ἐπείγεσθαι
1077 3373 1212 3480 τρόπον
1239 3374 1323 3463 τοὺς

76 3543 113 3603 25
127 3507 382 3606 πλανωμένους
400 3509 565 3614 ἀφελεῖν.

180 3633 401 3715 Ἀναπείσας
419 3630 538 3710 τοίνυν
556 3627 625 3710 ἀπὸ
646 3625 760 3712 πόδας
777 3627 842 3726 τῆς
862 3621 1087 3729 προσκαίρου
1109 3621 1219 3732 δόξης
1237 3623 1317 3731 φεί-

127 3758 251 3836 δεσθαι
270 3759 333 3855 τῆς
352 3757 537 3854 κοσμικῆς,
557 3751 676 3857 ἕτερόν
700 3785 735 3832 τι
758 3745 1120 3854 προσεπαγωνίζεται,
1139 3747 1320 3854 χρήσιμόν

126 3913 162 3960 τε
187 3881 472 3981 καὶάναγκαῖον.
512 3885 537 3958 εί
562 3877 631 3986 γῖιρ
653 3873 718 3983 ε’μί
735 3881 851 3981 φησιν
869 3869 1016 3980 ἐδίωξαν,
1045 3882 1105 3954 καί
1126 3879 1220 3978 ἀμοῖς
1238 3868 1317 3954 διά·

127 4003 230 4112 ξονσι.
278 4006 336 4084 καὶ
364 4005 525 4106 συγγενῆ
553 3999 618 4100 μέν
645 4007 718 4084 τοῖς
745 3999 899 4102 πράτοις
927 3997 998 4102 ἔχει
1031 3999 1090 4076 καὶ
1117 4004 1224 4076 τοῦτο
1252 3993 1320 4096 τῆν

80 4155 115 4214 30
128 4127 285 4231 θεωρίαν.
329 4131 527 4226 τληπαθεῖν
545 4126 575 4205 δ
595 4125 658 4204 οὖν
673 4123 768 4223 ὅμως
786 4119 978 4217 ἀναπείθει,
996 4120 1055 4198 καὶ
1074 4123 1147 4198 τῶν
1166 4117 1319 4198 έσεσθαι

127 4253 162 4332 έν
180 4253 263 4352 ῆμῖν
280 4232 601 4354 προσδοκηθέντων
623 4251 871 4349 διαλογισμῶν
893 4247 1103 4346 προαναιρεῖ
1123 4238 1190 4340 τῆν
1208 4240 1347 4320 ἀσθέ-υ

160 4477 186 4526 4.
205 4453 666 4530 ιιειιεφιιαικεειεαιιιιι.
744 4451 769 4506 ⁶.
790 4403 1230 4520 ..ιιιιιιιωμεατῖιαα
1268 4447 1318 4504 ιο.

128 4527 244 4654 χεαδυω
258 4529 300 4600 (ut
312 4525 379 4598 vid.)
392 4525 407 4614 ῆ
421 4526 461 4580 καί
474 4526 510 4582 τίς
521 4528 580 4581 πᾶν.
655 4541 696 4594 13.
708 4521 884 4606 ἀνοβιβηκάτα
897 4521 930 4576 Ε.
976 4519 1072 4606 διεξίω
1086 4525 1137 4575 τῶν
1147 4523 1208 4574 νοῦν
1219 4519 1260 4604 καί
1272 4521 1318 4574 τδν

152 4599 208 4665 ub.‚
221 4597 293 4656 unde
304 4600 351 4656 τὸν
361 4619 422 4654 νυνν
433 4597 473 4652 καί
485 4597 531 4652 τὸν
541 4594 664 4652 emendat
678 4595 780 4664 Mlgne.
864 4593 905 4648 16.
924 4589 1098 4662 κατωθουντο]
1112 4589 1253 4660 κατορθονν
1265 4587 1298 4644 Ε.

167 4701 239 4748 τοι..
256 4699 293 4744 ιι.
696 4697 719 4758 4
733 4695 755 4742 ο
