3274 5118
315 209 382 276 646
623 211 663 278 B.
687 211 900 278 CYRILLI
929 211 1223 280 ALEXANDR.
1430 208 1536 282 καλό

316 386 339 424 “
358 375 504 480 Πατρῦς
528 377 706 482 ήμιῦνκαῖ
732 379 867 481 Κυρίου
884 380 1009 480 Ἰησοῦ
1031 380 1233 483 Χριστοῦ·”
1266 375 1295 484 ᾖ
1329 373 1379 456 δὲ
1410 373 1542 472 μεσῖπβ

151 525 265 586 om
288 503 377 581 ακαὶ
406 501 588 608 ἅρχιερεῦς
616 503 675 582 καί
705 500 936 606 παράκλητος
965 503 1184 607 ὀνομάζεται,
1212 496 1545 606 προσκορᾶζειτῆ

320 627 439 728 Πατρί
457 625 523 710 τὰς
547 624 635 730 ὑπὲρ
661 627 763 726 ἡμῶν
782 627 942 711 ἱκετείας·
982 628 1088 712 αὐτὸς
1112 627 1184 731 γοίρ
1209 630 1327 707 ε’στιν
1353 625 1383 724 ἡ
1413 621 1545 704 πάντων

318 750 420 850 ἡμῶν
446 749 633 855 παῤῥησία
658 750 748 854 πρὸς
776 748 842 830 τὸν
871 749 1028 855 Πατέρα.
1085 753 1115 832 ἐν
1143 753 1283 858 ὀνόματι
1321 749 1473 830 τοίνυν
1499 754 1548 823 τοῦ

321 878 488 978 Σωτῆρος
509 875 608 975 ἡμῶν
627 879 793 978 Χριστοῦ
810 873 876 960 τὰς
894 875 1033 975 δεήσεις
1051 876 1227 976 ποιητέον·
1261 869 1565 981 προχειρόταταᾶ

319 996 391 1103 γὰρ
419 1001 512 1080 οὕτω
540 999 789 1080 κατανεύσειεν
817 997 862 1079 ἂν
889 1001 909 1079 ὁ
933 996 1074 1101 Πατήρ,
1102 1002 1270 1080 ἐπιδώσει
1303 999 1350 1080 δὲ
1388 1005 1478 1080 τοῖς
1505 999 1549 1073 αἱ·

320 1131 447 1204 τοῦσιν
474 1121 582 1203 αὐτὸν
610 1122 657 1204 τὰ
683 1121 818 1225 ἀγαθὰ,
839 1121 897 1202 ἵνα
925 1121 1101 1219 λαβόντες
1128 1125 1326 1228 χαίρωμεν.
1383 1125 1550 1216 ἀναπιμ-

320 1245 499 1348 πλάμενοι
517 1245 590 1351 γὰρ
608 1245 846 1352 χαρισμάτων
863 1253 1122 1346 πνευματικῶν,
1141 1250 1199 1328 καὶ
1223 1253 1289 1348 τῆς
1310 1246 1423 1350 παρ’
1447 1247 1552 1323 αὐτοῦ

322 1371 503 1456 συνέσεως
527 1371 711 1452 πλουσίαν
732 1368 906 1474 λαχόντες
929 1368 997 1469 τὴν
1014 1373 1199 1474 χορηγίαν,
1217 1371 1275 1452 διὰ
1304 1379 1384 1452 τοῦ
1423 1403 1550 1450 κατοι-

288 1505 469 1579 δκοῦντος
494 1497 532 1575 ἐν
550 1496 633 1595 ἡμῖν
649 1494 777 1596 Ἀγίου
800 1493 1021 1593 Πνεῦματος,
1040 1496 1464 1597 καταστρατευσόμεθα
1490 1492 1586 1591 μένιι

322 1623 382 1700 καὶ
399 1619 484 1698 λίαν
502 1617 658 1704 εὐκόλως
680 1615 828 1718 ἁπάσης
845 1616 1004 1721 ,ε’κτόπου
1028 1651 1067 1698 τε
1093 1621 1150 1698 καὶ
1174 1621 1362 1722 βδελνρᾶς
1388 1621 1550 1719 ἡδονῆς

322 1747 630 1847 ἀγαθονργοῦντες
666 1740 704 1822 δὲ
742 1745 835 1822 οὕτω
871 1745 929 1822 καὶ
970 1747 1019 1828 είς
1058 1740 1185 1848 ἔφεσιν
1221 1741 1377 1842 ἁπάσης
1428 1741 1553 1825 ἰόντες

321 1871 449 1972 α’ρετῆς
486 1865 557 1948 σῦν
585 1867 753 1974 ἐξαιρέτῳ
785 1871 831 1972 τῇ
862 1867 1054 1974 προθυμίη,
1083 1869 1142 1946 καὶ
1175 1865 1409 1968 νευροόμενοι
1451 1865 1551 1969 πρὸς

320 1999 395 2074 πᾶν
420 1993 539 2073 ὁτιοῦν
563 1997 637 2071 τῶν
658 1989 731 2070 ὅσα
758 1997 933 2070 τελοῦντα
957 1992 1121 2096 φαίνεται
1146 1987 1239 2094 πρὸς
1263 1991 1548 2092 ἁγιασμόν,τῂ

321 2121 385 2216 τῆς
425 2119 579 2218 ἀμοιβῆς
620 2115 739 2195 ἐλπίδι
780 2113 951 2220 χαίρομέν
987 2149 1026 2194 τε
1063 2114 1158 2214 λίαν,
1190 2117 1249 2196 καὶ
1281 2114 1348 2215 τήν
1386 2119 1430 2196 ἐκ
1476 2122 1546 2194 τοῦ
1559 2141 1583 2194 15

321 2248 480 2346 πονηροῦ
516 2239 720 2326 συνειδότος
760 2236 958 2346 κατήφειαν
994 2236 1307 2346 ἀποπεμψάμενος
1344 2247 1431 2324 ταῖς
1457 2241 1542 2318 ·ε’πὶ

323 2371 476 2473 Χριστῷ
504 2365 689 2464 θυμηδίαις
716 2359 779 2442 τὸν
801 2367 929 2442 οίκεῖον
953 2363 1229 2463 καταπιαίνομεν
1254 2373 1350 2444 νοῦν.
1393 2366 1460 2444 καὶ
1491 2359 1539 2461 ἦν

295 2521 313 2566 ο
323 2486 390 2590 μὲν
417 2495 491 2573 τοῖς
523 2488 764 2591 ἀρχαιοτέροις
798 2485 1083 2586 ἀνεπιτήδευτον·
1124 2487 1166 2566 οῦ
1198 2486 1270 2590 γὰρ
1301 2483 1537 2587 μεμελέτητό

323 2647 401 2696 πως
425 2615 632 2715 προσευχῆς
656 2645 709 2694 τις
737 2619 894 2694 τοιοῦτος
920 2609 1054 2714 τρόπος
1080 2609 1138 2690 διὰ
1161 2610 1228 2711 τήν
1248 2611 1413 2714 ἄγνοιαν·
1447 2612 1528 2716 ὁρί-

323 2736 416 2840 ζεται
454 2735 491 2815 δὲ
529 2739 606 2815 νυνὶ
641 2731 701 2812 διὰ
737 2739 914 2837 Χριστοῦ,
944 2737 1002 2814 καὶ
1038 2734 1141 2835 μάλα
1179 2733 1330 2833 εἰκότως,
1360 2736 1424 2817 ὅτε
1461 2741 1573 2837 τῆς20

323 2858 547 2963 διορθώσεως
584 2856 799 2963 ἀνέλαμψεν
832 2859 853 2938 ὁ
892 2858 1024 2961 καιρὸς,
1056 2861 1114 2940 καὶ
1150 2859 1174 2960 ἡ
1209 2861 1345 2946 παντὸς
1383 2865 1526 2964 ἀγαθοῦ

322 2981 500 3084 τελειότης
529 2980 797 3080 εἶσκεκόμισται
825 2985 868 3062 δι’
888 2985 1008 3064 αὑτοῦ.
1046 2981 1171 3086 ὥσπερ
1197 2984 1271 3092 γὰρ
1298 2984 1402 3066 οῦδὲν
1422 3019 1522 3066 τετε-

322 3107 468 3188 λείωκεν
492 3109 513 3186 ὁ
542 3106 659 3203 νόμος,
681 3106 767 3185 ἀλλ’
787 3103 832 3205 ἦν
854 3105 985 3207 ἀτελὴς
1013 3107 1035 3206 ἡ
1063 3105 1140 3188 κατ’
1158 3106 1270 3188 αὐτὸν
1292 3111 1522 3210 μελετωμίνη

322 3230 540 3330 δικαιοσύνη,
559 3230 653 3310 οῦτω
670 3232 730 3310 καὶ
746 3233 811 3330 τῆς
827 3235 1034 3336 προσευχῆς
1052 3233 1073 3310 ὁ
1094 3229 1238 3335 τρόπος.

274 3515 311 3576 α5
324 3496 435 3562 Ταῦτα
462 3497 498 3561 ἒν
525 3497 715 3586 παροιμίαις
744 3498 914 3563 λελάληκα
944 3495 1024 3574 ὑμῖν·
1062 3498 1192 3587 ἔρχεται
1222 3500 1294 3588 ὠρα
1322 3501 1378 3564 ὅτε
1412 3498 1524 3567 οὐκέτι
1537 3512 1566 3572 ²5

289 3631 311 3697 d
374 3620 409 3686 ἓν
431 3621 622 3710 παροιμίαις
645 3625 782 3689 λαλιίσω
808 3619 892 3704 ὑμῖν,
910 3623 996 3688 ἀλλὰ
1023 3621 1186 3714 παρρησίη
1209 3624 1283 3714 περί
1308 3631 1366 3689 τοῦ
1390 3625 1522 3715 Πατρός

373 3748 550 3822 ἁπατςελῶ
576 3742 660 3824 ὑμῖν.
827 3732 828 3736 ¹

306 4015 309 4023 Ι
379 3916 569 4018 Παρωρίαν
588 3909 680 3992 εἶναί
694 3915 790 4018 φησι
808 3910 872 3992 τὸν
891 3909 1050 4017 ἀμυδρόν
1066 3948 1106 3994 τε
1128 3913 1186 3994 καί
1211 3913 1253 3993 οῦ
1276 3913 1360 3992 λίαν
1379 3916 1522 4022 ἐμφανῆ

321 4033 446 4135 λόγον,
470 4036 754 4134 ἐπεσκιασμένυν
780 4036 823 4114 δέ
845 4071 923 4122 πως
951 4036 1144 4143 ἀοαφείαις
1171 4039 1264 4118 οὕτω
1293 4047 1454 4137 λεπταῖς,
1478 4045 1524 4124 ὡς

320 4156 370 4258 μή
390 4159 474 4238 λίαν
491 4159 639 4257 ἑτοίμως
657 4157 817 4239 συνιέναι
835 4165 929 4266 φησὶ
952 4160 1130 4242 δύνασθαι
1151 4161 1234 4246 τοῦς
1256 4162 1518 4266 ἀκροωμένους·
1535 4191 1565 4249 3⁰

320 4363 819 4508 30²⁵q3025⁵sssssmffinffiissv³⁸ffi
1056 4355 1522 4446 ηιλγρκςοωὲιῃοοιιι.
