3118 5132
70 231 121 294 ν’τ.
137 252 166 298 ι.
364 238 427 302 IN
460 239 494 302 S.
519 240 541 303 J
547 239 774 305 OANNEM.
821 239 915 304 LIB.
940 238 1001 304 IX.
1217 236 1280 298 401

67 396 233 502 τόὀιομα
251 411 324 484 τοῦ
344 408 458 502 Υῖοῦ,
478 405 718 508 κηρυγμάτων
735 409 978 510 εῦαγγελικῶν
996 403 1177 504 ἐπίταγμα
1198 400 1283 506 φοί·

68 557 169 604 ιεται.
208 531 270 608 δεῖ
283 527 368 632 γὰρ
386 529 576 610 πιστεύειν
593 528 676 614 τοῦς
693 531 730 610 οἵ
748 565 791 633 γε
810 537 1010 637 φρονοῦσιν
1028 529 1155 633 ὀρθῶς,
1173 525 1222 610 ε’ίς
1240 558 1282 627 γε

67 648 155 728 Θεόν
174 654 346 755 Πατέρα,
368 657 433 732 καὶ
455 655 523 759 οῦχ
551 655 677 738 ἁπλῶς
701 661 751 740 εἰς
768 655 869 753 Υίόν,
888 653 989 734 ἀλλὰ
1014 654 1073 733 καὶ
1099 653 1277 752 ε’νανθρω·

67 771 242 874 nitram,
259 781 328 856 καὶ
351 783 405 862 εἰς
424 776 468 856 τὸ
488 783 639 878 Πνεῦμα
660 777 702 859 τό
718 777 863 882 Ἀγων.
904 779 926 878 ἡ
952 775 1107 879 μὲνγὰρ
1132 774 1218 876 ἁγία
1242 807 1280 854 τε

47 905 118 976 sni
143 901 353 998 ὀμοοῦσιος
373 899 503 1004 Τριῦις,
521 904 580 982 καὶ
603 909 681 986 ταῖς
706 909 779 984 τῶν
802 900 989 1003 ὀνομάτων
1007 905 1194 1007 διαφοραῖς
1221 900 1281 978 καὶ

69 1029 131 1101 τῶν
163 1025 399 1128 προσώπων
436 1025 610 1124 ποιότησί
645 1060 683 1106 τε
724 1029 782 1106 καὶ
823 1025 976 1127 ἰδιότησι
1011 1019 1278 1104 διαστέλλεται·

71 1145 176 1250 ταιὴρ
205 1147 287 1251 γάρ
320 1150 477 1228 ἐστινὸ
505 1147 635 1252 Πατὴρ
663 1153 720 1231 καὶ
749 1151 817 1256 οὐχ
844 1149 942 1247 Υῖός,
965 1152 1024 1230 καὶ
1052 1145 1140 1232 Υῖός
1167 1146 1281 1228 πάλιν

72 1270 195 1356 όΥῖός
224 1277 290 1353 καὶ
324 1274 370 1352 οῦ
403 1269 546 1376 Πατὴρ,
571 1276 630 1354 καὶ
659 1279 810 1374 Πνεῦμα
836 1273 893 1354 rb*
907 1279 1056 1371 Πνεῦμα
1082 1270 1124 1352 τό
1146 1270 1281 1373 Ἀγιον

73 1395 147 1473 ἴδιον
162 1401 231 1494 τῆς
256 1394 455 1496 θεότητος·
484 1400 544 1478 καὶ
568 1404 617 1483 είς
642 1398 706 1479 τὸν
724 1398 835 1479 αὐτὸν
852 1403 916 1498 τῆς
940 1397 1066 1482 οὐσίας
1092 1400 1312 1502 ἁνακεφα-Ι)

44 1549 66 1590 ο
78 1527 229 1599 λαιοῦται
249 1518 454 1621 λόγον,οῦ
477 1527 570 1624 τρεῖς
593 1522 689 1621 ἡμῖν,
707 1525 793 1603 ἀλλ’
814 1523 876 1602 ἕνα
895 1521 991 1602 Θεὸν
1007 1519 1276 1627 ε’πιγράφουσα.

77 1641 161 1741 πλὴν
177 1641 442 1728 εὐδιαστόλως
461 1647 555 1751 φημὶ
572 1650 643 1727 δεῖν
660 1646 755 1746 ἡμᾶς
772 1651 954 1727 ποιεῖσθαι
975 1643 1041 1745 τὴν
1057 1647 1194 1742 πίστιν,
1214 1645 1281 1749 οὐχ

80 1765 193 1850 Γπλῶς
213 1768 406 1869 λέγοντας
425 1767 651 1866 Πιστειίομεν
670 1776 716 1854 εἰς
736 1769 828 1867 Θελν,
846 1767 933 1848 ἀλλ’
949 1767 1197 1875 ε’ξαπλοῦντας
1214 1767 1281 1868 τὴν

82 1889 289 1994 ὁμολογίαν,
327 1893 390 1970 καὶ
428 1893 572 2000 ἑκάστῳ
607 1893 797 2002 προσώπῳ
833 1893 898 1973 τὸν
930 1891 1040 1973 αὑτὸν
1071 1897 1135 1990 τῆς
1170 1888 1281 1997 δόξης

81 2013 309 2099 ι’ντιτιθεῖιτας
338 2014 466 2117 λόγον.
508 2017 665 2123 διαφορὰ
694 2017 766 2121 γὰρ
793 2019 950 2102 πίστεως
977 2016 1123 2116 οὐδεμία
1149 2014 1214 2115 μέν
1242 2019 1281 2097 ἐν

51 2135 163 2236 ῐεῆμῖν,
180 2141 225 2218 οῦ
243 2138 325 2242 γὰρ
345 2137 472 2241 μείζων
488 2138 554 2240 μὲν
573 2143 610 2220 έν
628 2143 714 2242 ἡμῖν
730 2143 753 2239 ἡ
771 2143 894 2226 πίστις
913 2143 951 2222 έν
969 2143 1098 2243 Πατρὶ,
1119 2137 1280 2220 ἐλάττων

82 2259 111 2337 δι’
131 2265 168 2340 ἐν
186 2261 327 2370 Υῖῷ,ἢ
356 2265 415 2342 καὶ
438 2265 477 2342 έν
499 2266 550 2370 τῷ
567 2264 681 2372 Ἀγίιρ
705 2264 900 2364 Πνεῦματι·
929 2265 1016 2344 ἀλλ’
1036 2262 1085 2348 εἷς
1110 2299 1150 2344 τε
1173 2266 1232 2343 καὶ
1259 2266 1279 2344 ὃ

81 2384 176 2470 ὠτός
202 2391 275 2486 τῆς
303 2387 505 2489 ὁμολογίας
531 2387 614 2489 ὅρος
640 2423 679 2468 τε
706 2390 764 2469 καὶ
791 2387 934 2492 τρόπος,
959 2385 1017 2468 διὰ
1044 2395 1152 2490 τριῶν
1176 2387 1308 2494 έρχόο

81 2541 173 2597 m
190 2509 393 2609 ὀνομάτων
411 2513 449 2589 ἐν
466 2509 537 2619 ἰ’σιρ
561 2518 613 2620 τῷ
634 2510 761 2620 μέτρῳ,
780 2513 839 2592 ἵνα
856 2511 946 2616 πρὸς
965 2509 1114 2610 ἑνότητα
1134 2512 1279 2620 φύσεως

80 2635 126 2711 καὶ
143 2633 205 2713 διὰ
223 2632 374 2714 τούτων
392 2639 499 2714 ῖοῦσα
522 2637 693 2740 φαίντγται
717 2635 831 2716 πάλιν
849 2636 872 2735 ἠ
891 2636 977 2738 ἁγία
995 2633 1120 2738 Τριδς,
1139 2639 1275 2737 ἀκατη-

50 2754 224 2858 ιεγόρτρός
250 2790 291 2836 τε
319 2764 508 2842 παντελῶς
529 2760 551 2858 ἡ
576 2762 658 2863 περὶ
683 2759 794 2860 αὐτὴν
815 2759 1075 2854 διαλάμπουσα
1101 2758 1192 2866 δόξα
1219 2763 1277 2840 καὶ

78 2881 203 2966 ε’νταῖς
231 2881 425 2983 ἡμετέραις
451 2884 567 2991 ὁρῷτο
591 2888 729 2989 ψυχαῖς
753 2889 802 2968 εἰς
826 2883 972 2986 Πατέρα
997 2887 1054 2963 καὶ
1080 2889 1129 2967 εἷς
1146 2883 1276 2983 Υῖὸνὴ

76 3005 202 3104 riorus,
235 3007 300 3085 καὶ
332 3004 391 3085 ὅτε
419 3006 566 3108 γέγονεν
593 3007 793 3110 ἄνθρωπος,
821 3010 880 3087 καὶ
908 3013 956 3091 εἰς
983 3008 1026 3086 τὸ
1055 3012 1206 3104 Πνεῦμα
1234 3005 1276 3085 τὸ

73 3121 213 3230 Ἀγιον.
266 3131 331 3208 καὶ
358 3129 422 3209 οὐκ
449 3129 497 3210 ἂν
521 3127 619 3228 οἶμαι
647 3126 800 3212 διέλοιτό
827 3165 891 3229 τις,
919 3129 953 3210 εἴ
980 3165 1023 3232 γε
1051 3131 1275 3236 σωφρονοίη,

74 3261 129 3332 τοῦ
145 3259 255 3334 θεοῦ
274 3250 402 3354 Λόγον
419 3249 483 3333 τόν
500 3257 538 3334 ἐκ
556 3255 736 3357 παρθένον
755 3253 851 3352 ναῦν,
871 3253 961 3334 ὅσον
978 3254 1062 3354 ἧκεν
1081 3259 1129 3338 είς
1151 3251 1193 3334 τὸ
1212 3259 1275 3354 τῆς

42 3377 236 3476 ιὸνίότητος
255 3372 383 3480 χρῆμά
404 3383 511 3482 φημι·
543 3388 564 3426 “
578 3376 643 3462 Εῖς
667 3376 739 3482 γὰρ
761 3377 892 3481 Κύριος
910 3379 1054 3477 Ἰησοῦς
1072 3378 1273 3482 Χριστὸς,”
1319 3386 1409 3501 &3⁰¹⁶

74 3499 158 3580 ιιτδ
188 3499 265 3600 τὴν
297 3507 361 3578 τοῦ
391 3499 543 3581 Παῦλον
573 3499 711 3608 φωνήν.
764 3503 784 3581 ὀ
817 3500 855 3581 δὲ
887 3500 1083 3602 διατέμνων
1112 3510 1160 3590 εἱς
1191 3510 1310 3590 νῖῶνά
1365 3491 1370 3501 ¹

74 3625 182 3706 διιῖδα
202 3621 275 3704 τὸν
294 3623 356 3703 ἕνα
372 3627 431 3703 καὶ
448 3623 569 3724 μόνον,
587 3625 679 3706 ’ίοτω
698 3623 742 3725 δὴ
760 3622 904 3710 πάντως
922 3622 988 3726 τὴν
1005 3628 1130 3709 πίστιν
1148 3630 1275 3734 ἀρνού-

74 3785 185 3844 μενος.
242 3749 305 3828 xa?
343 3756 430 3850 γοῦν
461 3749 482 3826 ὀ
518 3747 712 3833 θεσπέσιος
745 3753 894 3834 Παῦλος
909 3749 994 3831 ’τὸν
1025 3755 1107 3854 περὶ
1139 3753 1276 3832 τούτων
1310 3757 1312 3763 ”

76 3869 206 3978 α’ριστιῖ
234 3905 278 3950 τε
302 3873 363 3950 καὶ
387 3872 473 3950 λίαν
495 3873 610 3974 ὀρθῶς
634 3873 836 3980 ἐξυφαίνων
857 3871 1041 3976 λόγον,οό
1066 3873 1203 3978 γυμνὸν
1225 3881 1274 3959 είς

45 4001 191 4093 ῃτίστιν
220 3991 450 4095 εῖσκειιόμικε
482 3992 546 4076 τόν
575 3999 780 4098 Μονογενῆ,
808 3997 908 4075 ἀλλά
935 3999 993 4074 καὶ
1021 3999 1059 4075 ε’ν
1086 4002 1160 4079 τοῖς
1188 3999 1284 4075 καθ’Ι

76 4123 154 4222 ἡμᾶς
188 4117 390 4229 γεγονότα,
424 4119 620 4219 τουτέστιν,
654 4119 845 4224 ἄνθρωπον
876 4115 1106 4199 ἀποθανόντα
1139 4151 1177 4198 τε
1214 4123 1272 4200 καὶ

104 4417 121 4456 ι.
137 4402 200 4458 M
230 4402 252 4430 ‘⁴
262 4390 396 4450 Christi”
411 4387 472 4460 Syr.
591 4389 633 4447 16.
651 4393 666 4446 ὁ
678 4398 847 4462 assumptum
859 4407 892 4445 ex
905 4389 938 4445 E.
1055 4405 1098 4446 ιο.
1117 4391 1158 4446 καὶ
1171 4401 1224 4447 om.
1239 4391 1272 4450 Ε.

78 4487 108 4530 ιι,
121 4481 135 4505 “
145 4475 178 4532 1„
310 4464 426 4521 Patrem
438 4459 521 4532 igitur
532 4463 559 4517 et
570 4461 598 4518 in
613 4462 733 4518 fflium'’
746 4461 832 4534 pergit
843 4460 1015 4533 postomium
1027 4459 1089 4534 Syr.

104 4577 219 4626 ιοι.ιι.
647 4563 701 4630 31⁸
