3248 5112
278 337 344 400 478
582 336 621 401 B.
645 335 852 402 CYRILLI
881 336 1172 404 ALEXANDR.
1348 337 1411 403 xiv.
1426 357 1480 404 20.

278 501 384 608 φησὶ,
401 498 466 586 τάς
483 500 632 587 ἐντολάς
649 537 720 602 μου
736 501 897 604 τηρήσει.
931 501 1019 584 πότε
1037 502 1110 608 γάρ
1128 501 1194 606 τὴν
1211 503 1310 584 θείαν
1327 502 1481 604 ἐντολὴν

279 625 495 726 τηρήσομεν,
508 631 557 710 είς
575 626 618 707 τὸ
635 625 753 731 παρὸν
770 627 1045 729 ἀλογήσαντες;
1067 627 1127 708 ὅτε
1145 629 1266 710 τοίνυν
1283 637 1480 710 πιστεῦσαι

278 745 344 844 μέν
362 748 475 856 ἀξιον,
494 749 549 854 ὅτι
568 753 706 856 φιλεῖό
725 748 814 836 Υἱὸς
832 749 896 832 τὸν
915 751 1073 856 Πατέρα,
1092 754 1218 860 ἀγαπᾷ
1242 752 1280 834 δέ
1303 754 1395 853 ἡμᾶς
1420 755 1479 832 καὶ

249 869 362 973 υπαρ’
382 873 482 971 ἡμῶν
506 876 699 976 ἀγαπᾶται,
717 882 793 959 πῶς
822 877 887 956 οὐκ
915 875 1116 956 ἀκόλουθον
1140 879 1280 973 ἐννοεῖν,
1299 875 1419 980 ἕτερόν
1443 910 1479 955 τι

277 1003 544 1090 βεβουλεῦσθαι
573 1004 825 1099 κατασημῆναι
851 999 916 1080 τὸν
932 999 1032 1098 Υῖὸν,
1054 1005 1113 1086 καὶ
1138 999 1202 1082 τὸν
1227 1006 1290 1102 τῆς
1315 1001 1517 1089 ένῶσεωςε.

277 1117 413 1223 τρόπον
436 1123 478 1203 οὐ
500 1129 552 1230 τᾷ
578 1128 642 1224 τῆς
667 1122 811 1227 ἀγάπης
835 1123 1014 1227 ὁρίζεσθαι
1037 1124 1145 1232 νόμω,
1164 1124 1367 1223 μᾶλλονδὲ
1392 1127 1476 1204 καθ’

277 1241 397 1348 ἕτερόν
422 1280 503 1327 τινα
529 1245 665 1350 τρόπον
689 1249 965 1344 είσκεκομικέναι
992 1254 1135 1356 σαφῶς,
1157 1248 1244 1328 ὅταν
1268 1249 1359 1354 λέγῃ
1386 1248 1478 1351 πρὸς

276 1369 435 1468 ἡμᾶςἘν
453 1370 554 1485 ἐκείνη
574 1369 733 1482 τᾷὴμίρηι
750 1369 915 1474 γιιίσιτθι
933 1370 980 1451 ’ότι
1000 1370 1068 1474 ίγῶ
1087 1373 1116 1453 ἐν
1134 1381 1181 1481 τῷ
1202 1381 1312 1482 Πατρί
1328 1409 1395 1478 μου
1414 1379 1476 1453 καὶ

276 1498 371 1598 ὑμεῖς
390 1494 419 1575 ἐν
438 1496 510 1600 ἐμοὶ
533 1493 634 1599 κάγῶ
654 1497 683 1576 ἐν
702 1499 798 1601 όμῖις

332 1615 441 1697 Ἀλλ’
460 1621 534 1723 ἐρεῖ
552 1619 644 1722 πρὸς
666 1627 774 1700 τοῦτο
799 1616 909 1722 τυχὸν
931 1619 951 1700 6
979 1619 1022 1698 δι’
1042 1618 1213 1714 ἐναντίας,
1236 1617 1290 1698 ὅτι
1314 1617 1387 1721 πρὸ
1411 1617 1478 1717 μέν
1494 1657 1544 1700 ιο

242 1787 247 1792 -
276 1749 341 1821 τοῦ
358 1741 496 1827 πάθους
514 1742 725 1824 τὰτοιαῦτα
742 1740 834 1846 πρὸς
852 1743 945 1842 ἡμᾶς
967 1739 1171 1842 λελάληκεν
1189 1744 1208 1823 6
1227 1741 1405 1846 Χριστὸς,
1427 1745 1478 1827 ὡς

277 1869 403 1973 ἀγαπᾷ
429 1865 493 1965 μέν
521 1867 627 1952 αὐτὸς
655 1865 719 1947 τὸν
745 1865 890 1970 Πατέρα
922 1868 981 1946 καὶ
1011 1868 1259 1968 ἀνταγαπάται
1284 1865 1384 1968 παρά
1412 1874 1478 1946 τοῦ

242 1991 435 2092 δΠατρὸς,
454 1993 580 2099 ἀγαπᾷ
597 1989 635 2070 δέ
653 1994 712 2072 καὶ
731 1991 823 2091 ἡμᾶς
842 1993 900 2070 καῖ
922 1989 1021 2089 ἡμεῖς
1043 1988 1164 2069 αὐτόν·
1194 1989 1286 2089 μετὰ
1307 1991 1349 2070 δέ
1366 2025 1408 2092 γε
1431 1987 1476 2069 τὸ

275 2113 392 2199 πάθος
410 2119 469 2196 καὶ
487 2115 555 2216 τὴν
571 2119 610 2197 ἐκ
629 2123 764 2222 νεκρῶν
782 2117 995 2216 ἀναβίωσιν,
1014 2117 1158 2222 ἐπείπερ
1176 2117 1312 2216 είδομεν
1332 2116 1471 2221 διαῤῥή-

276 2237 391 2344 ξαντα
409 2237 455 2320 τά
479 2249 544 2321 τοῦ
570 2239 726 2322 θανάτου
747 2240 876 2340 δεσμά,
894 2241 1097 2344 ἐγνώκαμεν
1115 2241 1163 2322 ’ότι
1182 2243 1211 2322 ἐν
1231 2247 1342 2350 Πατρί
1357 2244 1472 2338 ἐστιν,
1493 2277 1531 2338 ι5

276 2363 338 2443 ἀτε
357 2361 401 2463 δὴ
420 2368 479 2444 καὶ
496 2365 741 2467 ἀγαπώμενος,
758 2363 817 2445 διά
834 2400 872 2446 τε
891 2357 998 2446 τάῖπο
1016 2367 1076 2445 καὶ
1094 2365 1255 2450 ἀναστάς
1272 2367 1311 2445 ἐκ
1329 2372 1473 2467 νεκρῶν.

277 2485 336 2567 διά
362 2497 469 2569 τοῦτο
496 2491 554 2570 καὶ
580 2489 686 2574 αὐτὸς
714 2491 752 2570 ἐν
777 2490 862 2590 ἡμῖν
887 2492 946 2570 καὶ
973 2490 1072 2591 ἡμεῖς
1100 2492 1138 2570 ἐν
1162 2491 1270 2599 αὐτᾷ,
1293 2489 1386 2570 κατὰ
1411 2487 1477 2570 τὸν

277 2611 385 2692 αὐτὸν
403 2618 468 2712 τῆς
484 2612 627 2717 ἀγάπης
646 2614 771 2716 λόγον.

332 2737 460 2834 Ἡμεῖς
483 2737 521 2817 δὲ
544 2737 634 2841 πρὸς
652 2736 759 2818 τοῦτό
784 2744 904 2841 φαμεν
924 2736 1106 2818 Μάλιστα
1123 2735 1189 2836 μὲν
1207 2737 1374 2840 ληρώδης
1393 2739 1476 2836 ὑμῖν

277 2863 335 2940 καὶ
358 2860 529 2946 ἀσύνετος
553 2867 740 2945 παντελῶς
766 2863 823 2942 καὶ
849 2859 907 2942 διά
931 2867 1081 2964 σαθρῶν
1099 2857 1171 2940 εῖσι
1189 2861 1313 2963 λόγων
1331 2862 1354 2962 ἡ
1372 2862 1473 2941 ἀντί·
1490 2893 1529 2934 ²0

276 2991 385 3071 θεσις.
423 2983 535 3086 πλὴν,
554 2981 584 3066 ῶ
602 2991 768 3089 γενναῖοι,
788 2985 1043 3092 διασκέψασθε
1060 2984 1174 3066 πάλιν
1193 2983 1247 3065 ότι
1265 2985 1336 3088 πρὸ
1354 2989 1418 3085 τῆς
1436 2987 1475 3066 ἐκ

245 3117 410 3212 ονεκρῶν
433 3110 670 3194 ἀναστάσεως
695 3108 784 3214 ὅπερ
809 3110 968 3212 ἔγνωμεν
992 3110 1147 3209 ἀληθῶς,
1167 3110 1231 3190 οὐκ
1256 3109 1325 3189 ἔδει
1349 3115 1475 3209 μαθεῖν

274 3233 365 3333 μετά
392 3233 459 3334 τὴν
484 3231 701 3316 ἀνάστασιν.
742 3239 772 3314 εῖ
799 3231 866 3330 μέν
890 3231 963 3334 γάρ
990 3234 1128 3316 ἀτελῶς
1154 3233 1386 3332 ἐπιστεύομεν
1413 3232 1476 3315 τὸν

274 3355 364 3437 Υῖὸν
386 3361 599 3461 ἀγαπᾶσθαι
616 3356 682 3458 μέν
699 3355 800 3462 παρά
822 3365 888 3436 τοῦ
914 3356 1004 3436 ίδίου
1024 3355 1180 3458 Πατρός,
1197 3359 1342 3460 ἀγαπῶν
1360 3356 1399 3438 δέ
1417 3361 1475 3438 καὶ

274 3479 384 3562 αὐτὸν
405 3481 470 3562 τὸν
489 3483 647 3585 Πατέρα,
666 3481 863 3585 περιμένειν
890 3479 1001 3564 ὅντως
1028 3482 1138 3584 ἐχρῆν
1162 3481 1229 3580 τὴν
1254 3479 1472 3578 ἀνάστασιν,
1491 3515 1528 3576 ²5

274 3604 332 3684 ἵνα
351 3609 415 3705 τῆς
433 3605 604 3708 γνιόσεως
621 3605 758 3710 ἔχωμεν
775 3606 905 3685 ἐκεῖθεν
922 3601 989 3703 τὴν
1006 3601 1226 3704 τελειότητα.
1266 3610 1296 3684 εί
1314 3606 1352 3684 δέ
1371 3605 1472 3712 ἀξιό-

103 3729 228 3860 ἔξω·
274 3763 404 3813 πιστος
433 3731 453 3808 6
483 3725 612 3832 Πατὴρ
640 3731 699 3808 καὶ
725 3727 797 3830 πρὸ
825 3731 889 3826 τῆς
917 3725 1154 3813 ἀναστάσεως
1184 3727 1303 3830 λέγων
1322 3739 1344 3777 “
1358 3727 1476 3814 Αὐτός

274 3863 296 3902 “
314 3855 414 3934 ἐστιν
440 3855 460 3934 6
482 3851 570 3937 Υῖός
594 3886 665 3950 μου
690 3851 710 3930 6
738 3848 955 3952 ἀγαπητὸς,”
975 3849 1140 3949 ἀληθεύει
1169 3850 1207 3932 δὲ
1235 3855 1293 3931 καὶ
1321 3851 1427 3937 αὐτὸς
1455 3853 1475 3932 ό

103 3973 193 4102 ,εἰξῑζέ
275 3975 403 4082 Σωτὴρ
440 3976 560 4079 λέγων
587 3987 610 4026 “
626 3977 675 4055 Ὁ
712 3974 842 4077 Πατὴρ
879 3976 1004 4080 ἀγαπᾷ
1034 3973 1097 4054 τὸν
1124 3975 1250 4056 Υῖόν·”
1284 3979 1305 4056 6
1338 3976 1376 4056 δέ
1410 3981 1476 4078 τῆς

105 4124 217 4181 818Α.
242 4101 417 4204 οάγοίπης
435 4100 546 4205 λόγος
572 4103 610 4182 ἐν
626 4103 672 4207 τῇ
691 4097 784 4180 κατά
801 4105 875 4179 πᾶν
894 4096 1090 4198 τελειότητι
1108 4105 1237 4179 νοεῖται
1254 4098 1475 4206 πρεπόντως,
1489 4132 1531 4189 3ο

272 4227 309 4305 τί
326 4225 531 4334 φληνάφως
550 4226 642 4326 ἡμᾶς
661 4228 908 4327 κατακροτεῖτε
927 4219 1074 4324 λόγοις;
1103 4223 1142 4302 τί
1157 4222 1194 4303 δέ
1220 4222 1262 4304 τὸ
1288 4227 1353 4324 τῆς
1378 4227 1471 4324 ἀλη-

272 4351 368 4436 θείας
395 4351 665 4453 παρωθοιίμενοι
693 4347 842 4444 κάλλος,
865 4345 907 4426 τὸ
935 4343 1094 4430 δυσειδὲς
1122 4346 1206 4446 ἡμῖν
1229 4347 1475 4430 ἀναπλάττετε

382 4593 423 4645 19.
442 4577 470 4631 δέ
484 4596 531 4648 pro
543 4577 590 4646 μέν
603 4578 634 4632 Ε.
826 4575 868 4631 26.
889 4574 984 4630 ἐκεῖθεν
996 4575 1095 4644 ἔχωμεν
1105 4573 1213 4644 inverso
1226 4575 1320 4630 ordine
1333 4577 1365 4632 Ε.
