3200 5092
418 321 463 384 44
721 323 762 391 B.
785 325 994 392 CYRILLI
1024 324 1309 392 ALEXANDR.

419 487 530 565 τεινῦ
556 487 598 565 δι’
618 488 788 574 ἐναντίας.
829 489 948 591 ἐπειδὴ
977 488 1014 570 δέ
1041 492 1168 576 ἁπλῶς
1196 493 1255 571 καὶ
1282 485 1469 570 ἀπολύτως

420 607 568 714 χθέντος
595 610 735 697 οὐδενός
758 610 863 694 Οῦθέν
886 620 951 694 ἀπ’
972 617 1118 720 ἐμαυτοῦ
1145 613 1235 696 πυιιῦ
1260 609 1455 717 φησιν,ού

254 755 372 810 525A.
393 733 568 834 ιιέροῦμεν
589 733 698 814 αὐτὸν
721 739 769 821 ὡς
797 734 889 817 κατά
916 771 950 818 τι
977 746 1066 841 γοῦν
1085 739 1222 836 ἀσθενῆ
1247 733 1313 835 τὴν
1331 735 1426 814 ἰδίαν
1445 765 1468 808 κ

421 860 510 935 σθαι
537 857 661 961 φύσιν,
679 860 763 938 ἀλλ’
785 857 904 961 ἕτερόν
921 895 955 941 τι
981 862 1169 960 σημαίνειν
1191 857 1323 959 ἀληθές
1351 859 1413 937 καὶ
1441 857 1469 932 ἀ

420 1013 543 1082 ρητον.
582 981 641 1060 ἵνα
657 979 728 1086 γάρ
747 981 801 1064 ἐπ’
822 984 1012 1087 ἄνθρωπον
1030 981 1400 1090 μετασχηματίζοντες
1422 1013 1469 1058 τυ

421 1098 487 1200 τὴν
513 1101 672 1202 δύναμιν,
690 1105 820 1206 ἴδωμεν
847 1110 1014 1210 ἀκριβῶς,
1038 1107 1059 1187 ὅ
1087 1115 1215 1213 φησιν·
1248 1105 1419 1186 ἔστωσαν
1444 1106 1469 1180 δ

421 1226 545 1329 ἀνδρες
563 1227 673 1333 τυχὸν
690 1227 757 1330 τὴν
775 1229 886 1331 αὐτὴν
901 1230 1070 1331 δηλονότι
1088 1227 1261 1335 λαχόντες
1281 1229 1409 1332 φύσιν,
1424 1231 1469 1304 ίσι

420 1383 459 1432 τε
488 1349 666 1451 ἀλλήλους
694 1357 752 1434 καὶ
780 1355 1040 1456 ὁμογνώμονες,
1058 1351 1135 1434 εἶτα
1159 1352 1296 1455 λεγέτω
1322 1352 1342 1430 ὁ
1368 1349 1420 1433 εἷς
1445 1351 1469 1452 ἐι

420 1471 504 1554 Ἀπ’
524 1475 677 1571 ἐμαυτοῦ
696 1476 796 1556 ούδέν
813 1485 918 1562 ποιῶ·
950 1475 1022 1582 ἀρα
1040 1481 1088 1562 ὡς
1107 1475 1278 1586 ἀσθενὴς,
1300 1473 1322 1576 ἢ
1342 1475 1402 1554 καὶ
1422 1476 1469 1573 δρι

421 1595 523 1676 οῦδέν
546 1599 609 1703 ἀφ’
636 1600 762 1680 ἐαυτοῦ
789 1601 982 1702 δυνάμενος
1009 1599 1051 1682 τὸ
1079 1610 1240 1682 τοιοῦτον
1268 1598 1419 1705 φήσειεν
1445 1593 1469 1674 ἀ

422 1719 515 1825 ἔχων
542 1724 598 1827 ἐφ’
625 1721 742 1804 ἅπασι
770 1723 1033 1825 συνευδυκηιὴν
1060 1727 1119 1804 καὶ
1147 1722 1386 1826 ὁμογνώμονα
1414 1717 1469 1799 τὸν

388 1846 481 1922 bna}
519 1844 795 1948 συνεζευγμένον
832 1849 955 1956 αύτηῦς
1001 1851 1094 1928 οὕτω
1129 1881 1191 1947 μοι
1228 1843 1299 1926 νόει
1336 1847 1396 1924 καὶ
1433 1845 1469 1947 ἐφ

422 1975 568 2067 μᾶλλον
588 1966 624 2048 δέ
642 1973 701 2050 καὶ
720 1971 808 2073 ῦπέρ
826 1980 932 2052 τοῦτο
950 1971 1059 2052 πολύ.
1100 1969 1218 2071 ἐπειδὴ
1244 1969 1316 2073 γάρ
1339 1964 1469 2071 ἐργαζο

422 2090 612 2199 παράδοξα
635 2091 855 2198 παραλόγως
881 2093 1068 2195 ἐπεπήδων
1083 2094 1260 2192 Ἰουδαῖοι,
1278 2093 1352 2173 ἅνω
1377 2125 1415 2171 τε
1443 2125 1469 2168 κι

422 2212 489 2314 τὴν
525 2225 589 2296 τοῦ
626 2216 821 2312 σαββάτου
860 2217 970 2298 λύσιν
1006 2218 1261 2316 ἐπαιτιώμενοι,
1299 2218 1358 2296 καὶ
1398 2247 1469 2314 παρ

422 2341 658 2442 ἐγκαλοῦντες
685 2341 792 2448 αὐτῷ,
820 2339 950 2420 λοιπὸν
974 2343 1030 2445 ἐφ’
1049 2338 1188 2422 ἅπασιν
1214 2341 1469 2440 ῦμογνωμυνοῦ

422 2461 685 2563 σννευδοκητὴν
703 2465 897 2545 ἐπεδείκνυε
916 2463 980 2545 τὸν
999 2464 1095 2544 Θεὸν
1115 2467 1172 2546 καὶ
1194 2463 1352 2566 Πατέρα,
1369 2461 1469 2566 τέχνη

421 2591 502 2666 πῶν
518 2585 582 2666 τὸν
601 2585 775 2691 ἀχάλινον
800 2593 873 2668 τῶν
896 2587 1137 2670 ἀπειθούντων
1161 2588 1286 2687 θυμόν.
1323 2583 1368 2685 ἦν
1392 2582 1463 2686 γὰρ

423 2706 515 2792 είκῦς
548 2709 749 2817 ἀποφρίξαι
781 2709 847 2810 μέν
874 2712 943 2812 ἤδη
972 2710 1071 2797 τινὰς
1098 2710 1141 2793 τῦ
1168 2712 1336 2814 ἐγκαλεῖν
1363 2708 1468 2788 ἐθέλει

394 2832 543 2912 οποίντα
574 2837 664 2936 δρῦν
693 2833 836 2937 λέγοντι
869 2835 961 2916 κατὰ
992 2835 1176 2935 βούλησιν
1206 2842 1270 2915 τοῦ
1304 2830 1458 2934 Πατρῦς,

424 2955 513 3039 ’ίδιον
531 2958 639 3064 ἐντῷ
666 2957 797 3038 ἐκείνου
822 2959 1014 3040 δεικνύοντι
1040 2957 1226 3059 θελήματι.
1262 2953 1304 3038 τῦ
1329 2954 1367 3036 δέ
1390 2953 1468 3036 πάν

424 3081 576 3180 θέλησιν
609 3089 673 3162 τοῦ
710 3081 856 3187 Πατρῦς
888 3083 1101 3186 ἐργάζεσθαι
1132 3081 1196 3163 τὸν
1223 3078 1324 3178 Υίὸν,
1353 3080 1416 3160 οὐκ
1447 3080 1467 3156 ε’.

423 3203 530 3311 δείξει
549 3208 607 3286 καὶ
627 3205 819 3310 ὑπουργὸν,
838 3209 922 3287 ἀλλ’
941 3206 986 3313 ἐξ
1007 3207 1116 3287 αὐτοῦ
1143 3209 1202 3286 καὶ
1227 3207 1271 3286 ἐν
1284 3205 1380 3310 αύτῷ
1404 3204 1459 3282 καὶ

424 3361 518 3407 σιον.
559 3329 677 3428 ἐπειδὴ
702 3328 773 3433 γάρ
799 3332 899 3410 ἐστιν
922 3328 1027 3414 αὐτὸς
1055 3330 1078 3429 ἦ
1106 3331 1224 3434 σοφία
1250 3335 1314 3408 τοῦ
1335 3323 1467 3428 Πατρδι

425 3448 525 3552 ζῶσα
553 3451 683 3551 βουλὴ,
711 3455 778 3557 οῦχ
805 3450 924 3556 ἕτερόν
952 3487 987 3533 τι
1014 3459 1128 3534 ποιεῖν
1156 3453 1330 3551 ὁμολογεῖ
1353 3451 1433 3552 παρ’
1458 3451 1467 3526 ί

424 3573 603 3674 βούληται
621 3573 731 3680 τυχὸν
750 3578 771 3654 ῦ
790 3575 930 3679 Πατὴρ,
950 3577 991 3656 οῦ
1016 3579 1074 3656 καὶ
1099 3575 1179 3656 ἐστι
1200 3577 1259 3656 καὶ
1277 3573 1392 3679 σοφία
1407 3575 1462 3652 καὶ

424 3700 499 3778 ἐπεὶ
518 3699 577 3776 καὶ
598 3698 745 3783 σύνεσις
770 3699 792 3799 ἡ
817 3702 854 3779 ἐν
872 3700 956 3799 ἡμῖν
975 3701 1039 3780 οῦκ
1057 3700 1121 3806 ἀφ’
1142 3702 1268 3799 ἑαυτῆς
1291 3732 1327 3778 τι
1350 3703 1448 3794 ποιεῖ,

425 3819 464 3902 δέ
493 3822 536 3901 τὸ
569 3821 653 3922 ἡμῖν
683 3825 812 3902 δοκοῦν
841 3827 1058 3926 ἀποπληροῖ.
1109 3827 1168 3903 καὶ
1200 3819 1327 3924 μικρὸν
1355 3820 1417 3921 μέν
1448 3822 1466 3900 d

460 4105 487 4153 4.
504 4085 600 4156 ἀληθές
613 4085 671 4141 ΒΛ.
685 4085 744 4141 cat.
758 4087 835 4143 Harl.
847 4085 950 4157 ἀληθῶς
962 4086 1014 4142 Ed.
1184 4099 1211 4156 5.
1229 4085 1268 4143 ἐπ’
1281 4085 1418 4152 ἀνθρώπων
1428 4101 1451 4138 a.
1464 4103 1465 4110 ¹

426 4155 451 4209 6.
470 4177 537 4213 τινες
548 4158 639 4226 ἄνδρες
651 4156 698 4212 δύο
709 4157 816 4212 inverso
827 4157 921 4212 ordine
933 4175 958 4212 a.
1117 4159 1144 4213 8.
1162 4157 1255 4228 λέγιτέ
1265 4179 1305 4214 τις
1317 4155 1350 4211 B.
1362 4155 1461 4227 λέγεταί

425 4226 524 4297 λεγέτω
537 4225 573 4284 εἶς
585 4247 600 4282 e
613 4227 672 4282 Cat.
688 4227 764 4283 Harl.
776 4228 927 4284 emendavit
939 4227 1011 4282 Aub.
1060 4230 1076 4282 δ
1087 4229 1221 4300 assumpsi
1233 4246 1265 4282 ex
1277 4245 1302 4282 ιι.
1407 4243 1445 4280 10.
1463 4247 1465 4272 ι

426 4312 450 4349 ι.
464 4297 523 4350 Cat.
539 4297 614 4353 Harl.
627 4299 740 4368 φήσαιεν
751 4299 783 4352 δν
796 4299 828 4354 Β.
840 4301 924 4370 φησιν
937 4298 986 4354 Ht.
1000 4297 1050 4354 Ed.
1148 4301 1189 4355 18.
1207 4301 1238 4354 τῦ
1249 4299 1371 4369 ἀχάλινον
1381 4302 1429 4351 τῶν
1439 4296 1465 4348 ἀπ

427 4365 514 4434 θυμῶν
526 4367 558 4420 Β.
572 4369 723 4424 emendavit
737 4369 786 4424 Ht.
957 4386 997 4439 ιη.
1015 4373 1051 4442 τῷ
1067 4369 1100 4425 Β.
1115 4370 1163 4426 Ht.
1176 4369 1328 4426 emendavit
1339 4386 1353 4422 e
1366 4367 1422 4423 Cat.
1434 4375 1461 4420 ut

999 4455 1026 4481 υι

429 4497 482 4562 το..
491 4483 568 4564 κατὰ]
588 4492 614 4548 ÷
628 4487 675 4556 την
686 4507 711 4543 α.
824 4505 867 4543 αι.
886 4489 1091 4558 ε’λάπυυαδείξει
1104 4491 1191 4562 (quani
1203 4491 1314 4545 ἐλάττου
1325 4487 1454 4558 ἀναδείξει)

428 4560 561 4606 venetam
574 4559 663 4611 notavi
675 4575 706 4612 ex
720 4575 744 4612 ιι.
853 4574 896 4626 ²5·
916 4558 999 4630 ζῶσα]
1014 4561 1099 4630 ζωηρὰ
1110 4577 1135 4615 ι.
1148 4559 1207 4616 Cat.
1223 4559 1300 4615 Harl.
