3274 5118
275 251 340 316 598
455 309 458 318 ,
579 255 619 320 Β.
642 253 856 321 CYRILLI
885 253 1176 320 ALEXANDR.
1356 273 1414 315 xv.
1430 267 1483 314 αι.

103 418 227 550 232⁸&
275 423 356 520 γαῖς
386 415 427 498 τὸ
461 425 571 520 σῶμα
603 421 856 528 κατηκισμένοι
884 419 943 501 διά
972 419 1146 525 Χριστὸν,
1176 415 1334 526 ἐξῄεσαν
1366 427 1390 464 “
1404 413 1481 496 ἀπὸ

104 563 144 613 4¹·
276 550 298 588 ‘⁶
315 542 516 644 προσώπου
533 552 598 624 τοῦ
613 547 802 648 συνεδρίου
819 546 1012 650 χαίροντες,
1032 543 1124 625 κατὰ
1144 543 1187 624 τὸ
1209 542 1478 646 γεγραμμένου,

275 673 298 711 “
315 664 370 744 ὅτι
397 667 675 774 κατηξιώθησαν
694 667 781 771 ῦπέρ
800 679 864 750 τοῦ
889 668 1064 769 ὀνόματος
1092 677 1156 750 τοῦ
1176 667 1312 769 Κυρίου
1339 669 1475 764 ἀτιμα-

274 798 296 836 “
315 791 483 890 σθῆναι.”
523 794 581 871 καὶ
609 791 681 890 μὴν
708 795 766 872 καὶ
795 793 878 892 ἡμῖν
905 794 1023 876 αὐτοῖς
1048 797 1247 892 τληπαθεῖν
1270 794 1327 871 έπὶ
1358 789 1479 898 τοώτιρ

243 912 537 995 ῦδιακελεύονται
571 913 730 1024 σφόδρα,
769 915 1074 1019 καταστογνάζειν
1105 915 1144 996 δέ
1179 921 1367 1016 μηδαμῶς,
1406 913 1509 1002 κάνε

102 1033 227 1164 ,ζῇἕξὲζ
273 1037 371 1142 εἴπερ
390 1037 485 1123 ὅλως
507 1046 579 1120 τῶν
597 1043 753 1145 ἀνιαρῶν
770 1076 806 1122 τι
829 1042 977 1144 προσίοι
1001 1039 1059 1120 διά
1081 1039 1248 1144 Χριστόν
1275 1050 1296 1088 “
1312 1037 1382 1138 Μὴ
1401 1040 1478 1142 γάρ

273 1173 295 1210 “
311 1196 366 1246 τις
394 1165 492 1261 ὑμῶν
519 1163 702 1269 πασχέτω,
722 1166 849 1273 φησὶν,
869 1168 917 1250 ὡς
941 1163 1071 1272 φονεὺς
1096 1163 1119 1266 ἢ
1143 1164 1301 1263 κλέπτης
1318 1160 1341 1264 ἢ
1361 1196 1475 1242 κακο-

272 1296 295 1334 “
312 1283 428 1370 ποιός·
473 1293 503 1368 εί
530 1285 568 1367 δέ
595 1291 644 1374 ὡς
671 1289 906 1392 Χριστιανὸς,
936 1286 987 1388 μὴ
1019 1289 1262 1394 αἰσχυνέσθω,
1296 1284 1476 1394 δοξαζέτω

272 1419 294 1458 “
311 1407 350 1490 δέ
374 1410 438 1490 τὸν
457 1411 553 1492 Θεὸν
570 1415 627 1493 ἐπὶ
651 1419 702 1522 τῶ
727 1412 874 1512 ὀνόματι
900 1413 1051 1522 τούτῳ.”
1090 1414 1239 1515 ἥδιστον
1257 1413 1321 1494 οῦν
1339 1411 1412 1514 ἄρα
1431 1410 1475 1490 τὸ

269 1532 428 1640 πάσχειν
446 1534 504 1615 διὰ
522 1533 698 1639 Χριστὸν,
717 1540 775 1616 καὶ
803 1535 940 1640 γλνκῦς
959 1539 979 1618 ὃ
999 1538 1174 1634 κίνδυνος,
1196 1536 1285 1616 ὅταν
1314 1535 1380 1642 ἔχη
1408 1539 1475 1634 τῆς
1491 1573 1534 1614 ιο

271 1657 403 1766 ἐφόδου
420 1657 487 1760 τὴν
503 1659 695 1768 πρόφασιν
710 1660 755 1769 ἐξ
770 1657 915 1764 ἀγάπης
933 1665 997 1762 τῆς
1016 1668 1064 1750 είς
1083 1659 1189 1743 Θεῶν.

320 1779 449 1886 Ἀθρει
477 1780 514 1864 δέ
541 1783 638 1870 ὅπως
667 1787 734 1865 κάν
756 1784 872 1894 τούτῳ
899 1784 944 1886 δὴ
971 1785 1084 1866 πάλιν
1111 1781 1317 1867 ἀναδεικνῦς
1344 1780 1474 1864 ἑαυτὸν

269 1905 310 1992 ,ἓν
327 1905 419 2012 πρὸς
437 1905 499 1988 τὸν
516 1909 642 1990 ἑαυτοῦ
663 1907 818 2013 Πατέρα,
833 1909 885 2010 μὴ
904 1909 1030 1990 εἰδέναι
1050 1913 1144 2018 φησὶ
1166 1907 1249 1993 τοῦς
1266 1906 1473 2002 Ἰουδαίους,

237 2029 349 2132 δῆτοι
369 2027 452 2116 τοῦς
471 2031 609 2139 διώξειν
626 2033 835 2130 μέλλοντας
854 2031 937 2118 τοῦς
963 2033 1064 2136 οἵπερ
1086 2029 1132 2112 ἀν
1156 2029 1225 2113 εἶεν
1242 2030 1285 2112 τὸ
1303 2037 1473 2134 Χριστοῦ

270 2153 530 2258 πρεσβεύοντες
569 2155 692 2256 ὄνομα,
729 2156 819 2258 μήτε
855 2157 920 2238 τὸν
957 2156 1114 2260 Πατέρα,
1146 2155 1237 2256 μήτε
1270 2152 1334 2236 τὸν
1365 2151 1469 2234 Υἱόν.
1488 2187 1530 2247 15

271 2277 486 2382 μισοπάτωρ
521 2279 593 2387 γὰρ
631 2277 929 2383 ὁμολογουμένως
966 2281 985 2360 ὃ
1018 2285 1147 2386 χρῆναι
1184 2283 1258 2360 δεῖν
1291 2275 1473 2390 ἀτιμάζων

271 2402 429 2499 οἰόμενος
456 2403 520 2482 τὸν
539 2403 640 2503 Υίὸν,
659 2407 726 2512 οὐχ
749 2409 798 2492 ῶς
823 2411 872 2490 εἰς
895 2405 1023 2510 ἕτερον,
1043 2401 1082 2483 δέ
1110 2401 1277 2504 δηλουθτι
1294 2413 1468 2502 πλημμε-

271 2523 391 2625 λήσας
418 2524 548 2631 φύσιν,
578 2529 663 2608 ἀλλ’
687 2535 736 2614 είς
764 2519 851 2610 αὐτὸ
879 2528 921 2609 τὸ
950 2533 1012 2629 τῆς
1041 2525 1133 2608 κατὰ
1162 2525 1277 2633 φύσιν
1304 2523 1475 2626 θεάτητος

271 2653 494 2752 ἐμπαροινῶν
513 2651 665 2757 ἀξίωμα.
704 2652 783 2733 οὐδὲ
805 2653 878 2757 γὰρ
897 2650 941 2732 ἀν
959 2653 1038 2754 ἥλω
1055 2686 1109 2736 τις
1127 2648 1323 2759 ἐξυβρίζων
1341 2655 1390 2734 είς
1408 2647 1474 2729 τὸν

271 2773 372 2870 Υὶὸν,
399 2779 428 2853 εί
458 2771 525 2872 τὴν
553 2782 617 2854 τοῦ
646 2775 792 2878 Πατρῦς
820 2775 1036 2877 έδυσωπήθη
1069 2776 1193 2882 φύσιν·
1237 2770 1401 2878 ε’γνωκῶς
1433 2771 1473 2852 δέ
1486 2807 1529 2846 20

273 2895 369 2981 ὅλως
396 2897 434 2978 τί
456 2900 532 2978 κατ’
563 2897 739 3004 ἐνεργειῶν
769 2901 870 2980 ἐστιν
899 2901 920 2980 ὁ
949 2899 1090 3003 Πατὴρ,
1110 2906 1187 2983 πῶς
1210 2897 1391 3001 ἠγνόησεν
1415 2895 1474 2976 ὅτι

243 3020 482 3124 ογεγέννηκευ
505 3024 550 3132 ἐξ
568 3024 718 3122 έαυτοῦ;
749 3021 825 3105 εἶτα
852 3025 905 3110 τίς
931 3025 997 3130 οὐχ
1020 3024 1160 3127 ὑβρίσει
1185 3021 1228 3102 τὸ
1254 3019 1385 3130 φυτὸν,
1407 3020 1474 3102 τὸν

271 3146 317 3254 ἐξ
332 3147 441 3227 αι’τιοῦ
458 3147 673 3251 γεννηθέντα
692 3147 854 3230 κακώσων
873 3149 1034 3252 καρπόν,
1065 3148 1211 3250 ἀγνοίας
1231 3148 1294 3227 οῦν
1313 3146 1384 3250 ἀρα
1406 3151 1473 3245 τῆς

272 3277 321 3356 ἐίς
337 3268 401 3352 τὸν
421 3271 565 3376 Πατέρα
583 3275 642 3353 καὶ
661 3273 757 3354 Θεὸν
777 3269 955 3380 ἀπόδειξις
977 3273 1041 3352 οῦκ
1064 3274 1272 3380 ἀμφίλογος
1297 3271 1387 3371 ἡνείς
1406 3270 1472 3350 τὸν

271 3393 363 3475 Υίὸν
381 3397 548 3495 ἁμαρτία.
1485 3416 1525 3478 ²5

328 3519 476 3619 Ἐπειδὴ
499 3519 536 3599 δὲ
562 3522 626 3600 οῦκ
651 3520 722 3628 έφη
741 3521 820 3602 νυνί
827 3518 910 3602 ’Ότι
931 3525 991 3602 οὐκ
1010 3515 1120 3601 οἴδασι
1139 3517 1203 3599 τὸν
1224 3517 1370 3622 Πατέρα
1388 3552 1473 3618 μου,

273 3640 374 3722 ἀλλά
395 3641 446 3722 τὶν
471 3641 673 3752 πίμφαντιί
699 3681 755 3750 με,
776 3647 870 3724 δοκῶ
897 3679 933 3724 τι
960 3651 1121 3724 τοιοῦτον
1139 3641 1248 3723 αὐτὸν
1268 3644 1469 3722 ῦπαινίττε-

273 3770 362 3844 σθαι
381 3765 513 3846 θέλειν·
539 3767 689 3866 σκοπὸς,
704 3771 752 3852 ῶς
770 3768 890 3866 ἔοικεν,
905 3769 1011 3876 αὐτῷ,
1023 3766 1104 3852 τοῦς
1123 3765 1165 3848 τὸ
1185 3765 1324 3848 διώκειν
1342 3767 1468 3865 ἐπιτη-

274 3887 439 3974 δεύοντας
466 3887 549 3975 τοῦς
576 3886 821 3989 ἀνακειμένους
848 3892 955 4000 αὐτῷ,
974 3897 1127 3972 διπλοῦν
1155 3890 1281 3994 ῶσπερ
1309 3891 1472 3970 ἐντεῦθεν

272 4009 314 4093 τὸ
330 4011 571 4116 παρανόμημα
592 4022 669 4099 ταῖς
687 4018 821 4095 ἑαυτῶν
837 4018 1064 4119 έπαρτῶντας
1088 4021 1263 4122 κεφαλαῖς
1291 4013 1469 4121 έμπλέξαι
1483 4053 1525 4110 30

108 4151 228 4211 nou.
242 4167 260 4209 a
273 4144 416 4248 σαφῶς·
456 4138 567 4240 μόνον
583 4137 656 4243 γὰρ
674 4140 764 4246 οὐχὶ,
783 4143 911 4246 φησὶν,
931 4141 1143 4242 ἀγνοοῦντες
1166 4137 1376 4219 ἁλώσονται
1404 4136 1470 4218 τὸν

237 4479 243 4484 .
309 4444 335 4496 3.
354 4427 393 4482 ὅτι
406 4427 601 4496 κατηξιώθησαν
612 4425 652 4481 ὅτι
666 4427 698 4481 E.
802 4445 842 4499 13.
859 4424 1012 4497 Ἰουδαίους]
1028 4425 1109 4483 ίδίονς
1122 4425 1155 4481 E.
1263 4423 1306 4480 26.
1325 4423 1347 4480 δ’
1363 4424 1468 4496 Migne.

274 4513 318 4568 30.
337 4495 463 4567 έμπλέξαι
476 4497 508 4553 Ε.
520 4497 663 4570 ἀπελέγξαι
674 4498 725 4552 Ed.
868 4514 911 4570 31.
929 4498 1014 4568 φησὶν
1025 4505 1197 4569 assumptum
1211 4514 1243 4551 ex
1257 4495 1289 4553 Ε.
