3082 5112
308 345 375 410 844
596 339 654 413 ¹B.
678 347 891 413 CYRILLI
920 346 1208 412 ALEXANDR.
1353 333 1505 419 xiiia-5·

283 621 374 690 οΚαί
401 621 534 690 δείπνου
563 625 750 705 Γενομένου,
777 628 833 690 τοῦ
864 623 1018 703 διαβόλου
1050 621 1113 689 ιίδιι
1145 620 1342 702 βεβλιικότοο
1372 611 1415 682 είι
1444 611 1509 678 τίιν

364 748 500 839 καρδίαν
517 749 628 816 Ἰούδα
655 749 806 829 Σίμωνος
832 754 890 820 τοῦ
907 747 1131 840 Ἰσκαριώτου,
1154 748 1208 814 ίνα
1235 743 1374 837 παραδῷ
1398 739 1508 807 αὐτόν·

364 870 463 940 είδώα
487 876 540 943 ὅτι
566 877 672 943 πάντα
698 875 824 952 ἔδωκεν
849 876 939 961 αὐτῷ
965 877 984 944 ὁ
1011 872 1126 963 Πατιίρ
1153 870 1200 938 εἰς
1226 873 1286 938 τὰς
1311 863 1426 958 χεῖρας,
1452 863 1511 927 καί

365 1001 416 1070 ότι
445 999 513 1068 ἀπὸ
540 999 627 1066 Θεοῦ
659 1001 776 1072 ἒξλλθε
808 1000 861 1067 καί
891 1001 974 1092 πρόο
1005 1001 1062 1066 τόν
1089 998 1173 1065 Θεὸν
1199 997 1324 1075 ὑπάτει,
1350 991 1511 1079 έτείρεται

365 1124 403 1190 έκ
436 1129 494 1192 τοῦ
530 1126 662 1193 δείπνου
698 1126 752 1194 καί
786 1126 893 1195 τίθκσι
927 1127 968 1194 τοί
1006 1124 1126 1206 ἱμάτια,
1155 1124 1210 1190 καί
1240 1121 1351 1200 λαβὼν
1380 1117 1511 1184 λέντιον

367 1249 517 1341 διέζωσεν
548 1254 675 1322 ἑαυτόν·
719 1245 789 1320 εἶτα
826 1254 939 1332 βάλλει
974 1251 1064 1342 ὕδωρ
1099 1247 1146 1317 είο
1180 1249 1237 1317 τὸν
1273 1251 1416 1333 νιπτίίρα,
1453 1240 1511 1306 καί

366 1375 490 1466 ιίρὶατο
518 1377 640 1446 νίπτειν
666 1377 742 1444 τοὺο
768 1377 873 1446 πόδας
902 1378 968 1445 τῶν
995 1376 1150 1455 μαθιιτῶν
1179 1375 1233 1440 καί
1262 1369 1432 1448 έκμάοσειν
1460 1369 1511 1450 τῷ

355 1502 484 1590 λεντίῳ
512 1500 535 1590 a}
564 1500 604 1570 ιίν
630 1503 851 1596 διεζωσμέναι.
1035 1483 1038 1488 ’

371 1691 571 1798 Πρόῤῥιζον
589 1697 609 1775 ό
630 1693 758 1799 Σωτὴρ
779 1696 821 1774 εἰς
845 1701 918 1775 τῶν
937 1693 1114 1799 ἡμετέρων
1133 1697 1307 1788 διανοιῶν,
1324 1691 1372 1773 ὡς
1393 1721 1511 1787 νοση·

313 1815 438 1918 μάτων
471 1817 676 1923 αἴσχιστον,
713 1821 771 1898 καί
809 1822 872 1919 τῆς
909 1815 1078 1899 ἁπάντων
1113 1813 1283 1898 ἀνωτάτω
1320 1811 1511 1914 βδελυρίας

315 1940 428 2047 ἄξιον,
456 1943 698 2048 καταστρέφει
725 1939 791 2043 τὴν
820 1925 1032 2051 ίπτεροψίαν.
1073 1939 1145 2022 οἶδε
1173 1939 1245 2044 γὰρ
1271 1940 1382 2022 οὕτως
1409 1935 1511 2016 οὖδὲι

315 2067 447 2144 ἀδικεῖν
464 2063 587 2150 εἰωθός
611 2065 677 2166 τὴν
699 2066 890 2169 ἀνθρώπου
914 2065 1049 2173 ψυχὴν,
1069 2069 1117 2150 ὡς
1144 2072 1250 2146 τοῦτο
1277 2063 1444 2163 μάλιστα
1472 2059 1511 2140 τί

315 2184 445 2291 μιαρὸν
476 2191 535 2268 καί
573 2189 809 2271 ἀπόπτυστον
844 2187 973 2288 πάθος,
1007 2187 1036 2298 ᾧ
1073 2191 1132 2269 καί
1166 2185 1273 2272 αὐτὸς
1310 2187 1330 2265 ό
1364 2181 1511 2265 πάντωι

283 2310 524 2413 όΔεσπότης,
556 2315 604 2398 ὡς
641 2315 678 2393 ἐν
710 2313 811 2421 τάξει
849 2312 1034 2413 πολεμίου,
1065 2313 1207 2397 δικαίως
1244 2310 1511 2390 ἀντανίσταται

147 2415 221 2544 {2³⁹¹
234 2429 269 2464 ¹¹¹¹
317 2445 340 2484 “
360 2434 492 2539 Κόρως
527 2435 598 2540 γὰρ
636 2435 876 2545 ὑπερηφάνοις
904 2435 1196 2535 ἀντιτάσσεται,”
1226 2431 1318 2514 κατὰ
1352 2429 1420 2533 τὴν
1451 2441 1511 2512 τοί

316 2563 556 2658 Σολομῶντος
575 2561 711 2668 φωνήν.
752 2562 820 2641 ἔδει
838 2562 957 2642 τοίνυν
974 2568 1049 2646 τοῖς
1067 2561 1180 2665 ἁγίοις
1203 2557 1369 2659 μάλιστα
1391 2561 1511 2656 μαθη·

317 2689 394 2766 ταῖς
416 2683 560 2788 μετρίου
584 2718 623 2764 τε
648 2687 706 2764 καί
732 2686 991 2792 καθυφειμένου
1017 2683 1258 2790 φρονήματος,
1277 2685 1335 2762 καὶ
1353 2681 1511 2762 διακένοι

317 2808 422 2906 τιμῆς
451 2808 493 2887 οιί
522 2807 671 2916 σφόδρα
701 2809 951 2916 φροντίζοντος
981 2817 1176 2914 λογισμοῦ·
1216 2809 1258 2888 οό
1286 2802 1416 2910 μικράς
1446 2802 1511 2907 γὰρ

317 2927 457 3036 ἔχοντες
486 2930 550 3017 τάς
579 2939 644 3013 τοῦ
673 2941 820 3014 τοιαῦτα
850 2939 970 3014 νοσεῖν
1001 2931 1179 3040 ἀφορμὰς,
1210 2930 1444 3012 κατόλισθον
1479 2925 1511 3008 ἃ

318 3051 483 3154 εὐκόλως,
512 3061 542 3136 εί
570 3054 621 3158 μὴ
648 3060 792 3156 πολλῆς
819 3055 945 3164 ἔτυχον
973 3061 1038 3158 τῆς
1064 3054 1276 3160 ἐπικουρίας.
1316 3060 1423 3164 φιλεῖ
1448 3052 1511 3156 γά,

317 3213 394 3263 πως
413 3181 466 3260 ἀεὶ
484 3187 558 3265 τοῖς
576 3180 701 3287 ἔχουσι
726 3178 769 3261 τό
792 3180 985 3289 περιφανές
1008 3178 1051 3262 τό
1075 3178 1204 3284 πικρὸν
1221 3183 1285 3278 τῆς
1308 3176 1511 3280 ἀλαζονεία

316 3302 512 3409 ἐπιτρέχειν
537 3303 671 3410 θηρίον.
709 3300 785 3384 εἶτα
811 3304 850 3385 τί
873 3311 945 3384 τῶν
973 3304 1084 3408 ἁγίων
1111 3299 1331 3386 ἀποστόλων
1358 3301 1511 3410 φαιδρό

288 3460 446 3530 οτερον;
483 3425 506 3530 ίγ
533 3435 637 3510 ποῖον
657 3431 722 3529 τῆς
749 3427 840 3533 πρὸς
862 3427 958 3509 Θεὸν
980 3429 1104 3536 φιλίοις
1131 3425 1174 3508 τό
1201 3425 1508 3534 ἀξιολογώτερον

282 3653 283 3658 ¹
316 3548 380 3629 τὸν
397 3546 464 3650 μέν
484 3549 556 3655 γὰρ
584 3550 687 3632 οὐδὲν
709 3549 796 3631 ὅντα
824 3551 916 3632 κατὰ
944 3550 1007 3632 τόν
1029 3551 1112 3650 βίον
1135 3553 1201 3632 οὐκ
1225 3548 1271 3631 ἀν
1288 3549 1457 3630 εἰσέλθοι
1488 3583 1511 3629 τ

316 3670 445 3758 πάθος.
485 3674 610 3781 φεύγει
625 3675 706 3781 ’γάρ
731 3673 808 3760 πως
832 3678 886 3756 ἀεὶ
911 3675 976 3758 τὸν
994 3674 1095 3757 οὐδὲν
1112 3675 1241 3781 ἔχοντα
1266 3669 1447 3777 ζηλωτόν,
1468 3707 1511 3754 x<

316 3803 390 3878 τῶν
422 3799 459 3877 ἐν
491 3803 543 3907 τῷ
573 3803 696 3901 μηδενί
727 3799 953 3902 τεταγμένων
985 3801 1214 3896 ἀνπτίβατον·
1258 3804 1337 3882 πῶς
1367 3795 1448 3900 γὰρ
1488 3795 1511 3877 ό

316 3919 465 4004 ἐπέλθοι
491 3928 564 4004 τῶν
591 3922 763 4006 τοιούτων
789 3926 858 4005 τινὶ
885 3921 928 4004 τὸ
959 3923 1052 4004 κατά
1079 3958 1114 4004 τι
1144 3931 1233 4027 γοῦν
1260 3921 1357 4006 όλως
1387 3919 1511 4023 ἀλαζι

316 4042 505 4141 νεόεσθαι;
546 4052 651 4155 φιλεῖ
685 4047 728 4128 δέ
759 4080 812 4133 τις
847 4045 912 4147 τὴν
946 4041 1429 4154 όπεροψάιν.ἀξιοζὴλωτος
1465 4043 1511 4128 ὧν

317 4168 444 4249 ἑαυτόν
470 4203 509 4250 τε
538 4169 598 4250 διὰ
626 4179 733 4252 τοῦτο
761 4179 827 4252 τοῦ
858 4169 973 4256 πέλας
1002 4171 1194 4274 προτιθεὶς,
1222 4172 1281 4251 καὶ
1313 4167 1420 4250 πολὺ
1458 4177 1511 4250 τά

353 4445 380 4498 3.
398 4430 472 4488 είδδς
484 4431 518 4488 Ε.
530 4432 743 4504 είδδςδῚησοῦς
754 4435 806 4491 Ed.
891 4449 916 4507 7.
935 4437 1046 4508 ἤρξαντο
1059 4437 1123 4562 (sifi)
1137 4434 1169 4491 Ε.
1253 4449 1294 4506 17.
1314 4433 1511 4506 καθυφειμένα

317 4497 348 4551 οὐ
361 4499 548 4585 καθαψαμένου
562 4504 624 4592 (sic)
639 4505 671 4562 E.
779 4523 820 4578 ¹9·
839 4510 926 4562 νοσεῖν
938 4509 1035 4563 retinui
1047 4527 1080 4562 ex
1118 4505 1144 4561 d.
1180 4507 1266 4578 ρανιίν
1278 4505 1311 4560 Ε.
1415 4505 1466 4560 26.
1490 4529 1511 4560 τ

319 4568 347 4622 έν
357 4589 394 4639 “1³
405 4570 495 4638 μηδένί
506 4595 666 4645 muntem
678 4575 711 4632 Ε.
721 4577 768 4632 τὸν
779 4577 808 4635 ἰν
818 4580 855 4651 τῷ
866 4578 955 4649 μηδενί
967 4579 1122 4649 τεταγμένον
1178 4617 1186 4634 .
