3184 5104
51 331 163 411 *iim
331 336 400 402 IN
437 339 479 403 S.
506 341 530 404 J
536 339 773 404 OANNEM.
817 340 912 404 LIB.
930 339 990 404 VI.
1241 342 1283 404 99

53 503 158 574 καλῦν
183 505 470 604 θηριοπρεπῶς
505 507 741 610 διεχρήσατο,
769 508 827 585 καί
857 511 1002 607 πρῶτον
1032 502 1098 604 μὲν
1127 507 1183 586 ε’πί
1216 509 1284 606 γῆς

55 619 199 700 &mim
229 626 383 728 νεκρὸν,
412 633 572 731 οἰηθεὶς,
598 628 690 710 κατά
716 663 758 731 γε
786 627 849 709 τόν
874 631 913 709 έν
937 633 989 736 τῷ
1016 629 1123 708 εἰκότι
1151 626 1279 729 λόγον,

57 743 101 820 ι’πι
127 745 272 832 πόντιος
313 752 420 831 εἴσω
466 751 668 856 γενήσεται
705 751 896 851 θαύματος,
924 754 988 832 οὐκ
1018 752 1111 857 ἔχων
1138 753 1187 832 έτι
1219 750 1284 831 τὸν

59 869 157 947 εἰδότα
174 879 292 954 νικᾶν.
338 876 463 956 ἀλλὰ
491 881 555 956 καί
582 877 762 984 φονεύσας
788 877 970 984 ἐψεύδετο.
1012 877 1184 976 λέγοντος
1209 873 1313 978 γοίμο

39 1000 112 1071 sm)
140 998 235 1074 θεοῦ
269 1011 294 1046 “
317 1005 414 1080 Ποῦ
446 998 583 1095 ’Ἅβελ
615 1002 635 1080 ό
666 1001 824 1106 ἀδελφός
858 1035 928 1080 σου
941 999 973 1095 ;”
1013 997 1056 1080 τό
1091 1002 1171 1080 Ούκ
1203 997 1283 1078 οἰδοί
1328 1000 1392 1131 ξω·
1404 1000 1438 1050 iv.

63 1126 171 1216 φησιν,
188 1121 228 1200 ἐκ
252 1129 422 1224 πολλῆς
456 1123 497 1204 δέ
526 1128 611 1206 λίαν
636 1129 699 1224 τῆς
725 1123 892 1208 ἀπονοίας
916 1125 1119 1227 προσετίθει
1145 1131 1283 1227 θερμῶς

65 1251 82 1284 ‘⁴
98 1240 157 1342 Μὴ
179 1245 319 1355 φύλαξ
343 1259 424 1328 τοῦ
456 1251 624 1355 ἀδελφοῦ
647 1283 718 1348 μου
743 1248 813 1350 ἐγώ
838 1253 908 1347 εἰμι
920 1249 952 1342 ;”
981 1247 1093 1347 μόνον
1110 1247 1181 1350 γὰρ
1206 1249 1285 1352 ούχί

68 1369 113 1444 καὶ
127 1369 230 1449 τοῦτό
249 1381 383 1476 φησιν
406 1380 532 1452 εἰπεῖν
549 1375 598 1452 ‘O
617 1371 862 1476 στεφανώσας
880 1373 1008 1454 ἀδίκως
1027 1372 1065 1451 τί
1084 1369 1285 1477 ὠφέλησας

69 1489 197 1573 ainzu&
222 1495 449 1602 φυλάττων
470 1493 607 1590 αύτόν;
641 1498 729 1603 ὁρᾷς
755 1497 899 1576 οὖνκαὶ
926 1497 1029 1594 μάλα
1057 1501 1188 1602 σαφῶς
1216 1496 1284 1596 ἤδη

37 1615 99 1692 πίτ
117 1619 207 1726 αύτῷ
233 1625 304 1721 τῆς
334 1629 413 1701 τοῦ
447 1620 627 1714 διαβόλου
654 1621 779 1704 κακίας
807 1618 896 1699 ὅλον
920 1617 1046 1721 ὥσπερ
1072 1623 1281 1720 ἀπηκριβω·

71 1739 160 1834 μένον
184 1741 228 1824 τό
258 1743 375 1842 εἰδος,
410 1748 476 1824 καί
506 1741 573 1844 τὴν
600 1745 839 1851 συμμορφίαν
866 1751 930 1822 τοῦ
959 1744 1093 1846 τρόπου
1124 1742 1215 1822 κατὰ
1242 1743 1285 1823 τό

73 1865 139 1943 ἰοον
153 1899 192 1946 τε
209 1871 272 1947 καί
295 1868 441 1968 ὅμοιον
460 1872 592 1972 σχῆμα
610 1867 931 1967 διαπεπλασμένην
947 1899 958 1964 3

116 1989 253 2072 Ἡκέπω
292 1995 436 2074 τοίνυν
473 1995 494 2072 ό
531 1992 643 2095 λόγος
680 1997 739 2072 καί
775 1993 851 2070 κατ’
885 1989 969 2070 εύθῦ
1005 1994 1069 2090 τῆς
1105 1991 1286 2071 Ἰουδαίων

73 2113 309 2216 όνασιύτητος,
347 2123 416 2198 καί
455 2121 522 2217 τῆς
556 2125 621 2197 τοῦ
656 2114 751 2197 Κόῖν
786 2112 1015 2225 φαυλότητος
1050 2115 1320 2216 περιτιθέντεςᾶ

39 2238 178 2324 ῐὶιύτοῖς
202 2241 273 2342 τὴν
302 2243 505 2340 ὁμοίωσιν,
526 2250 640 2320 ταῦτα
667 2238 878 2338 δεικνύωμεν
903 2241 1166 2344 ἐπιχειροῦντας
1195 2237 1285 2318 κατὰ

75 2365 236 2462 Χριστοῦ,
264 2365 351 2446 ὅσα
381 2364 479 2444 κατὰ
505 2372 570 2444 τοῦ
596 2361 720 2458 ’Άβελ
748 2367 886 2461 ἐκεῖνος,
911 2363 969 2442 ἵνα
997 2365 1139 2447 δικαίως
1167 2363 1285 2446 αύτοΐς

76 2493 123 2564 καὶ
158 2488 392 2592 πρεπόντως
436 2489 506 2589 ἤδη
546 2486 677 2568 λοιπόν
719 2485 927 2590 ὀνομάζοιτο
968 2486 1100 2590 πατήρ.
1159 2488 1285 2566 ούκοῦν

74 2613 300 2710 πρωτότοκος
337 2613 409 2710 μέν
441 2613 463 2691 ό
497 2610 601 2710 Κόίν,
635 2611 796 2716 καθάπερ
828 2608 1026 2714 εἰρήκαμεν,
1059 2607 1285 2713 πρωτότοκος

74 2735 106 2812 δὲ
146 2737 269 2817 πόλιν
317 2741 371 2820 ὡς
415 2739 454 2816 έν
488 2741 590 2815 Θεοῦ
632 2737 767 2821 τέκνοις
810 2739 933 2814 τοῖσδε
979 2733 1071 2814 κατὰ
1117 2734 1220 2813 θέσιν
1265 2734 1285 2812 ό

36 2857 237 2961 π’ἰαραὴλ,
263 2860 365 2941 κατὰ
394 2859 438 2940 τὸ
465 2859 649 2962 εἰρημένον
675 2858 767 2962 πρὸς
798 2863 966 2958 Μωυσῆν
990 2869 1010 2906 “
1024 2855 1112 2942 Υἰὸς
1138 2858 1283 2960 πρωτό-
1332 2862 1380 2980 ξ’·
1393 2862 1427 2914 iv.

75 2995 95 3028 ‘⁵
109 2985 216 3068 τοκός
245 3019 324 3084 μου
344 2983 540 3085 Ἰσραήλ.”
578 2979 863 3086 προσκεκόμικεν
890 2984 1018 3066 ἐκεῖνος
1045 2980 1091 3061 τό
1119 2980 1191 3062 ἀπὸ
1218 2986 1286 3083 γῆς

76 3111 117 3188 εἰς
132 3109 275 3188 θυσίαν
293 3113 350 3215 τῷ
369 3111 464 3213 θεῷ,
481 3105 567 3186 ἀλλ’
586 3117 607 3156 “
622 3109 664 3186 ού
682 3106 870 3212 προσέσχε
889 3113 966 3190 ταῖς
985 3109 1126 3192 θυσίαις
1146 3107 1283 3202 αύτοῡ,”
1332 3098 1396 3227 2⁶¹²·
1408 3098 1443 3148 ⁵'·

76 3231 164 3310 mo&
183 3229 411 3333 firm-rat·
440 3231 665 3333 γεωδεστέρα
685 3230 727 3308 δέ
739 3265 818 3315 πως
843 3231 922 3308 ε’στί
948 3231 1006 3309 καί
1031 3240 1095 3310 τοῦ
1126 3227 1317 3331 Ισραὴλ,ο

79 3353 165 3432 κατὰ
191 3353 239 3434 τό
268 3353 470 3456 εἰρημένον,
496 3354 519 3453 ἡ
547 3362 611 3434 τοῦ
639 3354 750 3451 νόμον
778 3354 936 3455 λατρεία,
963 3352 1022 3433 διὰ
1049 3351 1201 3458 μόσχων
1229 3355 1288 3432 καί

36 3477 278 3578 2προβαίνων
303 3480 365 3558 καί
390 3485 538 3580 καρπῶν
561 3484 634 3556 τῶν
652 3477 725 3556 ἀπὸ
750 3481 813 3575 τῆς
839 3480 918 3578 γῆς·
950 3479 1036 3556 ἀλλ’
1057 3475 1136 3557 οὐδὲ
1163 3510 1285 3580 προσ·

80 3603 219 3706 δέχεται
246 3601 390 3701 ταύτην
411 3603 432 3680 ό
455 3600 560 3685 Θεός·
593 3613 614 3650 “
625 3597 707 3680 Ἵνα
734 3601 773 3680 τί
796 3633 858 3698 μοι
884 3600 967 3704 γὰρ,
986 3603 1113 3705 φησὶν,
1135 3603 1288 3697 λίβανον
1334 3600 1448 3717 {m

82 3735 103 3770 ‘⁴
118 3729 157 3804 ἐκ
176 3725 292 3820 Σαβὰ
310 3725 438 3830 φέρετε
457 3729 515 3803 καί
540 3723 767 3821 κιννάμωμον
785 3725 824 3801 έκ
846 3727 913 3824 γῆς
936 3721 1115 3827 μακρόθεν
1127 3725 1160 3820 ;”
1187 3722 1288 3802 ἀλλὰ

84 3853 139 3928 καί
156 3849 217 3928 δαὶ
236 3853 367 3954 φωνῆς
379 3846 540 3928 Ἠσαίου
558 3846 752 3951 διαῤῥήδην
770 3849 911 3953 ἀναβοᾷ
930 3858 951 3895 “
965 3849 1031 3931 Τίς
1050 3847 1121 3949 γὰρ
1139 3846 1287 3951 ἐζήτησε
1334 3867 1403 3918 m.
1417 3879 1455 3917 ιι.

84 3983 105 4018 “
120 3981 237 4052 ταῦτα
264 3973 306 4051 ἐκ
333 3977 408 4051 τῶν
430 3977 559 4076 χειρῶν
581 3973 680 4070 ύμῶν
694 3968 726 4064 ;”
757 3965 832 4048 εἶτα
856 3967 947 4066 μετὰ
971 3969 1035 4050 τόν
1056 3969 1149 4050 Κόῖν
1167 3970 1285 4072 εἰσέρ·

41 4123 72 4176 32
85 4131 182 4202 χεται
200 4097 333 4178 θύσων
345 4092 470 4189 Ι’θκβελ
489 4097 508 4175 ό
527 4095 659 4180 δίκαιος
678 4091 751 4174 ἀπὸ
769 4100 842 4174 τῶν
861 4093 1068 4195 προβάτων.
1108 4093 1198 4195 μετὰ
1217 4091 1288 4198 γοίρ

121 4325 146 4364 ι.
162 4311 253 4361 ὼ
265 4315 439 4376 ωτιωρῑαιυ
451 4323 484 4360 ex
497 4305 529 4360 B.
652 4325 678 4378 3.
697 4307 740 4362 ἐπὶ
754 4306 786 4362 Β.
801 4305 891 4362 Holnt.
904 4263 1098 4362 emendavit'ut
1109 4305 1219 4362 adnotat
1230 4307 1288 4379 ipse

87 4379 157 4432 Aah.
230 4377 260 4430 8.
279 4375 361 4429 &Mn
375 4375 408 4428 Β.
420 4375 570 4430 emendavit
583 4375 633 4430 Ht.
709 4391 748 4448 15.
766 4377 830 4432 κατδ
846 4377 877 4432 Β.
891 4377 933 4432 ἰπὶ
948 4377 1061 4434 Ht.Ed.
1142 4376 1183 4432 16.
1202 4378 1289 4436 αὐτοῖς

88 4453 127 4500 ni
137 4449 294 4516 ησθπιις
306 4445 360 4499 hoe
372 4445 464 4500 ordine
477 4445 510 4500 B.
523 4446 564 4500 καί
574 4449 725 4516 πρεπόντως
736 4448 824 4504 αὐτοῖς
837 4447 886 4503 Ht.
901 4447 954 4502 Ed.
1048 4465 1091 4502 το.
1110 4447 1242 4517 εἰρημένον
1255 4449 1288 4506 Β.

88 4517 268 4588 Μακέων
282 4515 335 4572 Ht-
349 4513 399 4570 Ed.
487 4515 530 4570 26.
548 4515 714 4658 λίβανοιιᾹΙ-ἰ·
765 4540 774 4572 ι
788 4517 820 4573 Β.
912 4533 954 4588 27.
974 4519 1066 4582 σαββδ
1080 4517 1112 4572 Β.
1127 4517 1200 4589 (106.
1214 4519 1287 4588 228.)

89 4591 249 4656 πέμμα
263 4585 297 4640 Β.
312 4585 415 4656 (Alex.)
427 4587 570 4658 κινάμωμον
582 4587 634 4642 Ed.
687 4540 763 4656 αδίω

665 4688 686 4733 0
702 4688 720 4734 '2
