3142 5118
353 371 418 434 218
658 371 697 437 Β.
719 371 926 436 OYRILLI
956 371 1243 436 ALEXANDR.
1441 385 1500 430 ιι

354 535 474 636 με’νου,
502 539 560 617 καὶ
588 536 678 638 μετὰ
708 546 828 643 χεῖρας
857 537 959 624 ὄντος
988 540 1119 638 αὐτοῖς,
1146 544 1177 617 εἰ
1204 535 1254 637 μὴ
1281 533 1348 634 τὴν
1373 534 1501 637 ταχίστι

326 659 498 745 εὲαυτούς
525 661 822 762 μεταστήσαντες
850 666 907 743 ἐπὶ
932 662 974 743 τὸ
1000 661 1121 743 θέλειν
1150 661 1339 744 ὑπακούειν
1366 659 1453 764 αύτῷ
1475 667 1501 734 ’τ

355 786 439 890 παρ’
460 787 569 866 αὐτοῦ
588 791 731 893 φειδοῦς
749 788 1007 868 ἀπολαύσειαν.

305 1054 392 1120 10¹0
413 1055 554 1121 κλὲπτιις
573 1055 632 1120 οὐκ
654 1055 784 1144 ἔρχεται
809 1053 838 1120 εἰ
861 1055 905 1133 μιί
930 1057 983 1123 ἵνα
1009 1059 1113 1149 κλέψῃ
1139 1057 1193 1122 καί
1215 1057 1295 1146 θύσῃ
1323 1054 1374 1118 καὶ
1390 1051 1501 1118 ἁπολὲι

497 1181 564 1256 ἒτὼ
590 1177 690 1247 ιἰλθον
717 1183 770 1247 ἵνα
797 1182 882 1271 ςωιλν
908 1183 1017 1271 ἔχωσι,
1044 1183 1097 1248 καὶ
1124 1184 1278 1273 περισσὸν
1304 1181 1410 1267 ἔχωσι.

425 1355 551 1458 Θύραν
588 1353 714 1435 ἑαυτὸν
754 1352 842 1435 εἶναι
883 1355 1092 1463 φάσκοντος
1135 1366 1199 1437 τοῦ
1241 1358 1406 1456 Σωτῆρος
1446 1351 1499 1449 ἡμ

354 1484 529 1582 Χριστοῦ,
554 1483 612 1560 καὶ
640 1482 692 1560 ἐπ’
722 1482 819 1587 αὐτῷ
847 1485 987 1560 κεῖσθαι
1018 1478 1250 1564 διδοίσκοντυς
1278 1479 1320 1560 τὸ
1348 1480 1404 1556 καὶ
1430 1481 1501 1554 εἱσι

352 1604 463 1706 μίζειν
482 1603 542 1688 ούς
564 1603 610 1684 ἂν
635 1604 807 1698 βούλοιτο
833 1603 953 1710 τυχὸν,
972 1603 1042 1712 ἔξω
1069 1639 1109 1684 τε
1133 1603 1248 1702 με’νειν
1266 1606 1326 1682 ε’ἂν
1343 1599 1405 1680 τὸν
1423 1603 1501 1678 ἀνευ

187 1744 304 1803 om.
324 1727 490 1827 α“τήδειον
517 1731 575 1808 καὶ
603 1726 693 1831 πρὸς
722 1728 763 1808 τὸ
791 1731 990 1829 ποιμαίνειν
1019 1728 1291 1833 ἀτεχνέστατον,
1317 1727 1366 1806 ἔτι
1393 1759 1431 1804 τε
1458 1759 1501 1824 πρ

352 1853 500 1951 τούτοις,
520 1855 578 1932 καὶ
598 1851 739 1958 λῃστὰς
761 1856 819 1932 καὶ
845 1855 1002 1937 κλέπτας
1029 1853 1317 1952 ύποκεκληκότος
1343 1848 1423 1933 τούς
1450 1849 1501 1926 οἵτ

351 1975 449 2076 ἦσαν
467 1975 661 2077 αὐτόμολοι
686 1973 777 2080 πρὸς
801 1974 867 2076 τὴν
886 1979 927 2056 ού
952 1981 1121 2057 δοθεῖσαν
1137 1977 1256 2059 αὐτοῖς
1274 1975 1409 2054 ἄνωθεν
1427 1971 1501 2076 χύρ

353 2100 590 2204 διελογίζοντο
614 2100 728 2183 πάλιν
754 2106 787 2180 οἱ
815 2101 963 2181 δείλαιοι
989 2107 1182 2203 Φαρισαῖοι
1208 2101 1261 2184 τίς
1286 2097 1355 2202 ύίρα
1380 2096 1501 2200 ύπάρχ

352 2228 477 2306 ούτοσὶ
504 2225 595 2330 πρὸς
622 2226 805 2325 τοσαύτην
829 2225 945 2305 ἄνεισι
972 2227 1190 2330 παῤῥησίαν,
1212 2225 1352 2308 ἐκείνοις
1382 2220 1431 2300 ὧν
1458 2223 1501 2300 τύ

353 2353 411 2430 καὶ
430 2349 536 2434 αὐτὸς
553 2352 763 2454 ἐναρίθμιος,
781 2345 831 2429 ὧν
849 2356 1071 2429 καταιτιᾶται
1093 2348 1158 2448 τὴν
1177 2348 1314 2456 ἄφιξιν·
1351 2352 1501 2454 φευδοπ

352 2474 441 2572 με’να
459 2472 531 2576 γὰρ
550 2471 663 2583 ᾤοντο
685 2477 744 2554 καὶ
769 2474 1063 2581 φευδεπιστάτην
1081 2477 1139 2553 καὶ
1159 2473 1269 2553 αὑτὸν
1287 2477 1335 2556 ὡς
1359 2472 1403 2578 ἐξ
1424 2475 1501 2550 οἶκε

352 2602 596 2706 ύναδεδεῖχθαι
625 2601 780 2704 γνώμης,
809 2601 875 2705 οὐχ
904 2599 959 2679 ὅτι
988 2599 1081 2684 Θεὸς
1111 2596 1161 2678 ὢν
1189 2597 1338 2701 γε’γονεν
1365 2595 1501 2697 ἅνθρωτ

353 2724 445 2804 κατὰ
476 2723 517 2804 τὸ
553 2723 791 2830 ἀρχαιότατον
825 2723 992 2828 κήρυγμα
1023 2728 1086 2823 τῆς
1118 2721 1360 2804 θεοπνεύστου
1393 2728 1501 2826 γραφ

320 2847 444 2933 δεῑκὸς
469 2847 507 2929 δὲ
533 2847 576 2949 δὴ
603 2851 661 2929 καὶ
685 2847 939 2955 συλλέξαντας
963 2847 1029 2947 τὴν
1047 2851 1166 2948 ἀληθῆ
1189 2853 1327 2951 γνῶσιν
1344 2847 1427 2948 περὶ
1448 2845 1501 2922 αύ

352 2972 514 3075 καθάπερ
541 3009 576 3054 τι
604 2979 677 3052 τῶν
697 2976 893 3078 δυσαχθῶν
918 2980 995 3057 ταῖς
1019 2973 1209 3056 ἀπειθείαις
1233 2964 1501 3076 ἀποφορτίζεσί

351 3104 400 3183 εἷς
433 3099 525 3196 μόνα
558 3097 596 3178 δὲ
627 3096 775 3193 βλέπειν
808 3095 853 3176 τὰ
886 3096 969 3176 καθ’
1002 3096 1133 3197 ἡδονὴν
1165 3097 1283 3179 αὐτοῖς
1316 3097 1374 3174 καὶ
1413 3091 1465 3172 τὰ

351 3227 541 3330 φροντίδος
560 3223 715 3322 κείμενα·
744 3230 857 3302 ταῦτα
882 3221 919 3302 δὲ
945 3219 1048 3321 ἦντὸ
1071 3228 1171 3301 λαῶν
1191 3220 1360 3321 ἡγεῖσθαι
1384 3219 1448 3296 καὶ
1475 3251 1501 3296 π

350 3347 437 3427 αὐτὸ
469 3346 763 3453 χρηματίζεσθαι.
815 3349 890 3427 ε’πεὶ
921 3348 1039 3427 τοίνυν
1072 3346 1164 3447 ἔγνω
1177 3350 1181 3360 ’
1196 3352 1311 3426 ταῦτα
1343 3345 1501 3439 διενθυμ

350 3472 486 3570 με’νους,
518 3470 541 3573 ἢ
579 3475 638 3551 καὶ
670 3470 848 3572 ἀλλήλοις
881 3469 1144 3578 ψιθυρίζοντας,
1177 3470 1219 3548 ού
1251 3465 1462 3571 περιμείνας
1500 3507 1501 3512 ’

350 3596 433 3696 παρ’
467 3595 584 3674 αὐτῶν
616 3595 888 3704 ἐμφανεστέραν
925 3595 1157 3701 κατοίῤῥησιν,
1191 3596 1428 3694 ἀπολογεῖται
1471 3623 1501 3668 π

350 3716 500 3816 πόντως,
520 3723 579 3798 καὶ
604 3720 648 3826 ἐξ
671 3720 789 3798 αὐτῶν
812 3723 940 3824 χρῆναι
966 3726 1038 3799 τῶν
1056 3719 1280 3820 πραγμάτων
1300 3711 1501 3817 δοκιμάζεσ

351 3841 613 3948 διισχυρίζεται,
646 3845 699 3926 τίς
731 3841 797 3942 μὲν
829 3845 849 3923 ὁ
881 3842 1025 3943 ποιμὴν,
1059 3843 1112 3925 τίς
1144 3841 1182 3921 δὲ
1214 3843 1235 3921 ὁ
1267 3841 1428 3939 κλέπτης
1467 3841 1501 3917 ε’(

352 3966 602 4072 δυσδιάκριτον
624 3965 738 4070 γεμὴν
759 3965 802 4046 τὸ
829 3975 990 4047 τοιοΐπον
1014 3968 1176 4065 οὐδαμῶς
1204 3962 1296 4045 εἶναί
1320 3971 1457 4069 φησιν,
1480 3962 1501 4042 ὅ

322 4122 405 4176 οτις
423 4089 487 4172 τὸν
505 4090 660 4172 ἑκάστου
681 4088 906 4196 περιαθρήσῃ
928 4088 1070 4172 σκοπόν
1089 4125 1127 4171 τε
1152 4091 1211 4170 καὶ
1235 4086 1383 4192 τρόπον.
1428 4086 1483 4166 ‘0

390 4365 412 4402 1.
431 4347 505 4404 ὄντος
519 4347 551 4402 Β.
564 4346 643 4403 ὅντως
657 4345 747 4401 Holst.
762 4345 814 4400 Ed.
921 4363 947 4418 3.
966 4345 1086 4418 φειδοῦς]
1104 4351 1133 4409 4
1148 4346 1218 4418 αὐτῷ
1234 4344 1265 4398 Β.
1374 4340 1404 4396 6.
1427 4341 1501 4410 ἡμῶν

349 4417 439 4488 Ἰησοῦ
454 4419 502 4472 Ηι.
516 4419 567 4473 Ed.
647 4433 743 4471 20—22.
762 4417 1037 4488 εἶς-χρηματίζεσθαι
1049 4425 1188 4487 assumpta
1200 4415 1338 4482 emeg.
1428 4429 1480 4466 21.

350 4487 474 4543 emendat
489 4489 587 4560 Heyse.
600 4492 674 4543 λοιον
689 4488 720 4542 Β.
915 4505 956 4558 ²3·
975 4486 1101 4556 ἀλλήλοις
1113 4487 1300 4556 ψιθυρίζοντοτ
1311 4481 1451 4537 emendat
1468 4485 1498 4538 H

350 4559 686 4628 δλλήλουσκφιθυρίζοντας
697 4558 729 4612 Β.
739 4555 871 4626 ἀλλήλους
883 4558 1096 4629 ε’κφιθυρίζοντας
1107 4557 1159 4612 Ed.
1188 4557 1309 4612 Fortasse
1317 4553 1479 4623 ἇλλῆλοισι
1491 4575 1501 4608 ι

350 4628 474 4697 pisanae.
513 4628 619 4682 Desunt
631 4627 696 4682 haec
709 4628 829 4682 νεολαία
841 4645 865 4681 ιι.
