3200 5092
433 333 476 396 ⁷2
736 335 775 400 Β.
799 335 1009 400 CYRILLI
1038 335 1328 402 ALEXANDR.

433 498 712 600 συναγείρουσα,
730 507 807 584 ταῖς
827 500 923 584 ἰ’σαις
945 507 1019 580 τῶν
1037 503 1184 602 ἀγαθῶν
1202 498 1308 583 ἰδέαις
1331 499 1484 594 ἐπισεμν

432 625 536 716 ποιεῖ,
556 621 746 723 ἀναλόγως
764 621 802 702 δέ
828 623 966 708 τοότοις
990 627 1050 704 καὶ
1074 623 1116 704 τῦ
1141 624 1311 704 ἐναντίον.
1350 623 1424 700 ἐπεὶ
1442 653 1484 697 κο

265 733 390 849 {2324
433 740 569 844 τρόπον
596 742 669 824 ἀπὸ
697 749 765 846 γῆς
792 745 891 830 ὄντες
919 747 1029 846 ἡμεῖς,
1058 749 1116 826 καὶ
1148 749 1187 826 ἐκ
1216 753 1338 844 πηλοῦ
1369 746 1484 843 διηρτι

434 865 526 944 κατὰ
547 865 589 946 τῦ
614 867 873 970 γεγραμμένον,
892 877 1157 974 χρηματιοῦμεν
1174 876 1239 949 τοῦ
1257 866 1402 948 πάντων
1421 871 1484 942 Δει

265 1003 384 1129 {4⁰22ss
404 988 594 1092 εκαθάπερ
622 991 685 1070 οῦν
713 993 733 1070 ὁ
763 989 912 1074 Παῦλός
940 999 1034 1096 φησι
1060 1002 1082 1038 “
1097 991 1204 1075 Γένος
1232 991 1294 1070 οῦν
1323 986 1484 1091 ὑπάρχον

265 1145 317 1208 Ap.
328 1115 388 1194 xvii:
434 1121 457 1158 ‘⁶
472 1117 568 1192 θεοῦ
579 1113 612 1206 ;”
633 1113 928 1215 ὁμολογουμένως
947 1111 1012 1215 μέν
1026 1113 1098 1215 γάρ
1116 1121 1303 1216 συγγενεῖς
1318 1108 1484 1214 γεγόναμι

268 1222 307 1274 '⁹‘
433 1233 493 1314 διὰ
519 1235 587 1334 τήν
613 1235 734 1338 σάρκα
761 1235 827 1336 τήν
853 1239 891 1316 ἐν
918 1241 970 1343 τῷ
996 1235 1089 1316 κατά
1116 1235 1281 1339 Χριστὸν
1309 1233 1484 1338 μυστηρίη

433 1358 513 1438 ἔστι
540 1395 617 1444 πως
645 1362 704 1440 καὶ
731 1360 814 1440 καθ’
839 1359 960 1462 ἕτερον
988 1358 1124 1464 τρόπον
1151 1367 1257 1439 τοῦτο
1284 1354 1484 1459 συνυπάρχι

434 1481 577 1582 ἀληθές.
607 1488 823 1588 φρονοῦντες
842 1481 914 1586 γὰρ
933 1482 978 1562 τὰ
995 1485 1104 1562 αὐτοῦ
1122 1485 1181 1562 καὶ
1200 1482 1255 1562 ότι
1272 1484 1484 1584 προσῆκενε

434 1605 476 1684 οῦ
512 1603 698 1709 παρέργως
737 1605 1033 1704 διενθυμοόμενοι,
1070 1612 1333 1710 χρηματιοῦμεν
1369 1604 1436 1682 υἱοὶ
1472 1635 1484 1680 τ

433 1726 571 1812 πάντας
604 1733 711 1826 Θεοῦ,
744 1732 803 1808 καὶ
839 1728 930 1832 πρὸς
967 1725 1034 1826 τήν
1066 1731 1104 1807 ε’ν
1140 1729 1236 1834 αὐτῷ
1273 1725 1428 1824 θέλησιν
1460 1758 1484 1802 κ

433 1851 616 1954 ἐγχωροῦν
633 1849 698 1931 τὸν
717 1857 844 1932 οἰκεῖον
862 1849 1141 1934 διαπλάττοντες
1164 1859 1258 1947 νοῦν,
1277 1852 1370 1928 οὕτω
1393 1883 1432 1927 τε
1456 1881 1484 1926 π

434 1973 542 2054 αὑτὸν
578 1973 772 2075 ὁμοιότητα
813 1979 871 2055 καὶ
914 1973 1180 2077 ἀκριβεστάτην
1215 1973 1405 2080 ἐμφέρειαν
1442 2006 1484 2050 σι

434 2094 546 2180 ὅντως
574 2098 695 2195 ἐσμέν.

477 2218 566 2299 Ὀτι
584 2219 621 2299 δέ
640 2219 706 2320 τήν
718 2220 762 2326 ἐξ
777 2221 892 2323 ἔργων
906 2221 984 2322 ἤτοι
1002 2227 1075 2301 τῶν
1088 2217 1231 2334 τρόπων
1245 2220 1437 2320 ὁμοιότητα
1455 2253 1484 2296 κι

400 2342 618 2441 ῦβεστυίτην
637 2343 825 2448 ἐμφέρειαν
844 2349 892 2428 εἰς
917 2346 1127 2445 συγγενείας
1153 2343 1304 2440 δύναμιν
1326 2340 1484 2439 λαμβόνε

435 2463 709 2566 διαγνωσόμεθα
728 2472 858 2571 σαφῶς
876 2473 949 2549 τοῖς
969 2471 1072 2568 ἱεροῖς
1090 2466 1324 2567 ἐγκύπτοντες
1343 2464 1477 2566 λόγοις,

436 2589 534 2667 θείαν
548 2597 839 2691 περινοστοῦντες
858 2588 1014 2695 γραφήν.
1043 2590 1170 2669 οὐκοῦν
1184 2592 1222 2668 ἐν
1236 2596 1371 2691 καιροῖς
1380 2588 1483 2690 Ἱερερ

266 2702 355 2817 ΗῙΨ,
435 2709 635 2815 προφήτου,
647 2711 775 2813 γέγονέ
789 2747 842 2796 τις
857 2713 1030 2811 ε’λαμίτης
1043 2712 1198 2811 Σαμείας
1212 2713 1369 2810 τοῦνομα
1382 2713 1483 2816 ψευδι

267 2897 338 2947 nffi
364 2895 388 2947 ⁶·
435 2831 482 2911 τὰ
500 2833 572 2912 ἀπὸ
592 2834 737 2936 καρδίας
754 2833 981 2936 ἐρευγόμενος
999 2839 1062 2934 τῆς
1080 2837 1217 2932 ἐαυτοῦ,
1237 2833 1331 2913 καθά
1349 2834 1483 2936 γέγραπ

436 2956 500 3034 οῦκ
518 2955 590 3036 ἀπὸ
609 2954 791 3054 στόματος
809 2959 953 3060 Κυρίου.
984 2955 1103 3055 ἐπειδὴ
1122 2956 1161 3037 δέ
1178 2956 1303 3055 πολλή
1321 2991 1374 3040 τις
1392 2955 1436 3055 ἦν
1455 2990 1483 3034 κι

434 3077 577 3178 πληθῦς
604 3079 910 3184 ψευδομαρτύρων
937 3081 995 3159 καὶ
1022 3083 1344 3185 ψευδοπροφητῶν,
1369 3113 1482 3181 περιπ.

406 3199 517 3285 οτοῦς
544 3200 676 3306 ὄχλους
704 3205 762 3281 καὶ
790 3204 846 3306 ἐφ’
871 3198 895 3281 ἀ
921 3201 972 3302 μή
999 3207 1182 3304 προσῆκεν
1203 3201 1416 3308 ἐξέλκουσα,
1443 3201 1482 3300 ήγ

435 3323 565 3403 λοιπὸν
584 3324 726 3408 εἰκότως
748 3327 768 3404 ό
791 3324 937 3406 πάντων
955 3323 1135 3425 δεσπότης
1155 3323 1260 3409 Θεός.
1301 3321 1376 3404 εἶτα
1394 3333 1482 3403 πολί

435 3451 487 3552 τῷ
507 3447 643 3553 Σαμείᾳ
666 3447 878 3548 δαπανήσας
904 3445 1050 3548 λόγους,
1073 3451 1131 3528 καὶ
1154 3449 1259 3531 ποίας
1282 3445 1405 3552 ὑφέξει
1422 3443 1482 3528 τὰς

435 3576 499 3648 τοῦ
532 3569 762 3669 τολμήματος
795 3571 894 3654 δίκας
926 3571 1140 3673 λεπτότερον
1172 3569 1326 3666 διειπὼν,
1354 3571 1391 3648 ἐν
1420 3579 1481 3646 τελ

268 3681 396 3811 ἔξω
435 3689 570 3790 ἐπείγει,
591 3695 649 3770 καὶ
672 3691 848 3792 ἐκδικήσω
869 3703 890 3739 “
903 3694 961 3772 ἐπὶ
981 3692 1138 3790 Σαμείαν
1156 3697 1215 3771 καὶ
1239 3694 1297 3771 ἐπὶ
1321 3689 1364 3770 τῦ
1387 3691 1481 3790 γένος

435 3823 458 3862 “
471 3811 553 3897 τοῦς
567 3823 757 3898 ποιοῦντας
771 3813 817 3894 τὰ
830 3813 935 3914 ὅμοια
950 3815 1080 3922 αῦτῷ·”
1095 3813 1232 3898 ἀκούεις
1246 3813 1343 3899 ὅπως
1359 3815 1481 3895 ἐντοῖς

472 4007 496 4046 1.
513 3989 575 4048 ἴδοις
588 3991 621 4045 Β.
634 3990 713 4047 ἰδίοις
724 3989 876 4046 emendavit
890 3991 981 4047 Holst.
1079 4007 1104 4045 2.
1122 3993 1192 4045 ποιεῖ
1204 3991 1238 4045 Β.
1250 3993 1321 4044 ποιεῖ
1332 3990 1360 4044 δέ
1376 3989 1423 4044 Ht.
1436 4007 1480 4042 un<

433 4109 585 4166 emendavit
596 4116 629 4165 ut
640 4109 750 4165 adnotat
762 4112 820 4182 ipse
831 4111 903 4166 Aub.
1002 4112 1028 4165 ⁶.
1046 4112 1187 4181 γεγόναμεν
1199 4109 1323 4164 emendat
1336 4109 1434 4180 Ηεγεο.
1446 4130 1480 4178 γε

458 4181 481 4235 ’ν
491 4183 614 4252 γεγόνατε
629 4179 678 4235 Ht.
691 4179 742 4234 Ed·
872 4179 967 4234 12-16.
985 4179 1195 4248 οὕτω-δύναμιν
1205 4179 1312 4234 exhibet
1326 4179 1415 4250 Heyse
1427 4197 1459 4232 ex
1474 4179 1480 4231 l

433 4203 552 4322 ssim]
567 4250 597 4305 δέ
607 4273 636 4305 τε
647 4251 694 4319 τήν
704 4251 770 4319 πρὸς
784 4250 863 4304 αὑτὸν
877 4253 1015 4318 ὁμοιότητα
1027 4251 1068 4304 καὶ
1079 4251 1269 4319 ἀκριβεστάτην
1282 4249 1420 4320 ἐμφέρειαν
1431 4249 1467 4304 εἷς
1479 4281 1480 4296 ι

435 4319 541 4388 δύναμιν
553 4321 614 4384 Ed„
630 4320 679 4375 Ht.
696 4319 750 4374 fere
768 4337 891 4391 sequens.
904 4319 944 4374 ότι
961 4319 1048 4388 μέντοι
1065 4320 1111 4388 τήν
1128 4321 1190 4388 ἐξέ
1245 4321 1411 4388 νῦμοιθτητα
1427 4319 1480 4374 είςι

435 4387 705 4456 δύναμινοιλίῦειο,
719 4389 838 4444 scholion
851 4390 991 4460 incipiens.
1074 4390 1114 4443 τό.
1134 4392 1200 4446 θεὸς
1227 4391 1377 4458 Χριστὸςα.
1458 4405 1480 4454 ²}

435 4473 468 4509 ex
483 4457 516 4510 Β.
586 4457 629 4510 26.
642 4461 688 4511 τοῦ
700 4457 802 4511 addidit
817 4459 864 4512 Ht.
914 4462 1071 4529 λεπτότερον
1083 4469 1252 4530 assumptum
1265 4477 1298 4512 ex
1311 4459 1345 4512 Β.
1392 4457 1479 4512 διειπὼ

438 4523 537 4593 Ηογιο.
549 4525 578 4578 δέ
589 4525 667 4580 ἀπὸν
680 4527 713 4581 Β.
725 4527 803 4581 είπδν
817 4527 866 4582 Ht.
881 4527 933 4584 Ed.
1028 4541 1071 4598 27.
1090 4529 1191 4598 σαμίαν
1203 4547 1307 4600 semper
1318 4547 1344 4584 ι.
1356 4527 1479 4597 (Frid.-A
