3274 5118
325 269 390 332 626
630 269 669 333 Β.
693 267 902 334 CYRILLI
932 263 1225 333 ALEXAND‘R.
1340 266 1410 329 xvi.
1426 281 1531 346 ταις.

326 434 553 537 πεφωτίσθαι
578 431 636 512 διὰ
663 440 729 513 τοῦ
758 431 979 530 Πνεῦματος,
1004 431 1094 532 μήτε
1121 431 1193 532 μὴν
1229 429 1412 534 γενέσθαι
1444 425 1531 506 θείας

327 555 472 661 φύσεως
495 582 694 641 κοινωνους·
734 565 756 604 “
771 555 887 636 Οὔπω
915 551 987 658 γὰρ
1015 553 1060 654 ἦν
1080 561 1231 655 Πνεῦμα
1251 551 1431 656 Ἀγιον,”
1448 547 1531 630 κατὰ

327 677 390 758 τὸν
414 677 517 781 ἅγων
537 677 827 782 Εὐαγγελιστὴν,
847 677 935 758 “ῦτι
957 676 1121 781 Χριστὸς
1146 677 1284 760 οὐδέπω
1309 674 1529 783 ε’δοξάσθη·”

326 799 372 880 τά
399 801 546 882 τοιοῦτοί
573 808 704 908 φησιν,
731 805 841 882 έκεῖνο
867 799 911 902 δή
936 801 1081 888 πάντως
1108 801 1286 903 ἐθελήσας
1314 803 1531 898 ῦπαδηλοῦι,

297 928 375 1008 οῦς
403 924 454 1006 ἔτι
481 924 547 1026 μέν
568 925 643 1032 ἔχοι
672 929 730 1007 καὶ
752 922 903 1033 σφόδρα
929 926 1046 1020 βαθέα
1072 928 1132 1006 καὶ
1157 935 1241 1006 νοῦν
1266 923 1554 1026 ὑπερβαίνοντας

326 1045 390 1126 τὸν
408 1049 631 1152 ἀνθρώπινον
655 1047 924 1130 ἀποκαλύπτειν
942 1049 1139 1152 μυστήρια,
1160 1056 1375 1151 παραιτοῖτο
1397 1043 1439 1126 δὲ
1464 1047 1530 1125 νυνὶ

327 1174 385 1252 καὶ
410 1171 511 1270 μάλα
534 1171 686 1270 εἰκότως,
705 1173 805 1254 οὔπω
821 1171 913 1276 πρὸς
931 1181 1037 1254 τοῦτο
1056 1171 1139 1252 λίαν
1158 1171 1363 1272 ἐπιτηδείως
1387 1169 1531 1276 ἔχοντας
1621 1189 1622 1206 ³

327 1297 431 1398 ὁριῦν.
471 1295 558 1377 ὅταν
575 1295 647 1400 γὰρ
676 1299 765 1397 ὑμᾶς
793 1295 837 1404 ἐξ
857 1295 986 1398 ἑτέρων
1006 1302 1054 1380 εἷς
1079 1295 1227 1399 ἑτέρους,
1246 1300 1355 1401 φησὶ,
1375 1293 1427 1374 τδ
1452 1289 1531 1391 ἐμῦι

326 1419 576 1524 ἀπεργάσηται
614 1426 777 1520 Πνεῦμα,
814 1422 873 1500 καὶ
914 1418 979 1499 τὸν
1016 1420 1183 1524 ῦμέτερον
1218 1417 1531 1522 μεταστοιχειοίση

326 1547 421 1640 ναῦν,
444 1549 493 1628 εἰς
520 1542 563 1624 τὸ
591 1543 749 1643 θελῆσαί
770 1577 808 1624 τε
832 1541 961 1624 λοιπὸν
980 1547 1038 1623 καὶ
1067 1543 1244 1624 δύνασθαι
1270 1549 1347 1622 τῶν
1376 1547 1531 1640 νομικῶν
1543 1575 1570 1616 ιο

326 1668 598 1772 ὑπερφρονῆσαι
625 1666 758 1765 τύπων,
781 1667 930 1748 ἑλέσθω
959 1665 997 1747 δὲ
1024 1673 1171 1767 μᾶλλον
1197 1669 1261 1766 τῆς
1285 1668 1323 1746 ἐν
1344 1665 1530 1762 Πυεῦματι

327 1787 494 1892 λατρείας
511 1789 554 1870 τὸ
577 1790 724 1888 κᾶλλος,
744 1793 803 1870 καὶ
820 1797 893 1870 τῶν
912 1792 950 1870 ε’ν
973 1797 1092 1874 σκιαῖς
1108 1794 1330 1894 προτιμῆσαι
1349 1788 1421 1889 τὴν
1442 1789 1530 1888 ἀλή-

326 1919 437 1994 θειαν·
477 1912 557 1996 τότε
585 1913 629 2015 δή
651 1913 742 2014 τότε,
765 1918 871 2021 φησί,
896 1915 1054 1995 συνιέναι
1075 1915 1206 2021 ῥᾳδίως
1226 1915 1265 1994 εῦ
1286 1912 1392 2014 μάλα
1421 1913 1526 2014 δυνή-

163 2059 276 2118 ςυαὰ
297 2044 441 2120 ασεσθε
459 2037 506 2118 τά
525 2041 606 2142 περὶ
628 2040 724 2138 ἐμοῦ.
764 2035 924 2143 χωρήσει
944 2038 1016 2143 γὰρ
1038 2041 1076 2119 ἐν
1099 2040 1181 2138 ὑμῖν
1203 2036 1469 2142 εῦπαράδεκτός
1494 2071 1529 2116 τε

327 2163 396 2264 ἤδη
415 2165 473 2244 καὶ
490 2162 630 2247 πλατῦς
649 2163 669 2241 ὁ
689 2160 813 2264 λόγος.
1543 2197 1568 2253 ¹5

383 2290 497 2367 Ταυτὶ
519 2285 585 2386 μέν
604 2287 667 2366 οῦν
686 2289 758 2367 δεῖν
776 2287 915 2367 οἴεσθαι
935 2285 1053 2390 λέγειν
1070 2284 1134 2368 τὸν
1155 2285 1291 2390 Κύριον
1308 2291 1383 2368 τοῖς
1403 2287 1529 2364 ἑαυτοῦ

327 2417 501 2510 μαθηταῖς
529 2410 696 2511 ένυαήσαι
724 2445 777 2495 τις
805 2410 861 2491 ἀν.
901 2409 979 2517 ἥξει
1008 2408 1123 2512 γεμὴν
1149 2414 1198 2494 εἷς
1225 2407 1367 2522 τοῦτὸν,
1393 2411 1455 2488 καὶ
1483 2414 1529 2492 είς

327 2531 393 2632 τὴν
411 2533 497 2634 ἴσην
514 2542 588 2618 τοῖς
613 2533 803 2636 εἰρημένοις
829 2534 958 2636 ἀρτίως
975 2537 1231 2637 συνδραμεῖται
1250 2533 1422 2628 διάνοιαν,
1442 2531 1529 2633 ὅπερ

158 2676 184 2726 S·
196 2677 258 2792 126110·
327 2656 397 2761 ἔφη
425 2656 547 2755 πάλιν,
567 2660 615 2740 ὡς
639 2659 677 2736 έν
695 2656 796 2765 τύπῳ
824 2657 1124 2760 παραδειγμάτων
1151 2667 1174 2705 “
1186 2657 1315 2739 Οὐδεὶς
1342 2655 1529 2754 ἐπίβλημα

157 2755 208 2805 Μ
226 2777 233 2792 ’
329 2791 350 2828 “
371 2779 443 2860 ἀπὸ
462 2778 603 2879 ἱματίου
624 2787 746 2860 καινοῦ
763 2782 901 2884 σχίσας
919 2779 1108 2874 ἐπιβάλλει
1126 2782 1184 2861 ε’πὶ
1203 2779 1330 2887 ίματίῳ
1348 2780 1527 2886 παλαιῲ·”
1540 2821 1570 2860 ιο

157 2909 283 3040 ᾗξηξῦλ·
327 2903 413 2985 ἀλλ’
433 2903 512 2984 οῦδὲ
541 2915 562 2950 “
577 2901 674 2984 οἶνον
692 2903 771 2982 νέον
790 2909 839 2988 είς
857 2903 992 2987 ἀσκοὺς
1009 2901 1196 2999 βάλλουσι
1219 2901 1410 2987 παλαιούς·
1442 2901 1527 2982 εἰδὲ

158 3067 253 3117 Mne.
327 3040 349 3077 “
366 3028 435 3129 μὴ,
456 3027 649 3134 ῥήγνυνται
677 3031 710 3107 οί
736 3029 843 3107 ἀσκοὶ
873 3029 932 3106 καὶ
960 3028 980 3106 ὁ
1008 3023 1103 3111 οῖυος
1127 3028 1289 3132 ἐκχεῖται,
1316 3026 1403 3104 ἀλλ’
1433 3022 1528 3104 οἶνον

158 3147 183 3182 v.
195 3143 235 3196 ³⁷'
291 3163 349 3230 b“
367 3153 445 3233 νεῦν
481 3158 527 3236 εἰς
563 3147 698 3234 ἀσκοῦς
731 3149 829 3235 νέους
858 3147 1050 3250 βλητέον.”
1097 3157 1170 3234 τοῖς
1202 3149 1273 3254 γὰρ
1305 3151 1407 3229 οὔπω
1437 3148 1528 3253 πρὸς

327 3272 517 3374 καινότητα
537 3275 626 3378 ζωῆς
649 3277 707 3354 καὶ
730 3274 899 3377 γνώσεως
923 3274 1013 3370 ὁμοῦ
1034 3273 1370 3371 ἀναπεπλασμένας
1388 3273 1448 3353 διὰ
1467 3282 1528 3352 τοῦ

329 3398 550 3495 Πνεῦμοτος,
578 3399 641 3478 οῦκ
670 3397 750 3477 ἔστι
776 3397 822 3477 τά
851 3395 912 3476 νέα
939 3401 1012 3475 τῶν
1029 3398 1272 3500 εῦαγγελικῶν
1290 3395 1526 3500 κηρυγμάτων
1538 3437 1567 3496 ²5

327 3520 557 3619 παιδεύματα,
594 3525 651 3600 καὶ
689 3519 858 3626 ἀχῶρητοί
896 3555 973 3603 πως
1008 3523 1087 3599 ε’στὶ
1123 3519 1169 3601 τὰ
1205 3523 1287 3625 περὶ
1323 3525 1387 3620 τῆς
1424 3521 1526 3621 ἁγίοις

327 3642 481 3746 Τριάδος
499 3642 691 3748 μυστήρια.
727 3649 771 3748 τῇ
790 3644 909 3724 τοίνυν
927 3643 1164 3724 ἀνακαινώσει
1182 3649 1227 3749 τῇ
1247 3643 1305 3723 διὰ
1324 3651 1388 3724 τοῦ
1410 3643 1523 3723 Πνεῦ-

326 3801 439 3869 ματος
460 3764 614 3874 ἐσομένη
638 3774 891 3866 πνευματικῶς,
911 3766 1182 3868 ἀποταμιειίεται
1208 3767 1396 3872 χρησίμως
1415 3768 1525 3868 ἡτῶν

327 3894 377 3974 ἔτι
406 3891 613 3996 βαθυτέρων
642 3889 825 4000 ἐξήγησις,
856 3891 898 3972 τὸ
928 3890 994 3990 μὲν
1020 3891 1071 3971 έτι
1100 3889 1352 3994 προσεδρεύειν
1384 3895 1431 3996 τῇ
1464 3899 1523 3970 τοῦ
1621 3991 1622 3994 ¹

328 4025 473 4114 νομικοῦ
505 4017 716 4122 γράμματος
748 4013 975 4114 παλαιότητι,
1012 4021 1057 4120 τῇ
1094 4021 1167 4096 τῶν
1204 4011 1449 4094 πιστευόντων
1480 4020 1523 4098 είς
1535 4053 1564 4110 30

298 4141 494 4244 οΧριστῦν
522 4143 584 4220 οὐκ
603 4140 699 4245 ἐώση
725 4141 871 4246 διανοίη,
887 4144 1209 4246 μεταμορφοῦσθαι
1236 4136 1275 4216 δὲ
1306 4143 1453 4236 μᾶλλον
1480 4143 1523 4222 είς

329 4266 519 4366 καινότητα
546 4271 747 4366 λογισμῶν,
767 4267 825 4344 καὶ
852 4261 898 4343 τὰ
921 4265 964 4343 δι’
984 4261 1034 4343 ὧν
1052 4263 1168 4344 ἔνεστι
1195 4261 1238 4342 τὸ
1266 4265 1331 4362 τῆς
1358 4261 1522 4362 ἀληθείας

364 4448 390 4500 9.
408 4431 532 4500 ὑμέτερον
544 4429 608 4484 E.F.
623 4429 672 4486 Ed.
686 4447 742 4502 mg.
755 4428 879 4499 ἡμέτερον
892 4427 943 4482 Ed.
1184 4445 1228 4499 31.
1245 4427 1480 4500 μεταμορφοῦσθαι
1492 4425 1521 4483 Ε.

327 4502 531 4576 μεταμορφοῦση
545 4500 596 4558 Ed.
