3248 5112
292 317 359 382 448
598 318 639 384 B.
663 318 872 386 CYRILLI
901 320 1194 388 ALEXANDR.
1363 318 1427 384 xiv.
1443 337 1494 382 11.

294 479 533 582 νοηθήσεται;
562 482 648 564 ἀλλ’
669 485 733 565 οῦκ
759 489 808 569 είς
830 493 937 566 τοῦτο
961 488 1096 590 μωρίας
1123 483 1195 566 σῦν
1215 484 1358 569 ἐκείνοις
1382 514 1493 562 κατο-

261 609 436 687 ἆλισθεῖν
453 605 653 714 ἀνεξόμεθα
675 606 802 688 πόλιν·
834 607 1003 714 οὔτεγὰρ
1022 609 1082 690 διὰ
1099 619 1163 692 τοῦ
1183 607 1329 713 Πατρός
1348 611 1497 711 ἐροῦμεν

294 717 514 831 πεποιῆσθαι
537 730 601 811 τὸν
619 729 719 830 Υίδν,
737 735 818 814 οὔτε
843 732 915 834 μὴν
933 735 975 814 δι’
996 739 1086 815 Υίοῦ
1112 733 1282 836 γενέσθαι
1306 731 1371 814 τὸν
1388 733 1432 840 ἐξ
1453 731 1497 812 οῦ

294 852 341 934 τὰ
363 851 494 952 πόντοι,
515 854 665 959 Πατέρα
688 861 748 936 καὶ
767 853 875 936 θεόν·
912 856 991 941 ἑθος
1015 856 1053 938 δὲ
1080 864 1227 958 μᾶλλον
1249 855 1292 938 τό
1320 861 1384 956 τῆς
1412 862 1493 936 θεο-

294 976 476 1059 πνεόστου
501 983 646 1085 γραφῆς
674 979 817 1088 ἑκάστῳ
841 978 1051 1084 πρεπόντως
1075 983 1361 1086 ε’τιῤῥιπτοῦντες
1384 985 1531 1088 καιρῷ5

294 1104 354 1182 καὶ
371 1102 560 1212 προσώπῳ
578 1107 638 1185 καὶ
661 1102 858 1208 πράγματι,
876 1103 1036 1208 καθαρόν
1055 1140 1094 1186 τε
1121 1107 1181 1186 καὶ
1206 1107 1415 1188 όνυπαίτιον
1432 1105 1498 1187 τὸν

295 1226 352 1330 ἐφ’
381 1224 499 1308 ἅπασι
530 1235 605 1313 τοῖς
637 1230 843 1332 ἀναγκαίοις
873 1230 1119 1337 ἐξυφονοῦμεν
1146 1229 1273 1332 λόγον.
1327 1238 1401 1315 τοῖς
1430 1228 1498 1329 μὲν

295 1349 367 1452 γὰρ
397 1351 442 1458 ἐξ
466 1353 530 1432 οῦκ
557 1350 671 1434 ὄντων
699 1359 747 1439 εἰς
774 1351 816 1434 τὸ
843 1350 931 1434 εἶναι
958 1360 1208 1460 πορενεχθεῖσι
1236 1356 1295 1434 καὶ
1323 1354 1499 1456 γεγονόσι

296 1471 355 1552 διὰ
377 1479 484 1574 θεοῦ,
500 1483 578 1562 πῶς
606 1478 669 1557 οῦκ
698 1475 743 1557 ἂν
764 1473 929 1577 μάλιστα
955 1475 1085 1580 πρέποι
1112 1475 1155 1558 τό
1184 1478 1347 1558 νοεῖσθαί
1371 1511 1410 1557 τε
1437 1480 1498 1558 καὶ

296 1597 472 1699 λε’γεσθαι
498 1602 582 1705 παρ’
603 1602 715 1701 ἡμῶν,
739 1603 787 1686 ῶς
811 1604 903 1682 εἰσὶν
924 1602 962 1681 ε’ν
981 1606 1076 1710 Θεῷ,
1094 1601 1259 1681 τουτέστι
1287 1599 1347 1681 διὰ
1372 1606 1494 1699 Θεοῦ,
1514 1633 1561 1675 10

267 1727 348 1828 θτῷ
375 1721 489 1824 γεμὴν
511 1723 604 1806 κατὰ
631 1724 747 1834 φύσιν
765 1730 843 1832 Υίῷ
871 1727 930 1804 καὶ
957 1725 1080 1832 Κυρίῳ
1107 1726 1166 1805 καὶ
1189 1729 1273 1832 Θεῷ
1302 1728 1360 1805 καὶ
1388 1731 1494 1825 δημι-

296 1851 416 1954 ουργῷ
433 1854 507 1927 τῶν
525 1848 632 1946 ὅλων,
652 1849 716 1928 οῦκ
738 1845 784 1928 ἂν
802 1844 899 1944 οἶμαι
922 1855 1029 1928 τοῦτο
1053 1848 1181 1952 κυρίως
1203 1883 1242 1929 τε
1267 1851 1326 1928 καὶ
1351 1851 1499 1949 άληθῶς

297 1969 498 2072 ἁρμόσειεν,
517 1969 604 2052 εῖναι
631 1971 669 2053 δὲ
694 1978 859 2079 φυσικῶς
883 1974 921 2052 ἑν
940 1973 1059 2076 Πατρὶ
1083 1975 1142 2052 καὶ
1166 1969 1377 2078 ἐνυπάρχειν
1399 1973 1498 2080 αὐτῷ

295 2091 389 2198 ἔχειν
413 2127 450 2173 τε
477 2095 587 2176 αὐτὸν
610 2099 648 2177 ἑν
671 2098 795 2205 ἑαυτῷ,
821 2093 879 2176 διὰ
906 2095 948 2176 τὸ
976 2097 1014 2176 ἑν
1039 2095 1166 2180 οὐσίας
1192 2095 1384 2196 ταυτότητι
1413 2096 1499 2201 φαί-

297 2223 434 2316 νεσθαι,
453 2223 511 2299 καὶ
538 2219 649 2320 μηδὲν
673 2218 766 2326 ἔχειν
789 2226 976 2304 παντελῶς
1003 2217 1046 2299 τῦ
1073 2226 1309 2320 μεσολαβοῦν
1329 2222 1388 2302 καὶ
1416 2225 1493 2301 δια·
1517 2247 1561 2306 ¹5

296 2341 425 2442 τὲμνον
443 2347 492 2426 είς
510 2343 699 2448 ἑτερότητα
717 2343 890 2450 φυσικήν.

357 2467 429 2544 Καὶ
448 2463 503 2545 ὅτι
520 2464 586 2565 μὲν
604 2457 692 2550 ἴσως
711 2474 785 2552 τοῖς
803 2465 1085 2570 εὐμαθεστέροις,
1104 2463 1151 2551 ῶς
1170 2501 1212 2568 γε
1230 2501 1292 2567 μοι
1316 2467 1496 2574 φαίνεται,

298 2594 419 2672 καλῶς
445 2592 614 2693 διείρηται
641 2589 774 2696 δόξειεν
792 2589 848 2689 ιῖν,
868 2589 1073 2672 συναινέσει
1097 2588 1251 2693 γεμὴνό
1276 2591 1319 2670 δι’
1339 2591 1500 2674 ἐναντίας

299 2712 474 2810 οὐδαμῶς·
514 2715 588 2816 ε’ρεῖ
608 2711 646 2794 δὲ
671 2713 715 2814 δὴ
740 2713 864 2811 πόλιν,
882 2713 947 2795 τόν
970 2717 1008 2794 ἐν
1029 2717 1158 2820 ἀρχαῖς
1185 2713 1501 2813 είσκεκομισμίνον

131 2855 246 2915 ’19η
270 2835 581 2936 οοὶναμασιόμενος
605 2837 730 2942 λόγον,
747 2838 802 2920 ὅτι
827 2841 939 2924 οὕτως
964 2841 1063 2920 ε’στὶν
1082 2840 1103 2918 ὁ
1124 2837 1253 2942 Πατὴρ
1278 2839 1316 2918 ἑν
1334 2843 1385 2946 τῷ
1402 2841 1497 2946 Υίῷ,
1518 2873 1563 2914 20

299 2956 425 3065 ὥσπερ
443 2962 540 3062 ἡμεῖς
559 2965 597 3044 ἑν
614 2965 722 3072 αὐτῷ.

355 3087 407 3165 Τί
439 3087 502 3166 οῦν
536 3087 619 3190 ἄρα·
669 3086 852 3195 φήσωμεν
887 3085 934 3167 οἲν
970 3087 1034 3167 οῦκ
1075 3086 1257 3170 αἰσυνὲτως
1292 3084 1501 3192 ἑλὲγχοντες

299 3208 423 3314 σαθρά
441 3245 479 3291 τε
497 3214 557 3292 καὶ
575 3212 789 3316 μειρακιώδη
813 3209 1017 3318 φρονοῦντοῖ
1041 3245 1078 3290 τε
1104 3213 1162 3290 καὶ
1186 3210 1355 3312 λέγοντα·
1387 3211 1501 3294 οῦτως

299 3330 387 3412 εἶναι
424 3331 498 3441 φῂς
534 3336 598 3416 τὸν
627 3335 718 3416 Υῖὸν
749 3339 804 3416 ἑν·
817 3339 946 3439 Πατρὶ,
979 3333 1140 3437 καθάπερ
1173 3333 1267 3434 ἡμᾶς
1303 3337 1341 3414 ἑν
1371 3335 1496 3441 αότῷ;

299 3463 430 3541 καλῶς.
467 3455 544 3539 εἶτα
560 3461 599 3540 τί
614 3459 669 3560 δὴ,
687 3457 777 3565 πρός
801 3468 907 3540 τοῦτο
932 3461 1090 3563 ἐροῦμεν,
1113 3456 1163 3559 μὴ
1189 3465 1263 3543 τοῖς
1288 3458 1380 3542 ’ίσοις
1406 3458 1500 3557 ἡμᾶς
1518 3493 1561 3552 ²5

299 3581 600 3682 ἑπισεμνόνεσθαι
636 3583 760 3687 λόγοις
796 3582 839 3664 τῦ
874 3587 938 3684 τῆς
974 3582 1145 3686 ἡμετέρας
1189 3581 1334 3690 φύσεως
1374 3583 1501 3689 ἐφίησι

299 3705 439 3810 μίτραν,
459 3705 587 3812 οἷσπερ
613 3705 659 3787 όν
678 3710 792 3816 ὁρῷτο
818 3713 877 3789 καὶ
904 3707 1009 3791 αὐτὸς
1035 3707 1055 3787 ό
1081 3705 1244 3810 Χριστός
1256 3738 1267 3804 3
1303 3705 1408 3790 αὐτὸς
1433 3706 1501 3806 μὲν

300 3827 372 3934 γὰρ
397 3831 539 3934 ε’πείπερ
563 3833 663 3911 ἐστὶν
686 3832 724 3910 ἑν
743 3834 873 3936 Πατρὶ,
892 3831 964 3936 ἔχει
992 3829 1030 3910 δὲ
1057 3833 1096 3910 ἑν
1118 3831 1230 3936 ἑαυτῷ
1254 3827 1318 3909 τόν
1339 3829 1498 3932 Πατὲρα,

266 3951 365 4035 δότε
392 3953 436 4055 δὴ
464 3955 523 4034 καὶ
550 3953 652 4034 εἰκῶν
680 3955 789 4034 αὐτοῦ
820 3958 879 4035 καὶ
910 3953 1096 4059 χαρακτὴρ
1130 3949 1411 4056 ἀπαράλλακτος
1441 3953 1501 4034 διὰ

300 4087 407 4159 τοῦτο
425 4077 595 4184 ῦπόρχων
608 4079 689 4158 “Ὁ
703 4078 867 4181 ἑωρακὼς
883 4077 954 4176 ε’μὲ,
967 4081 1094 4184 φησὶν,
1110 4076 1243 4180 ἑώρακε
1259 4073 1323 4156 τὸν
1336 4077 1497 4180 Πατέρα,
1517 4114 1564 4172 30

301 4211 324 4250 “
340 4202 412 4304 ἐγὼ
440 4205 498 4283 καὶ
522 4185 547 4284 ό
572 4200 702 4306 Πατὴρ
728 4203 765 4282 ἕν
787 4203 925 4302 ἐσμεν,”
945 4202 1047 4301 ἡμεῖς
1074 4198 1112 4281 δὲ
1139 4201 1220 4282 είπὲ
1241 4235 1312 4300 μοι,
1332 4207 1362 4281 εί
1389 4202 1502 4286 οὕτως

300 4325 411 4428 ἑσμὲν
443 4330 481 4408 ἑν
513 4329 620 4436 αὐτῷ,
650 4325 777 4433 ἑχομίν
807 4359 846 4406 τε
882 4323 991 4406 αῦτῦν
1024 4327 1063 4406 ἑν
1094 4325 1240 4423 ἑαυτοῖς,
1273 4323 1399 4429 ῶσπερ
1437 4325 1502 4406 οῦν

336 4568 363 4623 8.
381 4567 427 4622 οῦκ
439 4566 469 4639 ἑξ
480 4567 526 4623 οῦκ
538 4566 571 4622 Ε.
695 4585 721 4640 9.
739 4566 832 4639 πρέπει
845 4566 878 4623 Ε.
1000 4565 1041 4620 18.
1058 4563 1175 4634 διὴρηται
1188 4561 1221 4620 E.
1277 4560 1417 4632 συνοινίαῃ
1431 4559 1464 4618 Ε.
