3118 5132
61 349 114 415 xiii.
125 353 177 438 38.
354 351 415 416 IN
446 351 480 417 S.
505 349 761 416 JOANNEM.
807 350 902 416 LIB.
926 349 986 414 IX.
1203 349 1270 416 39⁷

60 517 217 618 κρείττων
235 516 317 624 ἔσῃ
344 523 421 596 τῶν
442 515 626 614 ε’σομε’νων
644 513 938 613 ἀπολαμβάνεις,
972 511 1073 592 ἀλλά
1096 519 1162 593 τοῦ
1186 547 1266 594 πει-

60 649 192 740 ρασμοῦ
210 639 261 721 τὸ
281 639 408 744 βάρος
427 641 492 719 οῦκ
510 639 720 721 ἐπίστασαι·
750 639 792 718 οῦ
817 636 889 742 γάρ
914 636 1097 741 ἀραρότως
1119 637 1267 740 προκεί-

61 797 148 844 σεται
177 763 229 845 τῦ
262 771 416 861 παθεῖν,
447 766 510 844 σοὶ
542 761 581 844 δὲ
612 761 655 843 τῦ
684 767 962 870 μικροψυγρῦσαι
994 763 1079 842 λίαν
1111 762 1169 841 καί
1202 761 1270 866 οῦχ

62 887 158 969 ἑκόντι
187 886 456 988 συμβήσεται,
482 889 541 968 καὶ
568 888 683 1002 ἀρνήσῃ
711 921 757 993 με
784 893 862 995 τρίς,
883 888 943 966 καὶ
970 887 1008 967 ἐν
1036 887 1135 966 νυκτί
1163 893 1302 964 τοῦτοί)

41 1012 133 1092 Ξείπὸ
168 1019 259 1120 μιᾷ.
325 1011 437 1092 ταυτί
472 1045 550 1095 πως
590 1009 730 1090 οἴεσθαι
771 1009 891 1112 λέγειν
927 1007 1171 1109 ίποταπητέον
1206 1007 1271 1088 τὸν

62 1137 210 1284 Ἰγοοῦν·
248 1134 450 1234 θαυμάσαι
474 1133 589 1236 γεμὴν
606 1136 674 1214 κάν
692 1133 810 1242 τούτῳ
832 1131 878 1284 δὴ
902 1133 1017 1214 πόλιν
1034 1131 1101 1233 τὴν
1119 1135 1272 1213 ε’νοῦσαν

63 1258 473 1412 mntp'fflwsspnmt'av
499 1257 614 1365 ἀξιον·
653 1256 873 1361 προειρηκὼς
904 1257 986 1361 γάρ,
1014 1255 1070 1338 ότι
1099 1261 1151 1364 τῷ
1179 1254 1272 1364 τόνιρ

63 1388 113 1481 τῆς
147 1383 320 1484 ἐνούσης
358 1383 456 1490 αύτῷ
485 1382 743 1535 προθυμίας
721 1417 745 1481 η
780 1386 844 1482 τῆς
878 1385 1003 1489 ψυχῆς
1041 1382 1108 1485 οὐχ
1146 1379 1273 1486 ἕψεται

64 1507 214 1607 δύναμις,
242 1505 409 1588 ὀκλάσει
433 1503 550 1608 γεμὴν
573 1541 632 1586 και
619 1505 854 1586 ῦπενδιόσει
879 1515 1067 1604 τοσοῦτον,
1094 1502 1189 1584 ὥστε
1214 1507 1273 1583 καὶ

34 1629 144 1732 ατρὸς
167 1631 297 1732 μόνον
315 1633 480 1710 ἀπειπεῖν
498 1628 562 1710 τὸν
579 1639 644 1710 τοῦ
667 1630 831 1711 κινδύνου
855 1629 986 1738 φόβον,
1005 1628 1106 1710 οὐδὲν
1124 1629 1270 1729 ε’πιγπεί-

65 1769 160 1853 λησε,
190 1755 256 1836 διὰ
290 1761 403 1834 τοῦτο
432 1751 554 1858 τυχὸν,
583 1757 631 1839 ὡς
663 1755 740 1834 οὐδ’
771 1751 840 1834 ὑπὸ
871 1753 969 1834 θείαν
996 1753 1099 1834 ἔσται
1132 1754 1275 1855 κίνησιν

65 1879 165 1980 λε’γει·
213 1881 282 1959 καί
316 1875 380 1957 διά
408 1878 517 1957 ποίαν
549 1877 665 1958 αἰτίαν
684 1938 1269 1960 ................................

65 2003 213 2084 παθόντι
238 2005 289 2083 δέ
308 2035 347 2082 τι
365 2008 439 2082 τῶν
457 2001 693 2104 ἀνθρωπίνων
709 2002 773 2081 οῦκ
791 2002 1008 2082 ἐπανατείνει
1024 2001 1090 2104 τὴν
1108 2001 1305 2084 κόλασιν.ο

66 2127 133 2230 ᾔδει
168 2128 250 2230 γὰρ
288 2129 525 2206 ἀσθενοῦσαν
556 2123 607 2204 ἔτι
643 2124 710 2225 τὴν
742 2124 869 2232 φύσιν,
901 2129 960 2206 καί
997 2127 1040 2206 οῦ
1077 2126 1275 2227 δυναμένην

33 2253 218 2352 ὶὸἔεεγκεῖν
238 2259 310 2331 τοῦ
331 2247 489 2332 θανάτου
507 2245 574 2347 τὴν
591 2247 756 2349 ἀπειλήν.
795 2251 895 2330 οὔπω
921 2247 993 2353 γάρ
1016 2251 1115 2331 οὔπω
1138 2285 1272 2353 κατηρ-

70 2377 218 2476 ημεῦος
249 2371 315 2454 διὰ
342 2376 407 2472 τῆς
434 2371 669 2456 ἀναστάσεως
696 2374 816 2470 αὐτοῦ,
835 2378 899 2472 τῆς
927 2374 1097 2454 ἁπάντων
1121 2376 1277 2459 διανοίας

74 2497 372 2602 κατεθρασύνετο,
392 2497 450 2576 καί
476 2494 594 2581 ίκανῦς
618 2493 664 2596 ἦν
686 2496 738 2576 ἔτι
762 2499 820 2578 καί
844 2495 944 2606 μόνιρ
969 2503 1196 2602 συνθραῦσαι
1223 2510 1276 2607 τῷ

72 2625 201 2720 δᾶμιπι
232 2624 298 2702 καί
324 2618 389 2700 τὸν
414 2618 564 2726 σφόδρα
588 2617 750 2700 νεανικόν
774 2623 835 2700 καὶ
857 2619 972 2703 δεινὸν
994 2627 1043 2706 είς
1068 2623 1272 2721 εὐτολμίαν.

69 2756 242 2829 παθοῦσα
260 2742 338 2848 γὰρ
356 2741 457 2847 παρά
479 2743 594 2850 φύσιν
611 2744 633 2844 ἦ
660 2741 773 2851 φύσις
797 2743 862 2824 τὸν
880 2745 1045 2846 θάνατον,
1064 2750 1113 2832 ὡς
1135 2781 1272 2848 νενικη-

39 2873 138 2952 αιότι
165 2873 400 2974 παραχωρεῖ,
427 2873 573 2965 μᾶλλον
600 2867 638 2946 δὲ
665 2867 865 2974 παρεχώρει
893 2866 985 2948 τότε·
1020 2870 1277 2978 διαῤῥήξαντος

69 2995 101 3074 δὲ
131 3004 201 3076 τοῦ
236 2995 414 3094 Σωτῆρος
445 2990 546 3089 ἡμῶν
577 2989 624 3072 τά
655 2991 787 3072 ἐκείνου
818 2991 948 3093 δεσμά,
980 2993 1114 3096 γλυκῦς
1145 2995 1310 3078 ἀναπέ-ιί

69 3127 201 3223 φανται
243 3121 322 3199 τοῖς
361 3116 532 3264 ἀγαπῶσι
568 3113 810 3220 Χριστον,’
781 3149 812 3195 ει
848 3119 907 3198 καὶ
944 3119 1090 3220 προσίοι
1125 3123 1274 3220 πικρῶς

69 3239 336 3339 ἀντεισβέβηκε
370 3236 442 3342 γάρ
474 3238 496 3339 ἡ
529 3239 668 3325 αίιόνιος
699 3239 852 3344 ζωὴ,
816 3274 858 3320 το
891 3275 955 3340 της
987 3245 1127 3348 φθορᾶς
1160 3273 1276 3343 παρα-

68 3369 213 3446 λύουσα
238 3357 386 3466 κράτος.
426 3361 556 3442 οίεσθω
582 3361 620 3443 δε
644 3361 758 3444 πόλιν
776 3365 929 3444 ἐνταῦθα
951 3367 1072 3465 μηδεις
1098 3364 1281 3468 ἦρνῆσθαί

33 3525 102 3580 ,ςτε
118 3494 181 3572 καὶ
202 3489 391 3586 ἀτονῆσαι
408 3484 471 3565 τὸν
492 3487 643 3591 Πέτρον,
663 3485 782 3566 διά
746 3521 788 3567 το
812 3490 910 3592 ῥῆμα
928 3493 1106 3591 Χριστοῦ·
1141 3489 1184 3569 οῦ
1205 3486 1277 3592 γάρ

69 3615 235 3720 ἀνάγκην
253 3612 528 3706 ἐπιτιθεὶς,ἀλλ
451 3610 682 3690 αλλοῦδε’
663 3645 703 3692 εκ
723 3612 807 3708 βίας
826 3611 990 3690 ελκων’
961 3645 1010 3696 εις
1028 3645 1071 3692 το
1053 3609 1274 3695 παθεῖν
1232 3647 1279 3692 τα

68 3748 220 3820 τοιαῦτα
207 3735 370 3842 ’φησιν’
399 3731 525 3812 ἀλλ’
506 3767 594 3837 οπερ
612 3730 758 3834 οίδεν,
735 3769 783 3818 ως
802 3733 906 3834 Θεὸς,
925 3733 1070 3822 ποίντως
1089 3741 1147 3818 καὶ
1165 3739 1279 3835 ἀναμ-

69 3861 282 3970 φελάγως’
261 3857 437 3956 εσόμενον
454 3857 626 3961 προλέγει
644 3893 696 3966 τερ
678 3864 868 3964 μαθητῇ.

130 3981 295 4082 Επειδὴ
334 3978 372 4059 δε
412 3979 459 4060 τά
493 3987 568 4064 τοῖς
609 3983 851 4087 ἀρχαιοτεροις
888 3982 1150 4083 συμβεβηκότα
1186 3981 1278 4084 πρὸς
1327 3993 1405 4044 zoor.

1324 4073 1401 4111 ΗΚ.

36 4111 268 4194 Ξεουθεσάιν
295 4109 371 4186 τῶν
398 4104 474 4204 μετ’
501 4099 629 4190 αὐτοῦς
656 4105 935 4256 ἀναγέγραπται,
964 4107 1050 4212 φερε
1078 4103 1122 4204 δή
1149 4139 1184 4184 τι
1213 4105 1275 4182 λε-
1292 4147 1310 4192 0

68 4269 185 4334 γομεν
202 4237 286 4314 τεῦν
306 4225 515 4330 ἀναγκαίων
537 4233 586 4314 είς
611 4228 738 4330 ὄνησιν
756 4231 796 4310 ἐκ
822 4237 886 4311 τοῦ
914 4229 1114 4338 κεφαλαίου
1138 4260 1276 4328 κεκινη-

68 4361 170 4456 „im
212 4356 262 4438 οὐ
291 4351 368 4460 γάρ
397 4347 497 4452 οἶμαι
524 4355 597 4432 δεῖν
620 4348 920 4457 ἀπαγγέλλεσθαί
943 4387 978 4434 τι
1005 4349 1204 4456 προχείρως
1229 4359 1282 4460 τῷ

167 4608 212 4650 ιτ.
235 4589 293 4647 Est
307 4601 430 4642 vacuum
443 4591 470 4638 et
482 4583 511 4638 in
523 4583 556 4640 E.
906 4599 950 4640 οε.
968 4580 1130 4654 δνοπὲφαεαι
1143 4579 1177 4638 Ε.
