3118 5132
71 327 118 388 nv.
129 349 160 414 9.
394 334 479 399 IN
523 333 568 400 s.
596 333 852 404 ιοκΝΝΕΜ.
899 339 993 405 LIB.
1018 341 1079 405 1x.
1296 345 1360 407 ιιι

66 491 175 594 λόγον,
195 499 244 578 ἐκ
276 503 368 600 τῆς
408 501 585 584 οὐσίας
612 507 826 603 γεννηθῆναι
848 504 1079 590 πιστεύοντες
1103 514 1168 586 τοῦ
1188 510 1284 586 θεοῦ
1303 509 1361 586 καί

65 620 197 724 Πατρός
241 623 371 706 ’Υἰόν
427 629 629 724 ἀληθῶς,
669 630 727 706 καί
763 627 859 709 Θεὸν
894 632 933 710 έκ
971 635 1067 710 Θεοῦ
1103 628 1195 711 κατὰ
1231 630 1356 738 φύσιν.

61 747 215 842 όληθειίει
257 749 363 855 γὰρ
410 752 572 833 οὕτως
602 749 772 856 ὑπάρχων
799 755 863 833 καί
888 753 1073 858 χαρακτὴρ
1103 758 1162 834 καί
1190 755 1361 854 ὁμοίωσις

60 879 110 950 τοῦ
136 879 249 956 Θεοῦ
295 878 385 956 καὶ
432 870 619 975 Πατρός
650 875 769 977 λέγων
798 877 843 958 ‘O
874 875 1028 984 ἕωριικῦε
1061 877 1122 984 ἐμὲ
1152 881 1277 988 ἕιόριικι
1308 879 1360 960 τίν

41 999 196 1106 ΞΠιιτέρα·
242 999 358 1087 πῶς
401 999 499 1079 οὖν
535 995 657 1100 λέγεις
675 1001 789 1107 Δεῖξον
814 1006 887 1108 ἡμῖν
912 999 965 1082 τίν
984 1000 1143 1110 Πιιτέριις
1177 1001 1264 1110 έξῦν
1288 1001 1392 1106 γάρᾶ

60 1119 93 1222 δή
113 1158 184 1223 σοι,
215 1128 404 1232 φησὶν,
446 1119 489 1202 ὦ
525 1119 702 1215 Φίλιππε,
725 1124 793 1225 τὴν
815 1133 879 1206 τοῦ
906 1125 1052 1228 Πατρός
1079 1129 1118 1206 έν
1142 1129 1219 1226 έμοί
1246 1162 1358 1208 κατα-

60 1246 276 1332 θεάσασθαι
314 1248 509 1358 φύσιν,
534 1248 594 1325 καί
620 1247 664 1354 ἐξ
686 1244 735 1328 ὧν
758 1247 864 1333 αῦτός
891 1255 961 1349 εἰμι
986 1251 1266 1332 διασκέπτεσθαι
1296 1251 1359 1332 τὸν

60 1375 282 1480 γεννήτορα·
325 1368 544 1480 πέφηνά
568 1405 608 1450 τε
629 1370 701 1475 γάρ
725 1377 783 1453 καί
808 1377 878 1470 εἰμί
903 1372 994 1454 κατά
1020 1375 1269 1476 ἀλήθειανκαὶ
1294 1379 1358 1476 τῆς

61 1501 173 1585 οἰοίας
207 1503 369 1582 αὐτοῦ
411 1493 635 1602 χαρακτὴρ
662 1495 945 1601 ἀπαράλλακτος
971 1501 1029 1578 καί
1057 1497 1160 1578 εἰκὼν
1187 1498 1355 1604 ἐμφερὴς,

33 1652 53 1692 10
63 1622 139 1724 ὅλην
171 1629 220 1706 έν
264 1627 481 1729 ἐμαυτῷ
528 1616 597 1718 τὴν
627 1629 691 1700 τοῦ
724 1627 822 1702 Θεοῦ
854 1625 913 1702 καί
946 1623 1094 1726 Πατρός
1125 1622 1358 1729 ἐγχαράττων

64 1749 182 1853 φῦσιν·
242 1756 400 1832 ποῖον
455 1744 524 1823 ἔτι
561 1747 623 1842 τῆς
665 1748 838 1832 θεοπτίας-
871 1745 1100 1850 ἐπιζητήσας
1141 1746 1186 1828 ἀν
1222 1747 1358 1852 τρόπον

66 1875 192 1978 ἕτερον,
233 1875 279 1956 εἴ
327 1907 393 1975 γε
442 1902 522 1950 σοι
555 1867 697 1969 προσὸν
727 1873 843 1978 ὁρῷτο
873 1870 916 1950 τὸ
950 1870 997 1951 τὰ
1029 1869 1147 1952 εἰκότα
1181 1871 1357 1954 δύνασθαι

69 2003 233 2102 φρονεῖν,
255 1997 289 2100 ἢ
317 1995 478 2080 ποίαν
503 1990 584 2072 εἰπέ
596 2027 657 2091 μοι
676 1996 825 2098 θεωρίαν
842 2001 975 2092 αἰτεῖς,
1008 1991 1078 2098 ἀρα
1099 1993 1149 2096 μὴ
1174 1997 1357 2098 κρείττονα

72 2127 123 2201 καί
144 2119 500 2229 ἀκριβεστέραν
519 2115 582 2195 οἰει
605 2115 774 2198 δεδόσθαι
798 2127 872 2203 τοῖς
897 2119 1148 2224 ἀρχαιοτέροις,
1168 2119 1227 2198 ὅτε
1250 2120 1385 2200 κατέ-ο

40 2253 140 2346 1ᾶβην
159 2251 205 2328 έν
228 2249 341 2329 ε’ίδει
378 2236 525 2343 πυρὸς
550 2242 606 2320 ε’πί
631 2239 672 2322 τό
698 2241 780 2345 ὅρος
804 2243 846 2323 τὸ
873 2249 985 2342 Σινᾶ;
1016 2241 1114 2325 πολῦ
1137 2242 1211 2347 γάρ
1235 2244 1356 2350 αῦχεῖν

77 2371 130 2449 ε’τὶ
148 2372 296 2480 τοῦπερ
323 2367 388 2468 δὴ
416 2361 597 2464 μάλιστα
616 2374 690 2451 τοῖς
707 2368 892 2452 Ἰουδαίοις
910 2370 947 2448 έν
966 2367 1048 2450 έθει.

130 2501 273 2579 Ταυτὶ
304 2493 398 2593 μὲν
433 2489 531 2572 ἴσως
557 2489 821 2591 ὑπονοήσωμεν
843 2487 888 2571 ἀν
909 2491 1020 2596 τυχὸν
1044 2489 1237 2598 διειλέχθαι
1262 2495 1353 2596 Χρι·

88 2619 192 2700 οτόν·
249 2620 323 2700 ὅτι
367 2616 416 2694 δ’
454 2611 521 2690 οῦν
548 2615 702 2714 ἀμείνων
730 2620 779 2699 εἰς
810 2623 951 2718 γνῶσιν
982 2615 1048 2716 τὴν
1076 2623 1141 2696 τοῦ
1171 2621 1267 2696 Θεοῦ
1296 2619 1355 2696 καὶ

95 2743 272 2849 Πατρός,
314 2743 346 2841 ἡ
391 2743 480 2818 τῶν
511 2736 729 2845 παραδόξων
762 2739 928 2847 ἐπίδειξις
957 2748 1022 2820 τοῦ
1055 2743 1222 2844 Σωτῆρος
1254 2740 1355 2839 ἡμῶν

62 2869 299 2968 20Χριστοῦ,
321 2868 409 2963 τῆς
432 2862 473 2940 έν
490 2866 541 2968 τῷ
566 2860 640 2964 ὄρει
658 2867 759 2970 Σινᾷ,
779 2869 908 2968 χρῆναι
932 2868 1005 2944 δεῖν
1024 2861 1272 2963 ὑπολαμβάνω
1296 2869 1354 2944 καί

102 2999 165 3071 νῦν
188 2994 298 3092 ἡμᾶς
326 2983 550 3067 ἀοκνότατα
574 2986 706 3087 λέγειν.
746 2987 830 3095 ὄψει
853 2987 926 3092 γάρ
950 2990 1043 3068 οὕτω
1067 2984 1131 3067 τόν
1151 2987 1351 3086 Φίλιππον,

103 3112 412 3218 παρακειμένης
448 3109 545 3217 αὐτῷ
582 3115 645 3210 τῆς
682 3115 839 3211 ἀληθοῦς
875 3111 1019 3210 εἰκόνος,
1052 3113 1116 3191 οῦκ
1152 3110 1354 3211 ἀναγκαίως

109 3239 347 3339 αἰτήσαντα
378 3229 452 3331 τὴν
469 3233 703 3338 ἑτερότροπον
725 3236 875 3340 θεωρίαν
892 3245 956 3316 τοῦ
982 3242 1078 3316 Θεοῦ
1106 3237 1164 3313 καί
1192 3229 1383 3335 Πατρός,ιι
1403 3253 1520 3310 ’18οΔ

874 3357 1003 3388 *KV

111 3359 135 3460 ἦ
166 3367 234 3443 καί
265 3365 360 3442 τοῖς
392 3357 636 3461 ἀρχαιοτέροις
663 3357 769 3460 έδόθη
797 3395 889 3440 κατα
915 3395 957 3440 το
980 3394 1062 3462 ορος
1084 3363 1185 3438 Σινῦ·
1217 3356 1351 3458 κατέβη
1396 3360 1495 3477 Ξζῗῗχ

65 3503 97 3562 ²5
108 3486 186 3584 μέν
209 3485 298 3590 γάρ
333 3484 415 3562 ἐκεῖ
437 3481 568 3583 Κύριος
593 3483 631 3562 έν
656 3481 737 3582 εἰδει
762 3482 885 3586 πυρός,
907 3481 1001 3564 καθοί
1028 3483 1239 3587 γέγραπται,
1262 3487 1350 3563 θεω-

105 3611 302 3710 ρούντων
333 3603 506 3705 δηλονότι
533 3613 606 3686 τῶν
631 3607 675 3713 ἐξ
695 3607 861 3711 Ἰσραήλ.
902 3608 987 3687 ἀλλ’
1008 3609 1072 3689 οῦκ
1099 3605 1145 3688 ἀν
1173 3604 1274 3707 οἰμαί
1299 3641 1353 3692 τις

105 3733 180 3814 διὰ
204 3731 364 3814 τούτου
381 3733 429 3811 εἰς
453 3730 587 3814 ἐννοίας
613 3733 759 3829 ἀληθεῖς
784 3729 916 3812 ἐλάσαι
940 3730 1028 3812 ποτέ
1053 3731 1117 3817 τοίς
1140 3735 1221 3834 περὶ
1238 3737 1349 3828 Θεοῦ,

102 3859 250 3962 ἤγουν
273 3859 334 3938 εἰς
358 3849 426 3952 τὴν
444 3858 489 3958 τῇ
513 3852 653 3954 θεότητι
676 3855 890 3958 πρέπουσαν
906 3853 1136 3956 ἀναπηδῆσαι
1161 3855 1349 3959 διάληψιν·

99 3989 203 4068 πῶς
225 3977 318 4082 γὰρ
340 3974 436 4060 όλως
455 3976 513 4056 διοί
534 3975 657 4080 πυρός,
676 3975 837 4082 καθάπερ
862 3976 935 4058 ἀπό
960 4012 1055 4062 τινος
1081 3977 1222 4074 εἰκόνος,
1242 3977 1352 4074 ἰοιμεν

47 4135 86 4188 30
102 4103 166 4186 ἀν
208 4105 284 4184 ε’πί
326 4097 369 4178 τὸ
407 4099 617 4204 ἀρχέτυπον,
648 4103 823 4198 τουτέστι,
855 4101 919 4181 τὸν
949 4099 1096 4203 Πατέρα
1132 4101 1189 4179 καί
1227 4097 1347 4195 Θεόν;

103 4225 284 4334 ἀγαθὸς
326 4219 392 4322 μέν
423 4221 495 4326 γάρ
527 4226 547 4303 ὁ
581 4220 674 4310 Θεῦς
706 4231 752 4331 τῇ
784 4225 905 4332 φύσει,
938 4227 996 4304 καί
1033 4222 1125 4326 πρός
1161 4255 1202 4324 γε
1236 4221 1351 4329 τούτῳ

155 4499 189 4554 8.
215 4489 407 4562 m’Migne.
507 4509 547 4548 11.
566 4493 727 4564 ι’πιζητὴσεις
740 4493 773 4548 Ε.
878 4509 918 4564 13.
938 4491 987 4562 ὅρα
999 4490 1031 4547 Ε.
1135 4503 1176 4561 17.
1195 4487 1274 4562 τυχὸν
1287 4489 1350 4545 ῦπο·

113 4569 277 4639 „finam
290 4562 326 4616 ἂν
338 4563 419 4632 τυχὸν
431 4559 462 4615 Ε.
572 4566 614 4619 28.
633 4567 679 4635 τῆς
690 4567 810 4632 θεότητος
823 4563 856 4620 Ε.

166 4667 259 4716 vm„
276 4663 321 4710 n.
740 4667 759 4732 3
776 4666 789 4708 1
