3142 5118
72 356 165 425 ιι,
231 341 879 412 1N8.10ANNEM.1‚113V1
925 345 1079 412 CARI.
1203 343 1268 408 τοο

66 543 159 592 ms·
169 511 342 664 εἰρηκιης
371 513 465 599 τοὺς
494 515 618 621 ἄρχειν
642 515 822 621 λαχόντας
847 521 959 594 λαῶν·
998 509 1175 618 ἐφρόνουν
1196 509 1268 614 γὰρ

63 635 105 710 ’σῖ
120 633 231 743 τούτῳ
256 639 363 740 με’γα
389 673 431 718 τι
459 674 520 718 και
507 639 774 746 ἐξαίσιον·’
753 641 995 742 αναγκαίωςο
981 635 1188 740 Κόριος“
1167 641 1269 736 ημῶν

62 757 228 856 Ἰητοῡςό
250 762 448 866 Χριστὸς,
468 767 529 843 καὶ
553 763 667 871 ταύτῃ
690 763 803 846 πάλιν
827 766 946 844 αὐτῶν
968 797 1014 868 τῃ
997 759 1269 862 διενθυμήσει

58 883 253 987 μαχόμενος,
265 887 484 992 εἰσκομίζει
501 890 691 992 χρησίμως
708 888 774 989 τὴν
788 886 1017 991 παραβολὴν,
1029 883 1270 988 άμυδρότερόν

38 1039 120 1094 ὅπως
150 1013 208 1088 καὶ
245 1014 299 1094 ῶς
334 1015 379 1091 ἐν
412 1013 629 1114 αἰνίγμασιν
658 1015 849 1114 ὑποδηλῶν
877 1016 925 1098 ῶς
958 1013 1025 1116 οὐχ
1057 1011 1205 1118 ἕξουσιν
1231 1011 1271 1090 ἐκ

57 1135 252 1241 τλεονιξίας
272 1137 322 1214 τὸ
344 1141 599 1238 καθηγεῖσθαι
616 1138 781 1232 βεβαίως,
800 1139 884 1216 ἀλλ’
902 1135 982 1216 οὐδὲ
1000 1133 1133 1236 πάγιον
1151 1137 1270 1219 αὐτοῖς

56 1259 242 1358 προσίστω
270 1258 321 1339 τὸ
350 1259 510 1367 ἀξίωμα
534 1258 598 1340 τόν
614 1259 741 1341 τούτου
758 1265 893 1365 δοτῆρα
911 1260 975 1340 τὸν
994 1259 1091 1341 Θεὸν
1109 1260 1153 1366 ἐξ
1172 1264 1265 1339 ἀλα-

57 1383 170 1484 ζουείις
197 1383 423 1488 ὑβρίζουσι·
466 1382 628 1464 διδάσκει
652 1381 689 1465 δέ
715 1384 769 1465 ότι
790 1393 896 1465 τοῦτο
921 1383 1125 1487 προσέστω
1149 1383 1270 1482 μόνοις

57 1515 115 1590 τοῖς
140 1513 182 1587 δι’
202 1513 330 1589 αὐτοῦ
366 1509 609 1607 καλουμένοις
637 1513 685 1592 εἰς
709 1515 810 1589 λαῶν
832 1510 1033 1611 ἡγεμονίαν.
1073 1509 1171 1616 θόριιν
1184 1533 1299 1592 ,τοι-θ

25 1642 175 1734 ιιγοραῖν
192 1632 339 1714 ἑαυτὸν
361 1631 463 1712 εἶναί
486 1641 604 1737 φησιν
622 1633 837 1739 εἰσφέροντα
863 1631 921 1712 διὰ
946 1637 1083 1732 βουλῆς
1108 1635 1198 1718 ἰδίας
1222 1639 1271 1716 εἰς

59 1755 91 1834 τὸ
114 1763 368 1861 καθηγεῖσθαι
397 1757 579 1856 ποιμνίων
604 1763 676 1836 τῶν
698 1764 857 1860 λογικῶν
877 1756 942 1838 τὸν
961 1755 1184 1857 ἐπιστήμονα
1213 1762 1270 1836 καὶ

61 1881 232 1986 φιλόθεον.
282 1883 460 1975 κλέπτην
487 1879 526 1960 δέ
552 1885 611 1960 καὶ
640 1881 767 1996 ληατῆν
791 1883 970 1961 ἀποκαλεῖ
993 1884 1050 1961 καί
1075 1879 1272 1980 ἀλλαχόθεν

63 2008 288 2094 ἀναβαίνοντα
320 2004 395 2086 τὸν
426 2007 466 2084 ἐκ
496 2005 579 2098 βίας
611 2009 668 2086 καί
698 2007 904 2108 τυραννίδος
935 2004 1002 2105 τὴν
1028 2007 1071 2085 οὐ
1103 2011 1272 2086 δοθεῖσαν
1351 2101 1356 2110 .

65 2129 144 2236 α’πᾷ
172 2129 288 2230 τιμὴν
322 2131 512 2210 δύνασθαι
531 2135 672 2242 1λαβεῖν
703 2129 873 2228 οἰόμενον,
905 2132 1024 2210 ὁποῖοί
1051 2165 1143 2216 τινες
1175 2128 1273 2231 ἦσαν

31 2259 131 2354 ιςτιρί
153 2250 205 2332 ῶν
227 2253 360 2354 δι’γπου
387 2257 488 2357 φησί
513 2253 594 2332 διἰ
576 2253 654 2338 ενὸς
678 2261 751 2334 τῶν
772 2261 981 2406 προφητῶν,
1001 2254 1055 2335 ότι
1075 2265 1095 2303 “
1111 2256 1267 2349 Ἐβασί·
1317 2246 1437 2298 ΗΜ

68 2389 86 2422 “
100 2389 231 2460 λευααν
254 2383 321 2459 καὶ
349 2380 396 2458 οὐ
423 2378 505 2458 δι”
487 2386 584 2477 εμοῦ,
603 2375 717 2485 ἧρξαν
743 2382 802 2458 καί
829 2413 870 2458 ου
858 2379 955 2458 ’διὰ
977 2413 1041 2459 του
1025 2379 1329 2492 Πνεόμοτός
1315 2327 1359 2429 E}
1372 2393 1429 2428 ¹¹¹·

72 2507 198 2598 “pom’'
241 2507 449 2584 αἰνίττεται
487 2501 524 2582 δέ
563 2501 622 2581 διὰ
659 2502 796 2583 τούτων
826 2506 874 2586 ῶς
906 2503 1002 2606 εἰπερ
1035 2504 1155 2586 αὐτοῖς
1187 2504 1268 2583 καθ’
1282 2530 1301 2570 a
1318 2456 1438 2572 1⁰³⁸ss

73 2625 247 2776 ἠδηνηζν
210 2663 256 2706 το
283 2625 520 2730 ἡγεμονεύειν
538 2629 617 2708 ἐστὶ
643 2634 716 2707 τῶν
734 2634 844 2726 λαῶν,
864 2629 984 2728 δεήσει
1005 2629 1272 2711 πιστεύσαντας

74 2751 123 2828 καὶ
139 2785 180 2831 το
161 2751 299 2832 θεῖον
317 2749 707 2856 παραδεξαμένονς’
662 2777 829 2857 κηρυγμα
857 2753 899 2832 δι’
920 2753 1029 2832 αυτοῦ
1052 2785 1145 2855 προς
1167 2785 1288 2832 τουτο·

38 2875 222 2974 mamea,
240 2877 304 2956 ἵνα
332 2877 393 2955 καί
418 2873 619 2974 άκλόνητον
641 2879 699 2954 καί
725 2883 846 2961 καλῶς
871 2879 1059 2980 ἱδρυμένην
1077 2876 1190 2981 ἔχοιεν
1207 2873 1273 2974 τὴν
1293 2969 1296 2976 1

75 2997 237 3102 dmm&
267 2997 315 3098 δὴ
344 3001 404 3078 καὶ
432 2999 579 3101 γε’γονεν
601 2997 639 3079 ἐν
663 3033 701 3080 τε
727 3007 802 3085 τοῖς
826 3001 940 3102 ἁγίοις
965 3001 1196 3098 ἀποστόλοις,
1211 3003 1274 3080 καὶ

76 3130 141 3205 τοῖς
158 3124 233 3218 μετ’
253 3121 410 3207 ἐκείνους
426 3129 500 3202 τῶν
518 3121 630 3225 ἁγίων
648 3125 851 3223 ἐκκλησιῶν
869 3120 1118 3220 διδασκάλοις,
1139 3121 1191 3210 οῖς
1216 3127 1273 3204 καὶ

78 3245 240 3354 &Mc
265 3251 406 3348 ιἰιοίγει,
426 3245 667 3348 τουτίοτιν,ἢ
694 3249 715 3328 ὁ
743 3247 955 3350 τεταγμένος
981 3249 1138 3350 ἅγγελος
1160 3253 1208 3332 εἰς
1231 3245 1273 3326 τὸ

76 3377 148 3454 ταῖς
175 3371 390 3471 ἐκκλησίαις
416 3373 621 3450 ἐπιστατεῖν
648 3373 706 3450 καί
736 3371 980 3476 συμπράττειν
1007 3381 1081 3457 τοῖς
1109 3377 1273 3474 ἱερᾶσθαι

41 3509 65 3568 ²⁵
75 3503 254 3598 λαχοῦσιν
284 3501 336 3578 εἰς
367 3493 433 3578 τὰς
463 3501 536 3574 τῶν
565 3501 666 3574 λαῶν
699 3499 883 3604 ὠφελείας,
912 3495 936 3596 ἢ
968 3495 1081 3578 πάλιν
1113 3495 1218 3582 αὐτὸς
1251 3499 1271 3576 ό

76 3617 213 3722 Σωτὴρ,
243 3615 353 3703 αὐτὸς
388 3621 446 3697 καὶ
479 3617 557 3727 θόρα
589 3621 648 3698 καὶ
680 3624 743 3720 τῆς
780 3619 890 3722 θύρας
925 3619 1096 3726 ὑπάρχων
1125 3621 1269 3727 Κύριος.
1282 3639 1303 3703 b

73 3747 354 3824 ισταπείθεσθαι
387 3739 501 3846 γεμὴν
531 3746 589 3822 καί
621 3745 774 3825 ὑπείκειν
804 3746 919 3847 ὀρθῶς
950 3753 995 3852 τῇ
1027 3755 1091 3826 τοῦ
1122 3747 1267 3845 ποιμαί-

72 3899 196 3952 roms·
224 3873 333 3974 φωνῇ
361 3866 428 3965 τὴν
451 3875 524 3946 τῶν
549 3867 745 3972 προβάτων
769 3867 905 3972 άγέλην
933 3871 971 3950 εὖ
997 3867 1100 3970 μάλα
1127 3874 1269 3972 διισχυ-

68 3991 213 4094 ρίζεται,
239 3997 496 4094 παραιτεῖσθαι
526 3990 564 4072 δέ
594 3996 653 4073 καὶ
682 3993 767 4072 λίαν
798 3994 1101 4092 ἐσπουδασμένως
1131 3991 1184 4086 τῖρ
1212 3989 1273 4072 τῶν

28 4147 57 4204 ³0
69 4114 257 4224 ἁλλοτριιῖι
275 4112 393 4224 φονῆι,
412 4113 472 4195 ἵνα
488 4119 640 4218 πρᾶγμα
658 4121 739 4222 υοῇς
759 4117 891 4219 ἀληθὲς
909 4120 966 4200 ἐπὶ
984 4117 1026 4197 τὸ
1044 4115 1274 4220 γενικώτερον

69 4239 307 4322 ε’κτλατόνων
334 4245 401 4319 τοῦ
433 4237 549 4340 λόγου
579 4237 645 4339 τὴν
672 4241 833 4343 δύναμιν.
886 4241 1102 4340 διδάσκομεν
1131 4241 1203 4342 γὰρ
1236 4241 1274 4318 ἐν

103 4524 356 4592 wadnam.
511 4535 552 4590 13.
569 4517 662 4593 αὐ]μι)
646 4521 724 4590 vm
737 4521 819 4580 Cord.
965 4520 1273 4593 ι5.δὴπουο.πουΕά.

72 4591 289 4652 Modum.
408 4606 454 4646 21
473 4589 709 4661 κοὶιλ.]-Ι-ε’να

110 4695 231 4746 mn.
639 4693 692 4741 ΕΘ
