3248 5112
297 313 364 378 496
605 317 646 382 B.
669 315 879 383 CYRILLI
908 315 1197 383 ALEXANDR.
1376 315 1440 381 xiv.
1455 331 1512 399 23.

300 482 457 579 συνῆκεν
492 481 531 561 ἐν
562 483 701 588 ἀρχαῖς,
734 483 799 564 οὐκ
834 479 881 564 ἂν
914 483 1010 568 ὅλως
1044 487 1259 588 προσῆλθεν
1292 485 1435 586 ἐρωτῶν
1465 484 1515 561 Τί

299 598 431 704 γίγασι
468 603 515 685 ’ότι
554 609 627 709 ἡμῖν
663 603 809 712 μίλλιις
846 607 1040 717 ἐμφανίζειν
1071 607 1207 689 τιαυτλι
1246 613 1307 688 καὶ
1345 609 1420 704 ιόχλ
1458 612 1511 713 τῷ

301 727 444 834 κόσμῳ,
484 728 666 835 ίπηνέχθη
699 729 764 828 μέν
796 731 861 812 οὖν
888 730 932 812 τὸ
964 734 1050 838 τῇδε
1083 738 1187 830 νοεῖν,
1218 735 1343 814 κοινοῖς
1374 761 1413 808 τε
1444 731 1510 808 καὶ

299 849 507 948 εἰθισμένως
543 861 617 938 τοῖς
653 853 782 938 ἅλλοις
820 852 888 954 τῆν
925 857 964 936 ἐκ
1000 863 1064 935 τοῦ
1101 852 1276 954 ὀνόματος
1313 853 1509 953 σημασίαν

299 975 479 1070 ἐκλαβών·
516 976 657 1078 κόσμου
680 975 751 1082 γὰρ
779 977 859 1062 ἔθος
887 980 988 1059 ἐστὶν
1011 978 1097 1078 ἡμῖν
1121 976 1320 1080 ὀνομάζειν,
1342 975 1435 1057 κατά
1462 992 1545 1080 7⁶⁵

298 1094 362 1175 τόν
380 1098 524 1200 εότριβῆ
544 1105 601 1180 καὶ
626 1109 701 1186 τοῖς
724 1101 854 1187 άλλοις
877 1099 995 1183 ἅπασι
1020 1103 1252 1205 προκείμενον
1270 1099 1399 1205 λόγον,
1420 1099 1507 1186 τοὺς

131 1243 250 1301 83οι
269 1222 336 1301 αέν
358 1225 467 1303 παντὶ
495 1229 546 1332 τῷ
573 1221 702 1333 κόσμῳ
729 1223 851 1330 τυχὸν,
869 1225 995 1329 ὥσπερ
1023 1226 1135 1312 εἴτις
1163 1229 1222 1306 καὶ
1249 1225 1360 1306 πόλιν
1384 1223 1503 1339 λέγοι,

296 1344 380 1430 τοὺς
414 1346 506 1447 ὅλην
538 1354 722 1434 οἰκοῦντας
757 1349 823 1450 τῆν
855 1348 979 1432 πόλιν.
1030 1348 1132 1451 πλὴν
1164 1347 1406 1458 ἀξιοζήλωτος
1441 1355 1503 1429 καὶ

296 1478 409 1550 ταῖπα
434 1471 552 1574 λέγων
571 1475 591 1552 ὁ
613 1471 790 1574 μαθητής.
830 1473 933 1577 ἄθρει
957 1457 1030 1578 γδρ
1054 1474 1152 1560 ὅπως
1177 1475 1282 1575 ἡλίου
1306 1475 1407 1573 δίκην
1426 1480 1503 1558 τοῖς

296 1593 365 1673 ἀνὰ
391 1600 518 1676 πᾶσαν
542 1595 608 1696 τῆν
632 1601 703 1698 γῆν
729 1596 796 1697 τῆν
819 1607 884 1678 τοῦ
912 1603 1080 1700 Σωτῆρος
1105 1599 1359 1705 διαφαίνεσθαι
1387 1597 1502 1705 δόξαν
1521 1627 1564 1670 ¹0

296 1720 466 1816 ἐπιθυμεῖ
486 1720 599 1800 καίτοι
617 1727 690 1801 τῶν
708 1723 791 1802 καθ’
811 1721 938 1802 ἐαυτὸν
960 1728 991 1802 εί
1017 1721 1129 1820 μόνον
1147 1723 1298 1804 ἐποιεῖτο
1315 1719 1518 1825 πρόνοιαν,

296 1841 382 1948 ἐξῆν
409 1843 539 1947 ἔχοντα
570 1847 633 1944 τῆς
665 1843 835 1947 γνώσεως
867 1841 934 1944 τῆν
961 1845 1165 1952 ὑπόσχεσιν
1191 1847 1250 1926 ἐπὶ
1265 1844 1398 1944 ’μόνοις
1425 1853 1503 1929 τοῖς

297 1964 397 2048 ἰδίοις
421 1964 571 2064 ἥδεσθαι
595 1973 733 2049 καλοῖς.
773 1966 858 2045 ἀλλ’
880 1966 944 2046 οὐκ
973 1965 1111 2072 ἐξήρκει
1139 1964 1231 2069 πρὸς
1258 1965 1435 2064 θυμηδίαν
1455 1965 1501 2045 τὸ

297 2087 499 2190 ἰδιαζόντως
526 2085 652 2192 ὥσπερ
678 2091 775 2196 αὐτῷ
801 2087 1046 2190 δοθησόμενου
1062 2088 1213 2193 ἀγαθόν·
1245 2084 1365 2188 ἐπειδὴ
1390 2086 1501 2189 δέἦν

297 2209 468 2314 φιλόθεός
508 2246 547 2292 τε
588 2213 678 2310 ὁμοῦ
719 2215 778 2292 καὶ
821 2210 1062 2320 φιλάδελφος,
1103 2214 1392 2295 ἐκπλατιίνεσθαι
1432 2220 1499 2292 τοῦ
1518 2247 1532 2287 ι
1539 2243 1560 2304 5

263 2339 466 2437 όΣωτῆρος
490 2335 557 2436 τὴν
576 2336 687 2442 δόξαν
705 2339 876 2436 ἐπιθυμεῖ,
896 2335 1017 2438 κοινῆν
1040 2335 1079 2417 δέ
1107 2345 1180 2422 τοῖς
1204 2340 1375 2442 ἀδελφοῖς
1399 2369 1495 2440 προ-

297 2463 438 2538 κεῖσθαι
466 2457 533 2559 τῆν
559 2458 677 2564 χάριν.
728 2458 770 2539 τὸ
799 2459 872 2563 γάρ
902 2465 951 2545 εἷς
979 2468 1118 2564 γνῶσιν
1145 2462 1277 2565 ἀκριβῆ
1305 2465 1499 2540 καλεῖσθαι

298 2586 405 2680 θεοῦ,
429 2583 468 2663 τί
486 2579 531 2663 ἂν
552 2583 629 2688 ἐχοι
651 2581 693 2663 τὸ
716 2589 960 2683 ῖσοστατοῦν,

247 2839 471 2929 23ἰλιιεκρίθιι
502 2842 629 2908 Ἰιιοοῦι
664 2841 717 2907 καὶ
753 2835 843 2909 εἶπεν
879 2842 969 2928 αὐτῷ
998 2841 1082 2910 Ἐάν
1116 2866 1165 2910 τιι
1203 2841 1312 2935 ἀςαπᾷ
1352 2863 1403 2924 με,
1438 2843 1497 2913 τὸν

276 2973 281 2978 “
348 2966 445 3042 λόςον
471 2989 533 3044 μου
563 2967 710 3057 τιιριίσει,
737 2967 790 3034 καί
821 2970 840 3034 ό
870 2969 984 3058 Πατήρ
1015 2973 1077 3045 μου
1108 2968 1270 3044 ἆςαπιίσει
1301 2969 1410 3050 αὐτόν,
1441 2970 1555 3036 κοῖνα

347 3091 430 3182 πρόα
456 3091 556 3164 αὐτόν
581 3095 781 3172 ἐλευσόμεθα
809 3095 863 3160 καί
888 3097 992 3172 μονλν
1018 3097 1092 3185 παρ’
1119 3097 1208 3182 αὐτῷ
1231 3069 1446 3173 ποιησόμεθα.

352 3259 412 3337 Οὐ
446 3257 595 3364 σφόδρα
628 3259 783 3339 συνέντα
815 3258 1002 3363 θεωρήσας
1032 3256 1096 3339 τὸν
1126 3255 1299 3359 μαθητὴν,
1332 3257 1495 3339 ἐπάνεισι

265 3382 408 3462 απάλιν
427 3384 484 3463 ἐπὶ
511 3381 554 3462 τὸ
582 3385 619 3462 ἐν
644 3385 771 3488 ἀρχαῖς
798 3383 991 3486 εῖρημένον,
1010 3385 1070 3463 καὶ
1094 3379 1254 3464 διδάσκει
1280 3389 1422 3491 σαφῶς,
1445 3385 1494 3468 ὧς

294 3507 337 3584 οὖ
364 3504 455 3585 κατὰ
482 3505 596 3604 μόνην
617 3503 683 3605 τῆν
706 3508 744 3585 ἐν
769 3504 903 3607 είδῆσει
929 3503 1121 3607 νοουμένην
1144 3507 1349 3610 ἐπίγνωσιν,
1367 3507 1494 3588 ἐαυτὸν

292 3629 483 3738 ἐμφανίσει
511 3635 585 3713 τοῖς
610 3629 785 3731 γνησίοις,
804 3631 889 3708 ἀλλ’
910 3629 1089 3738 ἐξαίρετός
1113 3665 1167 3716 τις
1192 3631 1388 3714 αὐτοῖςκαὶ
1413 3633 1492 3738 οὐχὶ
1508 3664 1548 3724 ²5

292 3761 367 3838 τοῖς
385 3753 515 3836 ἄλλοις
532 3751 695 3855 ἐντριβῆς
721 3753 741 3831 ὁ
766 3756 830 3853 τῆς
856 3752 1076 3860 ἐλλάμφεως
1100 3753 1251 3862 ὑπάρξει
1274 3753 1418 3858 τρόπιος.
1458 3761 1493 3837 οῖ

293 3876 359 3977 μέν
382 3876 454 3983 γὰρ
481 3879 643 3980 ἀγελαῖοι
671 3874 792 3981 τυχὸν,
814 3879 872 3956 καὶ
900 3877 981 3980 ἄρτι
1007 3876 1119 3984 τυχὸν
1143 3881 1207 3978 τῆς
1234 3883 1308 3958 τῶν
1333 3879 1492 3960 εἰδώλων

292 4001 431 4102 ἀπάτης
454 3996 777 4108 ἀποφοιτῆσαντες,
797 3999 1007 4102 κεκλημένοι
1034 4035 1072 4082 τε
1095 3999 1187 4106 πρὸς
1211 4001 1406 4105 ἐπίγνωσιν
1426 4011 1492 4084 τοῦ

291 4124 384 4205 κατὰ
415 4123 530 4232 φύσιν
561 4121 664 4207 ὄντος
696 4127 800 4221 Θεοῦ,
833 4126 871 4204 ἐν
902 4129 1030 4231 ψιλοῖς
1045 4133 1121 4206 «καὶ
1153 4124 1337 4229 άζητήτοις
1366 4125 1490 4231 ἔχουσι

291 4254 485 4351 λογισμοῖς
510 4245 577 4348 τῆν
594 4251 729 4344 πίστιν,
752 4247 840 4327 αὐτὸ
866 4246 911 4346 δὴ
936 4255 1041 4328 τοῦτο
1065 4247 1240 4348 μαθόντες
1264 4255 1422 4354 φρονεῖν,
1442 4253 1490 4336 ὧς
1504 4285 1543 4342 30
1575 4335 1584 4340 ,

290 4382 312 4418 “
329 4370 431 4453 οὐδέυ
458 4369 607 4452 εἴδωλον
634 4373 671 4450 ἐν
698 4367 851 4478 κόσμιρ”
880 4369 1002 4474 τυχὸν,
1031 4369 1081 4456 εἷς
1115 4371 1153 4452 δέ
1184 4368 1294 4472 μόνος
1323 4373 1344 4452 ὁ
1378 4371 1490 4480 φιίσει

474 4567 515 4606 ιι.
534 4552 619 4620 μόνων
631 4547 664 4602 Ε.
888 4561 929 4618 25.
950 4549 1033 4606 ὁσίοις
1046 4549 1105 4619 (sed
1118 4549 1218 4621 οιτοιο)
1232 4549 1303 4606 Catt.
1324 4531 1329 4540 ¹
