<?xml version="1.0" encoding="UTF-8"?>
<!DOCTYPE html PUBLIC "-//W3C//DTD XHTML 1.0 Transitional//EN"
    "http://www.w3.org/TR/xhtml1/DTD/xhtml1-transitional.dtd">
<html xmlns="http://www.w3.org/1999/xhtml" xml:lang="en" lang="en">
 <head>
  <title>
</title>
<meta http-equiv="Content-Type" content="text/html;charset=utf-8" />
  <meta name='ocr-system' content='tesseract 3.04.00' />
  <meta name='ocr-capabilities' content='ocr_page ocr_carea ocr_par ocr_line ocrx_word'/>
</head>
<body>
  <div class='ocr_page' id='page_1' title='image "./sanctipatrisnos02pusegoog_0723.png"; bbox 0 0 3238 5114; ppageno 0'>
   <div class='ocr_carea' id='block_1_1' title="bbox 111 0 934 6">
    <p class='ocr_par' dir='ltr' id='par_1_1' title="bbox 111 0 934 6">
     <span class='ocr_line' id='line_1_1' title="bbox 111 0 934 6; baseline 0 0"><span class='ocrx_word' id='word_1_1' title='bbox 111 0 934 6; x_wconf 95' lang='lat' dir='ltr'> </span> 
     </span>
    </p>
   </div>
   <div class='ocr_carea' id='block_1_2' title="bbox 381 0 934 4">
    <p class='ocr_par' dir='ltr' id='par_1_2' title="bbox 381 0 934 4">
     <span class='ocr_line' id='line_1_2' title="bbox 381 0 934 4; baseline 0 0"><span class='ocrx_word' id='word_1_2' title='bbox 381 0 934 4; x_wconf 95' lang='lat' dir='ltr'> </span> 
     </span>
    </p>
   </div>
   <div class='ocr_carea' id='block_1_3' title="bbox 105 345 1307 419">
    <p class='ocr_par' dir='ltr' id='par_1_3' title="bbox 105 345 1307 419">
     <span class='ocr_line' id='line_1_3' title="bbox 105 345 1307 419; baseline 0.004 -10"><span class='ocrx_word' id='word_1_3' title='bbox 105 345 275 414; x_wconf 82' lang='lat' dir='ltr'>xvii.6-8.</span> <span class='ocrx_word' id='word_1_4' title='bbox 300 348 355 414; x_wconf 92' lang='lat' dir='ltr'>IN</span> <span class='ocrx_word' id='word_1_5' title='bbox 386 349 420 417; x_wconf 83' lang='lat' dir='ltr'>S.</span> <span class='ocrx_word' id='word_1_6' title='bbox 444 350 702 418; x_wconf 85' lang='lat' dir='ltr'><strong>JOANNEM.</strong></span> <span class='ocrx_word' id='word_1_7' title='bbox 748 351 928 418; x_wconf 80' lang='grc' dir='ltr'>ΙιΙΒ.ΧῙ.</span> <span class='ocrx_word' id='word_1_8' title='bbox 974 352 1077 419; x_wconf 84' lang='grc' dir='ltr'><strong>ΟΑΡ.</strong></span> <span class='ocrx_word' id='word_1_9' title='bbox 1093 351 1174 417; x_wconf 92' lang='lat' dir='ltr'><strong>VII.</strong></span> <span class='ocrx_word' id='word_1_10' title='bbox 1243 349 1307 414; x_wconf 81' lang='lat'>685</span> 
     </span>
    </p>
   </div>
   <div class='ocr_carea' id='block_1_4' title="bbox 53 511 1486 4341">
    <p class='ocr_par' dir='ltr' id='par_1_4' title="bbox 53 511 1486 4341">
     <span class='ocr_line' id='line_1_4' title="bbox 107 511 1306 616; baseline 0 -24"><span class='ocrx_word' id='word_1_11' title='bbox 107 517 225 610; x_wconf 89' lang='grc' dir='ltr'>θυμον</span> <span class='ocrx_word' id='word_1_12' title='bbox 242 518 289 598; x_wconf 83' lang='grc' dir='ltr'>εἲς</span> <span class='ocrx_word' id='word_1_13' title='bbox 307 514 467 616; x_wconf 81' lang='grc' dir='ltr'>ὑπακοὴν</span> <span class='ocrx_word' id='word_1_14' title='bbox 484 523 558 602; x_wconf 86' lang='grc' dir='ltr'>τοῖς</span> <span class='ocrx_word' id='word_1_15' title='bbox 576 515 836 602; x_wconf 84' lang='grc' dir='ltr'>ἀνενδοιάστως</span> <span class='ocrx_word' id='word_1_16' title='bbox 860 515 1094 598; x_wconf 81' lang='grc' dir='ltr'>πιστεύουσιν</span> <span class='ocrx_word' id='word_1_17' title='bbox 1111 521 1160 599; x_wconf 87' lang='grc' dir='ltr'>είς</span> <span class='ocrx_word' id='word_1_18' title='bbox 1185 511 1306 594; x_wconf 88' lang='grc' dir='ltr'>αὑτόν.</span> 
     </span>
     <span class='ocr_line' id='line_1_5' title="bbox 107 633 1309 750; baseline 0 -34"><span class='ocrx_word' id='word_1_19' title='bbox 107 637 207 742; x_wconf 88' lang='grc' dir='ltr'>φησὶ</span> <span class='ocrx_word' id='word_1_20' title='bbox 234 637 305 740; x_wconf 89' lang='grc' dir='ltr'>γάρ</span> <span class='ocrx_word' id='word_1_21' title='bbox 322 633 400 720; x_wconf 81' lang='grc' dir='ltr'>’Ότι</span> <span class='ocrx_word' id='word_1_22' title='bbox 426 638 473 721; x_wconf 70' lang='grc' dir='ltr'>τέι</span> <span class='ocrx_word' id='word_1_23' title='bbox 498 643 635 750; x_wconf 80' lang='grc' dir='ltr'>ῥήματα</span> <span class='ocrx_word' id='word_1_24' title='bbox 660 638 687 722; x_wconf 74' lang='grc' dir='ltr'>δ</span> <span class='ocrx_word' id='word_1_25' title='bbox 712 636 863 728; x_wconf 78' lang='grc' dir='ltr'>δέδωκάς</span> <span class='ocrx_word' id='word_1_26' title='bbox 885 677 943 749; x_wconf 87' lang='grc' dir='ltr'>μοι</span> <span class='ocrx_word' id='word_1_27' title='bbox 962 635 1097 722; x_wconf 74' lang='grc' dir='ltr'>δέδωκα</span> <span class='ocrx_word' id='word_1_28' title='bbox 1116 642 1309 726; x_wconf 71' lang='grc' dir='ltr'>αὐτοῖςκαὶ</span> 
     </span>
     <span class='ocr_line' id='line_1_6' title="bbox 108 760 1310 876; baseline 0.002 -36"><span class='ocrx_word' id='word_1_29' title='bbox 108 765 202 842; x_wconf 71' lang='grc' dir='ltr'>ωὑτοὶ</span> <span class='ocrx_word' id='word_1_30' title='bbox 232 762 358 856; x_wconf 75' lang='grc' dir='ltr'>ἔλαβον</span> <span class='ocrx_word' id='word_1_31' title='bbox 383 772 442 844; x_wconf 72' lang='grc' dir='ltr'>καὶ</span> <span class='ocrx_word' id='word_1_32' title='bbox 472 763 619 866; x_wconf 66' lang='grc' dir='ltr'>ἔγνωσαν</span> <span class='ocrx_word' id='word_1_33' title='bbox 641 763 773 860; x_wconf 70' lang='grc' dir='ltr'>ιἰληύὸε</span> <span class='ocrx_word' id='word_1_34' title='bbox 801 763 849 846; x_wconf 83' lang='grc' dir='ltr'>ίτι</span> <span class='ocrx_word' id='word_1_35' title='bbox 877 763 978 876; x_wconf 71' lang='grc' dir='ltr'>παρῦι</span> <span class='ocrx_word' id='word_1_36' title='bbox 1005 767 1063 846; x_wconf 71' lang='grc' dir='ltr'>τοῦ</span> <span class='ocrx_word' id='word_1_37' title='bbox 1091 760 1219 873; x_wconf 71' lang='grc' dir='ltr'>ἒξῖιλύιν</span> <span class='ocrx_word' id='word_1_38' title='bbox 1249 767 1310 843; x_wconf 69' lang='grc' dir='ltr'>καὶ</span> 
     </span>
     <span class='ocr_line' id='line_1_7' title="bbox 110 885 1313 998; baseline 0.001 -34"><span class='ocrx_word' id='word_1_39' title='bbox 110 885 313 968; x_wconf 78' lang='grc' dir='ltr'>ἐπίστευσαν</span> <span class='ocrx_word' id='word_1_40' title='bbox 345 887 392 968; x_wconf 85' lang='grc' dir='ltr'>’ότι</span> <span class='ocrx_word' id='word_1_41' title='bbox 425 886 470 969; x_wconf 88' lang='grc' dir='ltr'>σύ</span> <span class='ocrx_word' id='word_1_42' title='bbox 502 924 547 995; x_wconf 79' lang='grc' dir='ltr'>με</span> <span class='ocrx_word' id='word_1_43' title='bbox 583 889 811 976; x_wconf 72' lang='grc' dir='ltr'>ἀπέστειλας·</span> <span class='ocrx_word' id='word_1_44' title='bbox 853 890 991 998; x_wconf 76' lang='grc' dir='ltr'>ῥήματα</span> <span class='ocrx_word' id='word_1_45' title='bbox 1027 896 1091 970; x_wconf 92' lang='grc' dir='ltr'>τοῦ</span> <span class='ocrx_word' id='word_1_46' title='bbox 1121 893 1217 968; x_wconf 85' lang='grc' dir='ltr'>Θεοῦ</span> <span class='ocrx_word' id='word_1_47' title='bbox 1254 891 1313 966; x_wconf 89' lang='grc' dir='ltr'>καὶ</span> 
     </span>
     <span class='ocr_line' id='line_1_8' title="bbox 69 1007 1313 1122; baseline 0 -34"><span class='ocrx_word' id='word_1_48' title='bbox 69 1027 94 1088; x_wconf 82' lang='grc'><strong>5</strong></span> <span class='ocrx_word' id='word_1_49' title='bbox 115 1007 270 1114; x_wconf 80' lang='grc' dir='ltr'>Πατρός,</span> <span class='ocrx_word' id='word_1_50' title='bbox 289 1009 353 1096; x_wconf 79' lang='grc' dir='ltr'>τὰς</span> <span class='ocrx_word' id='word_1_51' title='bbox 380 1011 506 1093; x_wconf 81' lang='grc' dir='ltr'>ἑαυτοῦ</span> <span class='ocrx_word' id='word_1_52' title='bbox 534 1010 726 1118; x_wconf 84' lang='grc' dir='ltr'>διοῤῥήδην</span> <span class='ocrx_word' id='word_1_53' title='bbox 750 1011 934 1116; x_wconf 79' lang='grc' dir='ltr'>ὀνομάζων</span> <span class='ocrx_word' id='word_1_54' title='bbox 960 1010 1095 1122; x_wconf 78' lang='grc' dir='ltr'>φωνὰς,</span> <span class='ocrx_word' id='word_1_55' title='bbox 1117 1009 1176 1092; x_wconf 81' lang='grc' dir='ltr'>διὰ</span> <span class='ocrx_word' id='word_1_56' title='bbox 1203 1007 1246 1091; x_wconf 85' lang='grc' dir='ltr'>τῦ</span> <span class='ocrx_word' id='word_1_57' title='bbox 1273 1009 1313 1089; x_wconf 79' lang='grc' dir='ltr'>ἐν</span> 
     </span>
     <span class='ocr_line' id='line_1_9' title="bbox 113 1131 1315 1242; baseline 0.002 -28"><span class='ocrx_word' id='word_1_58' title='bbox 113 1135 221 1242; x_wconf 80' lang='grc' dir='ltr'>οὐσίᾳ</span> <span class='ocrx_word' id='word_1_59' title='bbox 238 1133 380 1233; x_wconf 83' lang='grc' dir='ltr'>ταὺτῦν,</span> <span class='ocrx_word' id='word_1_60' title='bbox 399 1138 458 1216; x_wconf 86' lang='grc' dir='ltr'>καὶ</span> <span class='ocrx_word' id='word_1_61' title='bbox 475 1137 618 1239; x_wconf 90' lang='grc' dir='ltr'>ε’πείπερ</span> <span class='ocrx_word' id='word_1_62' title='bbox 636 1139 714 1217; x_wconf 79' lang='grc' dir='ltr'>ἐστὶ</span> <span class='ocrx_word' id='word_1_63' title='bbox 734 1133 828 1220; x_wconf 81' lang='grc' dir='ltr'>Θεὸς</span> <span class='ocrx_word' id='word_1_64' title='bbox 846 1134 967 1239; x_wconf 93' lang='grc' dir='ltr'>Λόγος</span> <span class='ocrx_word' id='word_1_65' title='bbox 991 1143 1065 1216; x_wconf 86' lang='grc' dir='ltr'>τῶν</span> <span class='ocrx_word' id='word_1_66' title='bbox 1082 1142 1147 1216; x_wconf 93' lang='grc' dir='ltr'>τοῦ</span> <span class='ocrx_word' id='word_1_67' title='bbox 1167 1131 1315 1237; x_wconf 77' lang='grc' dir='ltr'>Πατρός</span> 
     </span>
     <span class='ocr_line' id='line_1_10' title="bbox 113 1257 1311 1365; baseline -0.001 -28"><span class='ocrx_word' id='word_1_68' title='bbox 113 1258 328 1358; x_wconf 85' lang='grc' dir='ltr'>θελημάτων</span> <span class='ocrx_word' id='word_1_69' title='bbox 351 1260 560 1365; x_wconf 78' lang='grc' dir='ltr'>ε’κφωττικὸς</span> <span class='ocrx_word' id='word_1_70' title='bbox 588 1259 748 1363; x_wconf 84' lang='grc' dir='ltr'>καθάπερ</span> <span class='ocrx_word' id='word_1_71' title='bbox 776 1259 901 1360; x_wconf 82' lang='grc' dir='ltr'>ἀμέλει</span> <span class='ocrx_word' id='word_1_72' title='bbox 928 1261 986 1341; x_wconf 82' lang='grc' dir='ltr'>καὶ</span> <span class='ocrx_word' id='word_1_73' title='bbox 1015 1261 1035 1338; x_wconf 86' lang='grc' dir='ltr'>ό</span> <span class='ocrx_word' id='word_1_74' title='bbox 1063 1262 1103 1339; x_wconf 83' lang='grc' dir='ltr'>ἐκ</span> <span class='ocrx_word' id='word_1_75' title='bbox 1129 1265 1202 1337; x_wconf 84' lang='grc' dir='ltr'>τῶν</span> <span class='ocrx_word' id='word_1_76' title='bbox 1224 1257 1311 1356; x_wconf 84' lang='grc' dir='ltr'>ἡμε-</span> 
     </span>
     <span class='ocr_line' id='line_1_11' title="bbox 114 1381 1344 1490; baseline 0 -29"><span class='ocrx_word' id='word_1_77' title='bbox 114 1382 226 1484; x_wconf 86' lang='grc' dir='ltr'>τέρων</span> <span class='ocrx_word' id='word_1_78' title='bbox 247 1382 462 1486; x_wconf 77' lang='grc' dir='ltr'>προκόπτων</span> <span class='ocrx_word' id='word_1_79' title='bbox 483 1383 690 1484; x_wconf 75' lang='grc' dir='ltr'>πομάτων,</span> <span class='ocrx_word' id='word_1_80' title='bbox 711 1386 769 1465; x_wconf 78' lang='grc' dir='ltr'>καὶ</span> <span class='ocrx_word' id='word_1_81' title='bbox 794 1389 839 1489; x_wconf 81' lang='grc' dir='ltr'>τῇ</span> <span class='ocrx_word' id='word_1_82' title='bbox 865 1381 955 1486; x_wconf 78' lang='grc' dir='ltr'>πρὸς</span> <span class='ocrx_word' id='word_1_83' title='bbox 980 1381 1023 1463; x_wconf 82' lang='grc' dir='ltr'>τό</span> <span class='ocrx_word' id='word_1_84' title='bbox 1048 1382 1119 1490; x_wconf 79' lang='grc' dir='ltr'>ἔξω</span> <span class='ocrx_word' id='word_1_85' title='bbox 1143 1383 1344 1489; x_wconf 78' lang='grc' dir='ltr'>προφορᾷο</span> 
     </span>
     <span class='ocr_line' id='line_1_12' title="bbox 115 1504 1316 1615; baseline 0.004 -31"><span class='ocrx_word' id='word_1_86' title='bbox 115 1505 181 1600; x_wconf 86' lang='grc' dir='ltr'>τὴν</span> <span class='ocrx_word' id='word_1_87' title='bbox 198 1513 262 1585; x_wconf 91' lang='grc' dir='ltr'>τοῦ</span> <span class='ocrx_word' id='word_1_88' title='bbox 279 1506 394 1591; x_wconf 86' lang='grc' dir='ltr'>πέλας</span> <span class='ocrx_word' id='word_1_89' title='bbox 412 1507 690 1612; x_wconf 84' lang='grc' dir='ltr'>προσαράσσων</span> <span class='ocrx_word' id='word_1_90' title='bbox 708 1506 829 1609; x_wconf 82' lang='grc' dir='ltr'>ἀκοήν,</span> <span class='ocrx_word' id='word_1_91' title='bbox 847 1510 906 1589; x_wconf 85' lang='grc' dir='ltr'>καὶ</span> <span class='ocrx_word' id='word_1_92' title='bbox 924 1506 966 1588; x_wconf 83' lang='grc' dir='ltr'>τὸ</span> <span class='ocrx_word' id='word_1_93' title='bbox 989 1509 1027 1587; x_wconf 82' lang='grc' dir='ltr'>ἐν</span> <span class='ocrx_word' id='word_1_94' title='bbox 1044 1508 1096 1615; x_wconf 73' lang='grc' dir='ltr'>τῷ</span> <span class='ocrx_word' id='word_1_95' title='bbox 1120 1504 1225 1602; x_wconf 84' lang='grc' dir='ltr'>βάθει</span> <span class='ocrx_word' id='word_1_96' title='bbox 1251 1509 1316 1604; x_wconf 79' lang='grc' dir='ltr'>τῆς</span> 
     </span>
     <span class='ocr_line' id='line_1_13' title="bbox 53 1627 1316 1737; baseline 0.005 -29"><span class='ocrx_word' id='word_1_97' title='bbox 53 1661 103 1702; x_wconf 89' lang='lat'>10</span> <span class='ocrx_word' id='word_1_98' title='bbox 116 1629 262 1732; x_wconf 90' lang='grc' dir='ltr'>καρδίας</span> <span class='ocrx_word' id='word_1_99' title='bbox 290 1631 522 1734; x_wconf 87' lang='grc' dir='ltr'>διερμηνεύων</span> <span class='ocrx_word' id='word_1_100' title='bbox 548 1633 758 1736; x_wconf 88' lang='grc' dir='ltr'>μυστήριον.</span> <span class='ocrx_word' id='word_1_101' title='bbox 799 1631 981 1736; x_wconf 79' lang='grc' dir='ltr'>τοιγάρτοι</span> <span class='ocrx_word' id='word_1_102' title='bbox 1009 1631 1067 1711; x_wconf 82' lang='grc' dir='ltr'>καὶ</span> <span class='ocrx_word' id='word_1_103' title='bbox 1093 1627 1316 1737; x_wconf 80' lang='grc' dir='ltr'>προφητικός</span> 
     </span>
     <span class='ocr_line' id='line_1_14' title="bbox 115 1751 1486 1862; baseline -0.002 -30"><span class='ocrx_word' id='word_1_104' title='bbox 115 1786 156 1832; x_wconf 93' lang='grc' dir='ltr'>τε</span> <span class='ocrx_word' id='word_1_105' title='bbox 183 1756 263 1856; x_wconf 82' lang='grc' dir='ltr'>περὶ</span> <span class='ocrx_word' id='word_1_106' title='bbox 292 1755 401 1834; x_wconf 87' lang='grc' dir='ltr'>αὑτοῦ</span> <span class='ocrx_word' id='word_1_107' title='bbox 431 1754 541 1857; x_wconf 85' lang='grc' dir='ltr'>λόγος</span> <span class='ocrx_word' id='word_1_108' title='bbox 571 1755 701 1862; x_wconf 78' lang='grc' dir='ltr'>ἔφη,</span> <span class='ocrx_word' id='word_1_109' title='bbox 682 1791 736 1836; x_wconf 90' lang='grc' dir='ltr'>οτι</span> <span class='ocrx_word' id='word_1_110' title='bbox 764 1766 786 1804; x_wconf 90' lang='lat'><strong><em>“</em></strong></span> <span class='ocrx_word' id='word_1_111' title='bbox 800 1763 961 1837; x_wconf 86' lang='grc' dir='ltr'>καλεῖται</span> <span class='ocrx_word' id='word_1_112' title='bbox 989 1751 1031 1835; x_wconf 83' lang='grc' dir='ltr'>τδ</span> <span class='ocrx_word' id='word_1_113' title='bbox 1055 1751 1175 1853; x_wconf 77' lang='grc' dir='ltr'>ὄνομα</span> <span class='ocrx_word' id='word_1_114' title='bbox 1207 1753 1316 1833; x_wconf 87' lang='grc' dir='ltr'>αὑτοῦ</span> <span class='ocrx_word' id='word_1_115' title='bbox 1361 1780 1421 1831; x_wconf 68' lang='grc' dir='ltr'>σα·</span> <span class='ocrx_word' id='word_1_116' title='bbox 1415 1795 1448 1830; x_wconf 71' lang='grc' dir='ltr'>ιι.</span> <span class='ocrx_word' id='word_1_117' title='bbox 1461 1779 1486 1830; x_wconf 83' lang='lat'>⁶.</span> 
     </span>
     <span class='ocr_line' id='line_1_15' title="bbox 118 1875 1377 1984; baseline -0.002 -27.926"><span class='ocrx_word' id='word_1_118' title='bbox 118 1875 337 1980; x_wconf 86' lang='grc' dir='ltr'>“Μεγάλης</span> <span class='ocrx_word' id='word_1_119' title='bbox 369 1883 505 1979; x_wconf 84' lang='grc' dir='ltr'>βουλῆς</span> <span class='ocrx_word' id='word_1_120' title='bbox 533 1877 724 1983; x_wconf 69' lang='grc' dir='ltr'>ἅγγελοςὺ</span> <span class='ocrx_word' id='word_1_121' title='bbox 756 1878 823 1981; x_wconf 80' lang='grc' dir='ltr'>τὴν</span> <span class='ocrx_word' id='word_1_122' title='bbox 850 1875 976 1982; x_wconf 63' lang='grc' dir='ltr'>γὰρ’</span> <span class='ocrx_word' id='word_1_123' title='bbox 952 1912 1064 1963; x_wconf 92' lang='grc' dir='ltr'>οντως</span> <span class='ocrx_word' id='word_1_124' title='bbox 1092 1875 1253 1984; x_wconf 81' lang='grc' dir='ltr'>ἐξαίσιόν</span> <span class='ocrx_word' id='word_1_125' title='bbox 1280 1909 1317 1955; x_wconf 90' lang='grc' dir='ltr'>τε</span> <span class='ocrx_word' id='word_1_126' title='bbox 1373 1967 1377 1974; x_wconf 90' lang='lat'><em>.</em></span> 
     </span>
     <span class='ocr_line' id='line_1_16' title="bbox 120 1999 1320 2107; baseline 0.002 -29"><span class='ocrx_word' id='word_1_127' title='bbox 120 2003 179 2080; x_wconf 87' lang='grc' dir='ltr'>καὶ</span> <span class='ocrx_word' id='word_1_128' title='bbox 208 2003 372 2104; x_wconf 84' lang='grc' dir='ltr'>ὑπερφυᾶ</span> <span class='ocrx_word' id='word_1_129' title='bbox 398 2005 457 2082; x_wconf 86' lang='grc' dir='ltr'>καὶ</span> <span class='ocrx_word' id='word_1_130' title='bbox 483 2003 647 2106; x_wconf 83' lang='grc' dir='ltr'>μεγάλην</span> <span class='ocrx_word' id='word_1_131' title='bbox 669 2011 734 2083; x_wconf 91' lang='grc' dir='ltr'>τοῦ</span> <span class='ocrx_word' id='word_1_132' title='bbox 758 2000 921 2086; x_wconf 86' lang='grc' dir='ltr'>τεκόντος</span> <span class='ocrx_word' id='word_1_133' title='bbox 945 1999 1135 2101; x_wconf 81' lang='grc' dir='ltr'>βουλήν,ὑ</span> <span class='ocrx_word' id='word_1_134' title='bbox 1162 2002 1201 2080; x_wconf 82' lang='grc' dir='ltr'>ἐν</span> <span class='ocrx_word' id='word_1_135' title='bbox 1222 1999 1320 2107; x_wconf 76' lang='grc' dir='ltr'>αὑτῷ</span> 
     </span>
     <span class='ocr_line' id='line_1_17' title="bbox 121 2122 1320 2232; baseline -0.001 -28"><span class='ocrx_word' id='word_1_136' title='bbox 121 2131 181 2204; x_wconf 83' lang='grc' dir='ltr'>καὶ</span> <span class='ocrx_word' id='word_1_137' title='bbox 211 2125 255 2232; x_wconf 82' lang='grc' dir='ltr'>ἐξ</span> <span class='ocrx_word' id='word_1_138' title='bbox 284 2126 393 2206; x_wconf 90' lang='grc' dir='ltr'>αὑτοῦ</span> <span class='ocrx_word' id='word_1_139' title='bbox 426 2127 675 2230; x_wconf 86' lang='grc' dir='ltr'>διοπορθμεύει</span> <span class='ocrx_word' id='word_1_140' title='bbox 704 2127 835 2229; x_wconf 88' lang='grc' dir='ltr'>Λόγος,</span> <span class='ocrx_word' id='word_1_141' title='bbox 864 2125 924 2206; x_wconf 81' lang='grc' dir='ltr'>διὰ</span> <span class='ocrx_word' id='word_1_142' title='bbox 954 2123 1120 2228; x_wconf 78' lang='grc' dir='ltr'>μὲνγὰρ</span> <span class='ocrx_word' id='word_1_143' title='bbox 1151 2122 1320 2228; x_wconf 86' lang='grc' dir='ltr'>ῥημάτων</span> 
     </span>
     <span class='ocr_line' id='line_1_18' title="bbox 64 2244 1320 2355; baseline -0.004 -24"><span class='ocrx_word' id='word_1_144' title='bbox 64 2273 106 2331; x_wconf 88' lang='lat'>¹5</span> <span class='ocrx_word' id='word_1_145' title='bbox 120 2254 319 2355; x_wconf 83' lang='grc' dir='ltr'>προφορᾶς,</span> <span class='ocrx_word' id='word_1_146' title='bbox 356 2253 403 2334; x_wconf 82' lang='grc' dir='ltr'>ὡς</span> <span class='ocrx_word' id='word_1_147' title='bbox 438 2250 636 2354; x_wconf 78' lang='grc' dir='ltr'>ἅνθρωπος,</span> <span class='ocrx_word' id='word_1_148' title='bbox 674 2249 732 2331; x_wconf 80' lang='grc' dir='ltr'>ὅτε</span> <span class='ocrx_word' id='word_1_149' title='bbox 768 2251 895 2354; x_wconf 86' lang='grc' dir='ltr'>γέγονε</span> <span class='ocrx_word' id='word_1_150' title='bbox 931 2249 1014 2330; x_wconf 91' lang='grc' dir='ltr'>καθ’</span> <span class='ocrx_word' id='word_1_151' title='bbox 1049 2248 1152 2348; x_wconf 82' lang='grc' dir='ltr'>ἡμᾶς,</span> <span class='ocrx_word' id='word_1_152' title='bbox 1186 2244 1246 2326; x_wconf 81' lang='grc' dir='ltr'>διὰ</span> <span class='ocrx_word' id='word_1_153' title='bbox 1282 2246 1320 2326; x_wconf 76' lang='grc' dir='ltr'>δέ</span> 
     </span>
     <span class='ocr_line' id='line_1_19' title="bbox 121 2369 1321 2480; baseline -0.001 -30"><span class='ocrx_word' id='word_1_154' title='bbox 121 2373 290 2474; x_wconf 81' lang='grc' dir='ltr'>γνώσεως</span> <span class='ocrx_word' id='word_1_155' title='bbox 327 2378 394 2452; x_wconf 88' lang='grc' dir='ltr'>καὶΙ</span> <span class='ocrx_word' id='word_1_156' title='bbox 422 2376 662 2480; x_wconf 88' lang='grc' dir='ltr'>φωταγωγίας</span> <span class='ocrx_word' id='word_1_157' title='bbox 692 2377 931 2475; x_wconf 83' lang='grc' dir='ltr'>πνευματικῆς</span> <span class='ocrx_word' id='word_1_158' title='bbox 962 2369 1052 2472; x_wconf 80' lang='grc' dir='ltr'>μετὰ</span> <span class='ocrx_word' id='word_1_159' title='bbox 1083 2369 1150 2472; x_wconf 83' lang='grc' dir='ltr'>τὴν</span> <span class='ocrx_word' id='word_1_160' title='bbox 1180 2375 1229 2454; x_wconf 77' lang='grc' dir='ltr'>εἷς</span> <span class='ocrx_word' id='word_1_161' title='bbox 1261 2370 1321 2450; x_wconf 89' lang='grc' dir='ltr'>οὑ-</span> 
     </span>
     <span class='ocr_line' id='line_1_20' title="bbox 121 2492 1355 2647; baseline -0.005 -73"><span class='ocrx_word' id='word_1_162' title='bbox 121 2493 250 2598; x_wconf 86' lang='grc' dir='ltr'>ρανοὺς</span> <span class='ocrx_word' id='word_1_163' title='bbox 278 2495 475 2593; x_wconf 80' lang='grc' dir='ltr'>ἀνάβασιν.</span> <span class='ocrx_word' id='word_1_164' title='bbox 507 2497 751 2580; x_wconf 84' lang='grc' dir='ltr'>ἀποκαλύπτει</span> <span class='ocrx_word' id='word_1_165' title='bbox 778 2497 852 2647; x_wconf 81' lang='grc' dir='ltr'>γὰρ</span> <span class='ocrx_word' id='word_1_166' title='bbox 880 2502 953 2581; x_wconf 89' lang='grc' dir='ltr'>τοῖς</span> <span class='ocrx_word' id='word_1_167' title='bbox 980 2492 1163 2603; x_wconf 75' lang='grc' dir='ltr'>ἀξίοις</span> <span class='ocrx_word' id='word_1_168' title='bbox 1121 2528 1169 2575; x_wconf 89' lang='grc' dir='ltr'>τα</span> <span class='ocrx_word' id='word_1_169' title='bbox 1195 2497 1355 2575; x_wconf 78' lang='grc' dir='ltr'>εαυτοῦᾱ</span> 
     </span>
     <span class='ocr_line' id='line_1_21' title="bbox 123 2615 1445 2774; baseline -0.002 -74"><span class='ocrx_word' id='word_1_170' title='bbox 123 2617 314 2723; x_wconf 85' lang='grc' dir='ltr'>μυστήρια,</span> <span class='ocrx_word' id='word_1_171' title='bbox 342 2624 401 2701; x_wconf 83' lang='grc' dir='ltr'>καὶ</span> <span class='ocrx_word' id='word_1_172' title='bbox 416 2620 651 2774; x_wconf 82' lang='grc' dir='ltr'>μαρτυρήσει</span> <span class='ocrx_word' id='word_1_173' title='bbox 683 2620 846 2724; x_wconf 85' lang='grc' dir='ltr'>λέγων</span> <span class='ocrx_word' id='word_1_174' title='bbox 830 2653 851 2700; x_wconf 94' lang='grc' dir='ltr'>ο</span> <span class='ocrx_word' id='word_1_175' title='bbox 884 2625 1034 2704; x_wconf 84' lang='grc' dir='ltr'>Παῦλος</span> <span class='ocrx_word' id='word_1_176' title='bbox 1063 2623 1143 2700; x_wconf 71' lang='lat' dir='ltr'>“Ei</span> <span class='ocrx_word' id='word_1_177' title='bbox 1173 2615 1321 2718; x_wconf 83' lang='grc' dir='ltr'>δοκιμήν</span> <span class='ocrx_word' id='word_1_178' title='bbox 1367 2635 1445 2684; x_wconf 82' lang='lat' dir='ltr'>²⁰0r</span> 
     </span>
     <span class='ocr_line' id='line_1_22' title="bbox 125 2701 1456 2848; baseline -0.001 -25"><span class='ocrx_word' id='word_1_179' title='bbox 125 2757 146 2793; x_wconf 79' lang='lat'>‘⁶</span> <span class='ocrx_word' id='word_1_180' title='bbox 165 2743 296 2847; x_wconf 82' lang='grc' dir='ltr'>ζητεῖτε</span> <span class='ocrx_word' id='word_1_181' title='bbox 320 2753 384 2824; x_wconf 93' lang='grc' dir='ltr'>τοῦ</span> <span class='ocrx_word' id='word_1_182' title='bbox 407 2747 445 2824; x_wconf 91' lang='grc' dir='ltr'>ε’ν</span> <span class='ocrx_word' id='word_1_183' title='bbox 469 2747 545 2845; x_wconf 82' lang='grc' dir='ltr'>ἐμοὶ</span> <span class='ocrx_word' id='word_1_184' title='bbox 572 2753 772 2830; x_wconf 89' lang='grc' dir='ltr'>λαλοῦντος</span> <span class='ocrx_word' id='word_1_185' title='bbox 793 2744 1010 2848; x_wconf 81' lang='grc' dir='ltr'>Χριστοῦ;”</span> <span class='ocrx_word' id='word_1_186' title='bbox 1365 2701 1417 2750; x_wconf 84' lang='lat' dir='ltr'>xin</span> <span class='ocrx_word' id='word_1_187' title='bbox 1432 2712 1456 2762; x_wconf 73' lang='lat'>³</span> 
     </span>
     <span class='ocr_line' id='line_1_23' title="bbox 70 2864 1320 2973; baseline -0.005 -22"><span class='ocrx_word' id='word_1_188' title='bbox 70 2905 112 2944; x_wconf 76' lang='grc' dir='ltr'>το</span> <span class='ocrx_word' id='word_1_189' title='bbox 183 2869 444 2973; x_wconf 88' lang='grc' dir='ltr'>Μεμαρτύρηκε</span> <span class='ocrx_word' id='word_1_190' title='bbox 471 2871 590 2950; x_wconf 87' lang='grc' dir='ltr'>τοίνυν</span> <span class='ocrx_word' id='word_1_191' title='bbox 619 2877 692 2954; x_wconf 83' lang='grc' dir='ltr'>τοῖς</span> <span class='ocrx_word' id='word_1_192' title='bbox 721 2872 914 2972; x_wconf 82' lang='grc' dir='ltr'>ἀγαπῶσιν</span> <span class='ocrx_word' id='word_1_193' title='bbox 943 2864 1062 2965; x_wconf 78' lang='grc' dir='ltr'>αὑτὸν,</span> <span class='ocrx_word' id='word_1_194' title='bbox 1094 2870 1143 2951; x_wconf 84' lang='grc' dir='ltr'>ὡς</span> <span class='ocrx_word' id='word_1_195' title='bbox 1174 2864 1320 2968; x_wconf 75' lang='grc' dir='ltr'>προσ-ή-</span> 
     </span>
     <span class='ocr_line' id='line_1_24' title="bbox 96 2987 1326 3099; baseline -0.005 -26"><span class='ocrx_word' id='word_1_196' title='bbox 96 3027 235 3074; x_wconf 91' lang='grc' dir='ltr'>.καντο</span> <span class='ocrx_word' id='word_1_197' title='bbox 277 2998 336 3074; x_wconf 81' lang='grc' dir='ltr'>καὶ</span> <span class='ocrx_word' id='word_1_198' title='bbox 376 2992 592 3099; x_wconf 85' lang='grc' dir='ltr'>τετηρήκασι</span> <span class='ocrx_word' id='word_1_199' title='bbox 636 2991 718 3077; x_wconf 84' lang='grc' dir='ltr'>τοῦς</span> <span class='ocrx_word' id='word_1_200' title='bbox 761 2992 929 3075; x_wconf 76' lang='grc' dir='ltr'>δοθείσας</span> <span class='ocrx_word' id='word_1_201' title='bbox 974 2991 1072 3098; x_wconf 78' lang='grc' dir='ltr'>αύτῷ</span> <span class='ocrx_word' id='word_1_202' title='bbox 1117 2987 1217 3092; x_wconf 76' lang='grc' dir='ltr'>παρὰ</span> <span class='ocrx_word' id='word_1_203' title='bbox 1260 2995 1326 3068; x_wconf 91' lang='grc' dir='ltr'>τοῦ</span> 
     </span>
     <span class='ocr_line' id='line_1_25' title="bbox 129 3110 1327 3223; baseline -0.007 -25"><span class='ocrx_word' id='word_1_204' title='bbox 129 3117 275 3222; x_wconf 80' lang='grc' dir='ltr'>Πατρός</span> <span class='ocrx_word' id='word_1_205' title='bbox 311 3115 455 3220; x_wconf 76' lang='grc' dir='ltr'>λόγους</span> <span class='ocrx_word' id='word_1_206' title='bbox 503 3114 847 3223; x_wconf 90' lang='grc' dir='ltr'>πεπληροφόρηνται</span> <span class='ocrx_word' id='word_1_207' title='bbox 884 3111 923 3194; x_wconf 77' lang='grc' dir='ltr'>δὲ</span> <span class='ocrx_word' id='word_1_208' title='bbox 958 3113 1049 3215; x_wconf 85' lang='grc' dir='ltr'>πρὸς</span> <span class='ocrx_word' id='word_1_209' title='bbox 1087 3111 1236 3209; x_wconf 81' lang='grc' dir='ltr'>τούτοις,</span> <span class='ocrx_word' id='word_1_210' title='bbox 1271 3110 1327 3191; x_wconf 86' lang='grc' dir='ltr'>ότι</span> 
     </span>
     <span class='ocr_line' id='line_1_26' title="bbox 126 3237 1328 3350; baseline -0.007 -27"><span class='ocrx_word' id='word_1_211' title='bbox 126 3243 211 3346; x_wconf 86' lang='grc' dir='ltr'>παρ’</span> <span class='ocrx_word' id='word_1_212' title='bbox 260 3243 368 3322; x_wconf 90' lang='grc' dir='ltr'>αὑτοῦ</span> <span class='ocrx_word' id='word_1_213' title='bbox 414 3243 546 3350; x_wconf 76' lang='grc' dir='ltr'>ἐξῆλθε</span> <span class='ocrx_word' id='word_1_214' title='bbox 592 3243 651 3322; x_wconf 79' lang='grc' dir='ltr'>καὶ</span> <span class='ocrx_word' id='word_1_215' title='bbox 700 3238 939 3337; x_wconf 75' lang='grc' dir='ltr'>ἀπέσταλται,</span> <span class='ocrx_word' id='word_1_216' title='bbox 985 3237 1214 3334; x_wconf 76' lang='grc' dir='ltr'>διακειμένων</span> <span class='ocrx_word' id='word_1_217' title='bbox 1260 3237 1328 3341; x_wconf 84' lang='grc' dir='ltr'>οὑχ</span> 
     </span>
     <span class='ocr_line' id='line_1_27' title="bbox 128 3357 1328 3466; baseline -0.006 -20"><span class='ocrx_word' id='word_1_218' title='bbox 128 3370 222 3448; x_wconf 81' lang='grc' dir='ltr'>οὕτω</span> <span class='ocrx_word' id='word_1_219' title='bbox 267 3373 340 3446; x_wconf 85' lang='grc' dir='ltr'>τῶν</span> <span class='ocrx_word' id='word_1_220' title='bbox 381 3365 447 3466; x_wconf 85' lang='grc' dir='ltr'>τὴν</span> <span class='ocrx_word' id='word_1_221' title='bbox 487 3367 648 3446; x_wconf 81' lang='grc' dir='ltr'>ἐναντίαν</span> <span class='ocrx_word' id='word_1_222' title='bbox 692 3363 896 3444; x_wconf 79' lang='grc' dir='ltr'>νοσούντων</span> <span class='ocrx_word' id='word_1_223' title='bbox 940 3359 1121 3443; x_wconf 90' lang='grc' dir='ltr'>ὑπόνοιαν.</span> <span class='ocrx_word' id='word_1_224' title='bbox 1180 3364 1213 3440; x_wconf 77' lang='grc' dir='ltr'>οἱ</span> <span class='ocrx_word' id='word_1_225' title='bbox 1256 3357 1328 3462; x_wconf 79' lang='grc' dir='ltr'>γὰρ</span> 
     </span>
     <span class='ocr_line' id='line_1_28' title="bbox 75 3481 1330 3594; baseline -0.011 -19"><span class='ocrx_word' id='word_1_226' title='bbox 75 3513 115 3575; x_wconf 85' lang='lat'>25</span> <span class='ocrx_word' id='word_1_227' title='bbox 129 3490 219 3592; x_wconf 87' lang='grc' dir='ltr'>μήτε</span> <span class='ocrx_word' id='word_1_228' title='bbox 255 3489 523 3594; x_wconf 88' lang='grc' dir='ltr'>προσηκάμενοι</span> <span class='ocrx_word' id='word_1_229' title='bbox 558 3487 641 3574; x_wconf 88' lang='grc' dir='ltr'>τοῦς</span> <span class='ocrx_word' id='word_1_230' title='bbox 676 3489 760 3590; x_wconf 90' lang='grc' dir='ltr'>παρ’</span> <span class='ocrx_word' id='word_1_231' title='bbox 800 3487 909 3566; x_wconf 85' lang='grc' dir='ltr'>αὑτοῦ</span> <span class='ocrx_word' id='word_1_232' title='bbox 947 3484 1090 3588; x_wconf 90' lang='grc' dir='ltr'>λόγους,</span> <span class='ocrx_word' id='word_1_233' title='bbox 1128 3482 1216 3584; x_wconf 87' lang='grc' dir='ltr'>μήτε</span> <span class='ocrx_word' id='word_1_234' title='bbox 1258 3481 1330 3583; x_wconf 81' lang='grc' dir='ltr'>μὴν</span> 
     </span>
     <span class='ocr_line' id='line_1_29' title="bbox 130 3606 1330 3719; baseline -0.009 -23"><span class='ocrx_word' id='word_1_235' title='bbox 130 3615 319 3719; x_wconf 77' lang='grc' dir='ltr'>ἐλευθέραν</span> <span class='ocrx_word' id='word_1_236' title='bbox 355 3614 575 3719; x_wconf 77' lang='grc' dir='ltr'>τηρήσαντες</span> <span class='ocrx_word' id='word_1_237' title='bbox 611 3611 677 3714; x_wconf 77' lang='grc' dir='ltr'>τήν</span> <span class='ocrx_word' id='word_1_238' title='bbox 712 3611 851 3707; x_wconf 93' lang='grc' dir='ltr'>πίστιν,</span> <span class='ocrx_word' id='word_1_239' title='bbox 889 3609 970 3690; x_wconf 77' lang='grc' dir='ltr'>οὕτε</span> <span class='ocrx_word' id='word_1_240' title='bbox 1007 3608 1217 3708; x_wconf 85' lang='grc' dir='ltr'>διετέθησαν</span> <span class='ocrx_word' id='word_1_241' title='bbox 1251 3606 1330 3686; x_wconf 73' lang='grc' dir='ltr'>οὔτε</span> 
     </span>
     <span class='ocr_line' id='line_1_30' title="bbox 130 3732 1327 3846; baseline -0.009 -25"><span class='ocrx_word' id='word_1_242' title='bbox 130 3738 428 3831; x_wconf 85' lang='grc' dir='ltr'>πεπιστεύκασιν,</span> <span class='ocrx_word' id='word_1_243' title='bbox 457 3743 505 3823; x_wconf 86' lang='grc' dir='ltr'>ὡς</span> <span class='ocrx_word' id='word_1_244' title='bbox 531 3736 667 3846; x_wconf 76' lang='grc' dir='ltr'>ἐξῆλθέ</span> <span class='ocrx_word' id='word_1_245' title='bbox 688 3769 728 3816; x_wconf 89' lang='grc' dir='ltr'>τε</span> <span class='ocrx_word' id='word_1_246' title='bbox 755 3767 855 3838; x_wconf 88' lang='grc' dir='ltr'>παρα</span> <span class='ocrx_word' id='word_1_247' title='bbox 839 3732 974 3814; x_wconf 91' lang='grc' dir='ltr'>Θεοῦ</span> <span class='ocrx_word' id='word_1_248' title='bbox 1002 3735 1060 3813; x_wconf 82' lang='grc' dir='ltr'>καὶ</span> <span class='ocrx_word' id='word_1_249' title='bbox 1087 3733 1327 3813; x_wconf 84' lang='grc' dir='ltr'>ἀπέσταλται.</span> 
     </span>
     <span class='ocr_line' id='line_1_31' title="bbox 131 3851 1461 3993; baseline -0.001 -51"><span class='ocrx_word' id='word_1_250' title='bbox 131 3865 191 3942; x_wconf 82' lang='grc' dir='ltr'>καὶ</span> <span class='ocrx_word' id='word_1_251' title='bbox 218 3870 307 3965; x_wconf 90' lang='grc' dir='ltr'>γοῦν</span> <span class='ocrx_word' id='word_1_252' title='bbox 333 3862 496 3968; x_wconf 77' lang='grc' dir='ltr'>ἔφασκον</span> <span class='ocrx_word' id='word_1_253' title='bbox 517 3863 692 3957; x_wconf 87' lang='grc' dir='ltr'>Ἰουδαῖοι,</span> <span class='ocrx_word' id='word_1_254' title='bbox 713 3892 801 3939; x_wconf 87' lang='grc' dir='ltr'>ποτε</span> <span class='ocrx_word' id='word_1_255' title='bbox 828 3857 894 3957; x_wconf 89' lang='grc' dir='ltr'>μέν</span> <span class='ocrx_word' id='word_1_256' title='bbox 918 3865 940 3904; x_wconf 93' lang='lat'><strong>“</strong></span> <span class='ocrx_word' id='word_1_257' title='bbox 955 3851 1050 3936; x_wconf 73' lang='lat' dir='ltr'>El’</span> <span class='ocrx_word' id='word_1_258' title='bbox 1027 3890 1073 3955; x_wconf 91' lang='grc' dir='ltr'>ην</span> <span class='ocrx_word' id='word_1_259' title='bbox 1100 3855 1204 3939; x_wconf 80' lang='grc' dir='ltr'>οὗτος</span> <span class='ocrx_word' id='word_1_260' title='bbox 1230 3853 1331 3957; x_wconf 80' lang='grc' dir='ltr'>παρὰ</span> <span class='ocrx_word' id='word_1_261' title='bbox 1374 3878 1461 3993; x_wconf 60' lang='grc' dir='ltr'>βοτη</span> 
     </span>
     <span class='ocr_line' id='line_1_32' title="bbox 132 3978 1331 4087; baseline -0.008 -21"><span class='ocrx_word' id='word_1_262' title='bbox 132 3997 154 4034; x_wconf 92' lang='lat'><strong>“</strong></span> <span class='ocrx_word' id='word_1_263' title='bbox 173 3987 311 4066; x_wconf 85' lang='grc' dir='ltr'>Θεοῦ</span> <span class='ocrx_word' id='word_1_264' title='bbox 295 4020 315 4064; x_wconf 94' lang='grc' dir='ltr'>ο</span> <span class='ocrx_word' id='word_1_265' title='bbox 341 3985 601 4087; x_wconf 81' lang='grc' dir='ltr'>ἅνθρωπος,’</span> <span class='ocrx_word' id='word_1_266' title='bbox 562 4019 626 4064; x_wconf 93' lang='grc' dir='ltr'>ουκ</span> <span class='ocrx_word' id='word_1_267' title='bbox 649 3981 695 4062; x_wconf 78' lang='grc' dir='ltr'>ἂν</span> <span class='ocrx_word' id='word_1_268' title='bbox 712 3979 794 4063; x_wconf 86' lang='grc' dir='ltr'>ἐ’λυε</span> <span class='ocrx_word' id='word_1_269' title='bbox 818 3981 861 4061; x_wconf 83' lang='grc' dir='ltr'>τὸ</span> <span class='ocrx_word' id='word_1_270' title='bbox 887 3978 1110 4076; x_wconf 81' lang='grc' dir='ltr'>σάββατον,”</span> <span class='ocrx_word' id='word_1_271' title='bbox 1132 3981 1191 4058; x_wconf 81' lang='grc' dir='ltr'>καὶ</span> <span class='ocrx_word' id='word_1_272' title='bbox 1217 3978 1331 4058; x_wconf 88' lang='grc' dir='ltr'>πάλιν</span> 
     </span>
     <span class='ocr_line' id='line_1_33' title="bbox 79 4099 1470 4210; baseline 0 -26"><span class='ocrx_word' id='word_1_273' title='bbox 79 4145 120 4201; x_wconf 86' lang='lat'>30</span> <span class='ocrx_word' id='word_1_274' title='bbox 133 4120 155 4157; x_wconf 81' lang='lat'>‘⁶</span> <span class='ocrx_word' id='word_1_275' title='bbox 171 4110 298 4210; x_wconf 84' lang='grc' dir='ltr'>Ημεῖς</span> <span class='ocrx_word' id='word_1_276' title='bbox 325 4118 389 4190; x_wconf 91' lang='grc' dir='ltr'>τοῦ</span> <span class='ocrx_word' id='word_1_277' title='bbox 416 4107 651 4194; x_wconf 78' lang='grc' dir='ltr'>Μωυσέως</span> <span class='ocrx_word' id='word_1_278' title='bbox 632 4141 742 4206; x_wconf 92' lang='grc' dir='ltr'>εσμεν</span> <span class='ocrx_word' id='word_1_279' title='bbox 770 4104 938 4205; x_wconf 88' lang='grc' dir='ltr'>μαθηταί</span> <span class='ocrx_word' id='word_1_280' title='bbox 977 4103 1077 4202; x_wconf 82' lang='grc' dir='ltr'>ἡμεῖς</span> <span class='ocrx_word' id='word_1_281' title='bbox 1104 4099 1296 4201; x_wconf 81' lang='grc' dir='ltr'>οἴδαμεν</span> <span class='ocrx_word' id='word_1_282' title='bbox 1276 4135 1331 4180; x_wconf 92' lang='grc' dir='ltr'>οτι</span> <span class='ocrx_word' id='word_1_283' title='bbox 1376 4136 1416 4185; x_wconf 88' lang='lat' dir='ltr'>lb.</span> <span class='ocrx_word' id='word_1_284' title='bbox 1430 4135 1470 4192; x_wconf 71' lang='grc' dir='ltr'>ιο,</span> 
     </span>
     <span class='ocr_line' id='line_1_34' title="bbox 134 4217 1418 4341; baseline -0.012 -25"><span class='ocrx_word' id='word_1_285' title='bbox 134 4245 156 4281; x_wconf 88' lang='grc'><strong>“</strong></span> <span class='ocrx_word' id='word_1_286' title='bbox 178 4237 324 4341; x_wconf 78' lang='grc' dir='ltr'>Μωυσῇ</span> <span class='ocrx_word' id='word_1_287' title='bbox 353 4233 555 4334; x_wconf 84' lang='grc' dir='ltr'>λελάληκεν</span> <span class='ocrx_word' id='word_1_288' title='bbox 577 4235 597 4314; x_wconf 87' lang='grc' dir='ltr'>ὁ</span> <span class='ocrx_word' id='word_1_289' title='bbox 621 4229 724 4330; x_wconf 81' lang='grc' dir='ltr'>Θεὸς,</span> <span class='ocrx_word' id='word_1_290' title='bbox 747 4237 871 4310; x_wconf 90' lang='grc' dir='ltr'>τοῦτον</span> <span class='ocrx_word' id='word_1_291' title='bbox 898 4224 935 4306; x_wconf 76' lang='grc' dir='ltr'>δὲ</span> <span class='ocrx_word' id='word_1_292' title='bbox 963 4227 1027 4306; x_wconf 89' lang='grc' dir='ltr'>οὑκ</span> <span class='ocrx_word' id='word_1_293' title='bbox 1055 4224 1199 4324; x_wconf 80' lang='grc' dir='ltr'>οἴδαμεν</span> <span class='ocrx_word' id='word_1_294' title='bbox 1221 4223 1332 4305; x_wconf 88' lang='grc' dir='ltr'>πόθεν</span> <span class='ocrx_word' id='word_1_295' title='bbox 1378 4217 1418 4266; x_wconf 74' lang='lat'>&#39;⁹&#39;</span> 
     </span>
    </p>
   </div>
   <div class='ocr_carea' id='block_1_5' title="bbox 137 4495 1333 4638">
    <p class='ocr_par' dir='ltr' id='par_1_5' title="bbox 137 4495 1333 4638">
     <span class='ocr_line' id='line_1_35' title="bbox 137 4495 1333 4638; baseline -0.013 -71"><span class='ocrx_word' id='word_1_296' title='bbox 137 4529 217 4638; x_wconf 44' lang='lat' dir='ltr'>hat</span> <span class='ocrx_word' id='word_1_297' title='bbox 230 4511 281 4638; x_wconf 66' lang='grc' dir='ltr'>ἑὴν</span> <span class='ocrx_word' id='word_1_298' title='bbox 293 4509 325 4567; x_wconf 82' lang='grc' dir='ltr'>Ε.</span> <span class='ocrx_word' id='word_1_299' title='bbox 338 4511 383 4567; x_wconf 84' lang='grc' dir='ltr'>τόν</span> <span class='ocrx_word' id='word_1_300' title='bbox 395 4508 532 4581; x_wconf 67' lang='lat' dir='ltr'><strong>(asteriaco</strong></span> <span class='ocrx_word' id='word_1_301' title='bbox 544 4507 678 4576; x_wconf 72' lang='lat' dir='ltr'>notatum)</span> <span class='ocrx_word' id='word_1_302' title='bbox 692 4503 743 4560; x_wconf 84' lang='lat' dir='ltr'>Ed.</span> <span class='ocrx_word' id='word_1_303' title='bbox 828 4513 869 4573; x_wconf 83' lang='lat'>15.</span> <span class='ocrx_word' id='word_1_304' title='bbox 888 4495 1095 4555; x_wconf 63' lang='lat' dir='ltr'>dnmnssd.</span> <span class='ocrx_word' id='word_1_305' title='bbox 1178 4511 1222 4566; x_wconf 83' lang='lat'>31.</span> <span class='ocrx_word' id='word_1_306' title='bbox 1241 4499 1333 4566; x_wconf 80' lang='grc' dir='ltr'>μωυοῄ</span> 
     </span>
     <span class='ocr_line' id='line_1_36' title="bbox 157 4601 262 4638; baseline 0 0"><span class='ocrx_word' id='word_1_307' title='bbox 157 4601 173 4638; x_wconf 79' lang='lat' dir='ltr'><strong>a</strong></span> <span class='ocrx_word' id='word_1_308' title='bbox 256 4621 262 4638; x_wconf 90' lang='lat'><strong>.</strong></span> 
     </span>
    </p>
   </div>
   <div class='ocr_carea' id='block_1_6' title="bbox 0 0 1657 5114">
    <p class='ocr_par' dir='ltr' id='par_1_6' title="bbox 0 0 1657 5114">
     <span class='ocr_line' id='line_1_37' title="bbox 0 0 1657 5114; baseline 0 0"><span class='ocrx_word' id='word_1_309' title='bbox 0 0 1657 5114; x_wconf 95' lang='lat' dir='ltr'> </span> 
     </span>
    </p>
   </div>
  </div>
 </body>
</html>
