3184 5104
401 335 444 396 88
705 335 742 401 Β.
767 335 977 402 CYRILLI
1008 335 1295 400 ALEXANDR.
1467 333 1492 396 vi

402 507 432 581 εί
461 499 499 581 δέ
526 501 778 583 τεταπείνωκεν
803 501 928 582 ἑαυτὸν
953 501 1054 600 ἑκὼν,
1077 501 1243 602 δηλονότι
1271 503 1492 603 συγκατανεί

404 623 528 729 ὥσπερ
556 629 620 706 καί
641 625 900 712 συνεθέλοντος
927 628 1023 734 αὐτῷ
1050 633 1115 705 τοῦ
1144 623 1299 728 Πατρῦς,
1327 631 1431 705 ποῖον
1459 624 1492 729 ἐξ

405 749 638 852 κατηγόρημα
660 749 835 858 διεξάγων
853 757 901 835 είς
926 748 1034 835 τίλας
1057 754 1121 850 τῆς
1145 751 1343 846 οἰκονομίας
1368 747 1431 827 τὸν
1450 782 1492 848 τρ

405 875 486 952 καθ’
508 872 549 954 ὃν
566 874 634 954 ἔδει
654 873 768 976 λόγον
780 907 790 972 ;
823 881 853 954 εί
878 873 916 954 δέ
942 874 999 954 διὰ
1023 871 1066 954 τὸ
1091 874 1209 977 λε’γειν
1228 872 1467 964 ἀπεστάλθαι,
1486 907 1492 948 ι

404 993 597 1077 ἐλάττοσιν
614 995 636 1098 ἢ
655 1001 693 1078 ἐν
711 997 762 1082 οἶς
780 1001 881 1078 ἐστιν
899 1001 920 1079 ὁ
940 999 1069 1100 Πατὴρ
1086 998 1149 1078 οἴει
1168 1003 1307 1078 κεῖσθαι
1325 995 1388 1076 τὸν
1402 993 1492 1073 Υίὸν

405 1119 479 1200 είπέ
507 1119 577 1223 γάρ
605 1155 666 1217 μοι
692 1121 805 1202 πάλιν
829 1124 848 1202 ὁ
874 1126 912 1202 ἐν
930 1122 1123 1202 ἐλάττοσιν
1141 1121 1191 1201 ὧν
1210 1119 1301 1200 κατὰ
1326 1117 1391 1220 τὴν
1410 1117 1483 1216 σὴν

368 1257 390 1324 b
406 1243 496 1341 θίαν,
514 1245 805 1347 ἀπαραλλάκτως
824 1248 961 1349 ἐνεργεῖ
976 1245 1021 1325 τά
1039 1251 1157 1342 Θεοῦ;
1187 1254 1258 1327 ποῦ
1283 1241 1355 1348 γάρ
1380 1240 1422 1323 τὸ
1448 1240 1490 1320 {A

405 1370 443 1448 ἐν
469 1369 566 1476 αὐτῷ
593 1369 813 1474 διαφαίνεται
846 1368 966 1450 πάντα
998 1371 1141 1454 τελείως
1173 1369 1317 1474 ἔχοντος
1342 1367 1388 1447 τὰ
1418 1375 1482 1446 τοῦ

404 1491 626 1594 γεννήτορας,
646 1495 705 1572 καὶ
730 1491 989 1595 πληρεστάτην
1006 1493 1174 1600 ἐξουσίαν
1192 1492 1257 1592 τὴν
1276 1495 1478 1594 θεοπρεπῆ;

405 1624 469 1696 οῦν
487 1619 551 1696 οὐκ
568 1615 729 1696 ἐλάττων
746 1615 805 1696 διὰ
822 1616 890 1716 τὴν
907 1616 1120 1717 ἀποστολὴν
1138 1615 1366 1716 νοηθήσεται,
1389 1613 1488 1694 ἀλλὰ

406 1740 576 1844 ὑπάρχων
595 1741 633 1819 ἐκ
655 1745 750 1820 Θεοῦ
776 1739 867 1820 κατά
894 1742 1009 1846 φύσιν
1032 1745 1088 1821 καὶ
1117 1743 1305 1840 ἀληθινῶς,
1325 1741 1467 1838 ἐπείπερ

405 1864 554 1962 ἐστινὴ
582 1864 698 1970 σοφία
725 1866 784 1943 καὶ
811 1865 833 1964 ἡ
862 1865 1008 1962 δύναμις
1036 1873 1100 1944 τοῦ
1128 1863 1283 1967 Πατρδς,
1307 1864 1483 1960 πέμπεται

406 1988 498 2087 ἡμᾶς
517 1987 676 2091 καθάπερ
697 1987 741 2094 ἐξ
762 1989 866 2088 ἡλίου
884 1987 927 2068 τὸ
945 1989 989 2096 ἐξ
1004 1989 1113 2069 αι’ντοῦ
1131 1985 1417 2085 σκεδαννύμενον
1435 1992 1492 2090 φῶ

406 2118 524 2219 σοφοῖ
546 2111 590 2192 τὸ
616 2113 751 2219 σοφίας
778 2111 920 2209 ἐπιδεές,
943 2115 1036 2192 οὕτω
1065 2147 1102 2192 τε
1131 2111 1258 2192 λοιπὸν
1280 2107 1492 2212 άναβιβιίζοι

377 2237 525 2332 οαῦτοῦ,
545 2241 603 2315 καὶ
621 2233 712 2337 πρὸς
728 2237 924 2338 ἐπίγνωσιν
942 2245 1006 2315 τοῦ
1024 2241 1120 2316 θεοῦ
1138 2241 1196 2315 καὶ
1217 2232 1361 2338 Πατρδς
1380 2237 1492 2332 δυναρ

406 2359 449 2440 τὸ
476 2359 684 2460 ἠσθενηκὸς,
703 2363 760 2439 καὶ
787 2357 879 2462 πρὸς
906 2367 1031 2440 πᾶσαν
1059 2357 1189 2462 ἀρετὴν
1213 2356 1444 2461 ἀναγάγοιτο.
1483 2391 1492 2436 ι

405 2481 478 2586 γὰρ
503 2489 547 2586 τῇ
569 2484 760 2587 ἀνθρώπου
783 2484 892 2590 φύσει
911 2482 957 2563 τὰ
977 2483 1160 2564 κάλλιστα
1179 2481 1237 2564 διὰ
1254 2481 1366 2582 μόνου
1383 2481 1492 2586 πέφηι

406 2612 583 2709 Χριστοῦ.
624 2606 795 2688 οἰκετικὸν
818 2609 881 2687 οῦν
903 2608 973 2711 ἄρα
998 2605 1040 2688 τὸ
1065 2605 1237 2710 παράπαν
1258 2605 1358 2686 οῦδὲν
1375 2609 1413 2687 ἐν
1431 2611 1491 2708 Χρ

407 2729 506 2829 πλὴν
534 2731 604 2834 ἄρα
633 2729 744 2831 μόνης
774 2736 838 2829 τῆς
871 2731 961 2812 κατὰ
994 2731 1116 2835 σάρκα
1147 2735 1302 2834 μορφῆς,
1334 2736 1491 2832 θεοπρεπ

407 2861 552 2954 μᾶλλον
569 2856 591 2954 ἡ
610 2856 665 2962 ἐφ’
686 2851 824 2935 ἅπασιν
843 2855 991 2962 ἐξουσία
1009 2859 1068 2936 καὶ
1084 2855 1245 2953 δύναμις,
1265 2851 1333 2932 κᾶν
1351 2855 1371 2932 ὁ
1390 2851 1490 2955 λόγοι

408 2979 671 3082 σχηματίζηται
703 2977 745 3060 τῦ
779 2979 1002 3082 ἀνθρώπινον
1031 2986 1082 3087 τῷ
1113 2983 1176 3078 της
1208 2977 1455 3060 ταπεινώσεως
1485 3023 1490 3074 η

374 3109 528 3280 ἀκαλιῦς
556 3101 892 3209 συμμορφούμενος.

357 3395 396 3451 43
431 3377 491 3444 Διά
520 3378 550 3444 τί
577 3379 637 3445 τιίν
664 3379 781 3446 λαλιὰν
807 3379 868 3446 τείν
894 3380 976 3458 ὲμίιν
1004 3380 1041 3445 οὐ
1070 3378 1242 3455 Γινώσκετε
1254 3410 1263 3462 3
1298 3379 1413 3444 ὅτιού
1441 3377 1489 3441 δύι

740 3505 870 3572 ἀκούειν
898 3506 954 3573 τὸν
982 3507 1079 3580 λότον
1105 3503 1162 3573 τὸν
1188 3504 1278 3581 ἐμόν.

465 3659 520 3736 Τὸ
549 3661 607 3737 καὶ
634 3657 812 3746 πολλάκις
840 3661 1022 3763 εἰρημένον
1049 3661 1133 3760 ἡμῖν
1158 3663 1303 3762 ἐροῦμεν
1326 3657 1450 3748 πάλιν,
1474 3661 1488 3736 δ

408 3788 483 3865 τοῖς
510 3783 768 3890 ἐντευξομένοις
793 3784 993 3869 λυσιτελές·
1036 3785 1121 3865 ίέναι
1149 3783 1221 3888 γὰρ
1249 3787 1309 3863 καὶ
1337 3783 1436 3880 μάλα
1459 3817 1488 3861 ο

408 3904 472 3985 τὸν
502 3906 616 4007 λόγον
643 3905 702 3986 διὰ
733 3917 797 3988 τοῦ
829 3909 1030 4014 πεφυκότος
1063 3913 1216 4010 ὠφελεῖν
1243 3907 1286 3987 τὸ
1319 3911 1460 3987 ἀδικοῦν

445 4158 470 4212 7.
489 4139 534 4213 τὸ]
551 4147 580 4204 4
595 4145 642 4196 τοῦ
655 4141 744 4199 Holut.
759 4143 812 4199 Ed.
882 4143 947 4216 γὰρ]
963 4151 992 4209 4
1007 4146 1039 4200 τὰ
1052 4149 1120 4200 θεοῦ
1134 4145 1166 4199 Β.
1199 4163 1229 4200 το
1241 4163 1314 4200 more
1327 4154 1358 4200 ut
1370 4143 1423 4200 vid.
1436 4143 1487 4200 verl

408 4219 478 4276 tenu,
491 4211 563 4267 unde
575 4213 640 4268 haec
653 4212 746 4270 delevi.
852 4215 879 4270 8.
897 4215 965 4288 αὐτῷ
980 4215 1012 4270 B.
1025 4217 1107 4288 ἐαυτῷ
1123 4216 1170 4271 Ht.
1210 4216 1236 4271 d.
1295 4215 1483 4286 [egendumne

412 4299 453 4336 12.
473 4283 547 4352 halt.
560 4301 652 4338 assum
673 4293 730 4338 tum
742 4303 775 4338 ex
787 4303 811 4340 ο.
939 4288 1125 4358 ι.ῶσπεριι.
1253 4303 1295 4353 ι4.
1313 4285 1486 4359 σοφοῖ]σοφι

410 4365 464 4472 1¹⁵}
473 4355 534 4473 δὲνα
554 4355 635 4476 φθειφγι
670 4371 701 4408 a.
714 4355 848 4424 δυνομωθῇ
863 4355 912 4411 Ht.
926 4304 978 4448 1:23.
1026 4427 1048 4482 Β
1138 4357 1322 4450 18.Ιοῖκετικδν
1335 4355 1486 4481 [ἕίκετικδνί

410 4441 488 4541 Ακῦδκ
503 4444 519 4474 ν
538 4430 1091 4574 διάδος’1οςαποω2ῦῦρστῦίίίίτίίίίίῦτίίίά
1116 4431 1216 4553 ,ίιωηζῃ
1228 4427 1486 4580 ὃ·τεζείίιιλῦίίῦ]ιιῦλιιί

412 4555 474 4624 (D.)
491 4556 538 4610 Ht.
552 4561 702 4615 emendant
714 4563 787 4617 Aah.
895 4579 937 4633 25.
955 4569 1062 4637 ἐροῦμεν
1073 4571 1153 4624 πάλιν
1164 4567 1216 4624 hoc
1228 4567 1322 4623 ordme
1336 4568 1368 4623 B.
