3118 5132
311 348 377 414 898
615 348 655 414 Β.
678 345 889 414 OYRILLI
918 345 1207 412 ALEXANDR.
1399 345 1469 410 xiv.
1497 363 1545 407 1.

313 515 408 620 Θεῷ,
435 509 516 594 ούδέ
548 517 748 617 κατορθοῦν
775 515 1031 618 ὑπισχνεῖσθαι
1060 511 1102 593 τὸ
1132 510 1220 616 ύπέρ
1249 510 1400 611 δύναμιν
1427 508 1541 590 ἐσθ’

313 633 383 734 ὅτε,
405 637 453 721 ὦς
479 636 821 744 κατεξονσιάῷντας
848 643 922 716 τῶν
942 635 1178 742 πραγμάτων,
1197 637 1256 716 καί
1283 632 1389 715 τοῦτό
1416 641 1544 740 φημι

311 757 403 863 πρὸς
428 757 476 840 τά
503 762 541 841 ἐκ
567 765 632 862 τῆς
659 761 857 866 ἀποτυχίας
884 758 1093 862 ἐγκλήματα
1119 757 1282 857 βλέπων·
1320 758 1444 842 ἄλλως
1480 791 1543 838 τε

311 885 371 963 καὶ
407 883 606 992 ὑπεροψίας
638 885 702 964 ούκ
733 882 971 990 ἀπηλλάχθαι
1006 883 1136 986 νομίζω
1167 882 1211 964 τὸ
1241 881 1541 985 προαλεῖττερον

312 1011 432 1106 εἰπεῖν,
457 1007 512 1088 ότι
539 1007 762 1112 κατορθώσω
789 1005 869 1088 τόδε
897 1041 933 1086 τι
957 1006 1079 1112 τνχδν,
1105 1005 1128 1108 ή
1156 1005 1238 1087 τόδε
1264 1041 1310 1087 τι.
1351 1008 1410 1086 καί
1438 1004 1539 1108 γὰρ

145 1149 213 1208 ’160
222 1147 264 1206 Δ.
283 1131 368 1237 αέηῖ
402 1127 553 1229 ἅπασιν,
586 1131 639 1217 αἰς
671 1131 717 1212 ἀν
749 1166 803 1217 τις
839 1134 973 1234 δρᾶσαι
1008 1129 1201 1234 προέλοιτο
1237 1133 1297 1211 καί
1332 1129 1540 1229 βούληται

311 1257 576 1358 κατορθοῦν,’
558 1263 669 1336 εκεῖνο
706 1253 872 1354 μάλιστα
913 1257 970 1334 δεῖ
1007 1254 1209 1361 φωνεῖν,
1189 1287 1277 1358 οπερ
1317 1253 1454 1356 εἴρηκεν
1507 1256 1538 1334 ὁ

144 1392 241 1444 ⁸5⁸0·
232 1409 267 1444 ν·
312 1377 530 1486 σοφώτατος
557 1379 720 1481 μαθητής
739 1389 761 1428 “
772 1377 905 1460 Ἐὰν
889 1412 909 1458 ο
939 1376 1072 1483 Κύριος
1099 1373 1190 1485 θέλη
1220 1413 1279 1458 και
1266 1376 1534 1482 ζήσωμεν.”

311 1499 584 1605 προθυμίαν
541 1537 606 1604 μεν
636 1503 708 1608 γάρ
739 1500 807 1602 τήν
835 1501 1065 1606 ἀγαθουργόν
1093 1509 1187 1608 φημι
1224 1505 1297 1582 δεῖν
1324 1507 1401 1585 ταῖς
1436 1509 1535 1581 τῶν

311 1625 547 1733 φιλοθέων’
528 1634 654 1708 ενεῖναι
689 1631 837 1734 ψυχαῖς,
870 1630 929 1707 καί
965 1625 1008 1706 τό
1044 1631 1243 1728 κατορθοῦν
1278 1623 1412 1706 ἐθέλειν
1442 1624 1532 1725 τὴν

310 1747 440 1852 ἀρετὴν
462 1750 507 1857 ἐξ
531 1749 620 1852 ὅλης
648 1749 776 1856 ἰσχύος
800 1749 1016 1853 ἐπείγεσθαι,
1034 1747 1100 1850 τὴν
1119 1748 1157 1830 δέ
1181 1751 1239 1830 ἐπὶ
1263 1749 1400 1833 τούτοις
1426 1748 1532 1828 όδὸν

312 1869 371 1952 διά
395 1877 458 1972 τῆς
483 1873 619 1954 ἀνωθεν
641 1873 792 1982 ἐξαιτεῖν
815 1873 1003 1974 εὐμενείας,
1021 1873 1091 1978 οὐχ
1114 1876 1163 1958 ὡς
1188 1873 1318 1978 ἔχοντα
1339 1878 1529 1975 προαλῶς

249 1995 254 2000 ’
312 1994 620 2102 ἐπαγγέλλεσθαι.
657 2001 800 2106 ἀψευδῆ
828 1996 900 2102 γάρ
928 1999 1021 2078 οίίτω
1045 2002 1098 2105 τῷ
1121 2002 1205 2106 θεῷ
1231 1995 1297 2098 τὴν
1316 1996 1373 2103 ἐφ’
1392 1991 1528 2076 ἀπασι

143 2129 237 2248 ξέθῃλ
312 2128 386 2207 τοῖς
413 2124 575 2227 ἀρίστοις
602 2124 825 2228 ἐπαγγελίαν
853 2121 1070 2226 τηρήσομεν,
1097 2119 1168 2228 ἔξω
1197 2156 1236 2202 τε
1268 2120 1365 2202 πόδα
1396 2121 1527 2204 αἰτίας

145 2233 229 2325 ²⁶³s
278 2245 453 2354 οέξομεν,
474 2245 567 2328 κατὰ
591 2245 656 2327 τὸν
672 2249 756 2352 παρ’
777 2245 945 2348 Ἕλλησι
970 2245 1096 2348 λόγον.
1136 2245 1216 2326 ἔστι
1237 2244 1275 2326 δέ
1301 2249 1360 2325 καί
1385 2243 1551 2347 ἐτέρως1

145 2371 242 2424 ³⁰⁰¹*
312 2372 452 2475 ἀγαθόν
478 2373 521 2454 τὸ
549 2372 599 2474 μή
631 2373 811 2480 εὔξασθαί
839 2405 947 2472 τισιν,
975 2371 999 2473 ἢ
1033 2371 1208 2478 εὔξασθαι
1240 2373 1300 2452 καί
1331 2367 1382 2470 μή
1413 2370 1518 2448 ἀπο-

143 2453 169 2488 τ.
181 2452 207 2502 4.

312 2499 447 2578 δοῦναι.

146 2652 283 2738 Respa&
603 2660 660 2726 Μελ
688 2663 903 2752 ταρασσέσθω
929 2661 1019 2741 ὑμῶν
1047 2663 1066 2729 εἰ
1095 2659 1223 2754 καρδία.

368 2837 433 2917 Εἰς
450 2840 558 2913 τοῦτο
576 2834 820 2941 μικροψυχίας
839 2833 1123 2939 κατοιχήσεσθαι
1141 2830 1206 2914 τὸν
1225 2831 1367 2935 Πέτρον
1385 2818 1518 2926 εἰπὼν,

311 2958 360 3040 ὡς
380 2954 613 3060 ἀρνήσασθαι
636 2959 723 3062 τρῖς,
746 2961 806 3038 καί
830 2960 868 3038 ἐν
890 2964 956 3066 μιᾷ
980 2966 1087 3038 τοῦτο
1114 2957 1308 3038 πείσεσθαι
1336 2955 1445 3074 νυκτὶ,
1468 2957 1551 3058 τῇν

310 3085 375 3162 τοῦ
402 3078 618 3183 πράγματος
645 3082 832 3186 ὑπερβολῇ
859 3085 1052 3187 μονονουχὶ
1082 3078 1146 3162 τόν
1173 3075 1413 3180 ἀκμαιότατον
1439 3083 1521 3155 τῶν

312 3201 484 3284 κινδύνων
502 3203 661 3312 ύπέδειξε
679 3205 811 3314 φόβον.
852 3204 934 3286 ὅθεν
952 3203 997 3306 ἦν
1015 3203 1141 3306 δήπου,
1160 3205 1219 3284 καί
1237 3199 1339 3302 μα’λα
1357 3197 1517 3288 εἰκότως.

282 3324 396 3411 οτοίις
413 3325 552 3430 ἐτέρους
569 3334 791 3434 παραχρῆμα
809 3327 1077 3433 διαλογίζεσθαι
1095 3325 1257 3428 μαθητάς
1276 3325 1343 3410 Τίς
1362 3324 1432 3430 ἀρα
1454 3328 1519 3406 καί

311 3449 440 3548 πόσος,
469 3449 491 3551 ἢ
520 3458 625 3532 ποῖον
655 3452 726 3560 ἕξει
756 3451 799 3532 τό
826 3454 985 3556 με’γεθος,
1014 3459 1088 3533 τιῖιν
1117 3451 1300 3552 ἐσομένων
1328 3451 1348 3529 ό
1376 3447 1515 3558 φόβος,

312 3571 635 3680 δυσκαταμάχητος
663 3575 702 3656 δέ
729 3578 841 3661 οὕτως
869 3579 889 3656 ό
917 3577 1128 3681 πειρασμὸς,
1157 3579 1205 3661 ὡς
1236 3577 1330 3656 ἑλεῖν
1357 3572 1423 3674 μέν
1449 3571 1552 3653 τδνν,

310 3697 527 3800 προύχοντα,
564 3705 784 3795 καταβαλεῖν
821 3696 859 3780 δέ
903 3701 972 3807 ούχ
1010 3698 1122 3808 ἅπαξ,
1158 3699 1244 3780 ἀλλ’
1282 3699 1321 3778 ἐν
1358 3699 1409 3778 ἐνί
1447 3693 1518 3796 ρέν

310 3816 503 3917 πολλάκις,
527 3822 585 3900 καῖ
612 3822 651 3900 ἐν
673 3823 788 3930 ὀλίγῳ
813 3831 948 3933 καιρῷ;
977 3826 1031 3909 τίς
1056 3827 1120 3906 οὖν
1143 3823 1213 3929 ἀρα
1237 3824 1275 3902 ἐν
1298 3823 1384 3922 ἡμῖν
1407 3819 1450 3902 τό
1476 3822 1517 3900 ἐν

310 3949 385 4026 τοῖς
412 3942 464 4024 ἔτι
490 3944 632 4048 χείροσι
659 3945 828 4047 γενέσθαι
855 3948 1096 4056 διαφεύξεται,
1123 3947 1147 4051 ἢ
1178 3954 1257 4033 τοῖς
1288 3945 1428 4053 ἀνθέξει
1459 3977 1514 4027 τις

310 4063 439 4171 ἕτερος,
456 4074 521 4146 τοῦ
536 4067 685 4171 -Πέτρου
703 4071 920 4170 κινουμένου,
938 4075 998 4152 καί
1021 4078 1073 4181 τῷ
1099 4073 1202 4177 βάρει
1224 4076 1298 4152 τῶν
1316 4077 1512 4171 συμβεβη-

311 4187 427 4271 κότων
444 4191 494 4275 ὧς
517 4189 562 4300 ἐξ
584 4188 743 4294 ἀνάγκης
766 4195 971 4281 ὑπείκοντος
983 4229 994 4294 ;
1025 4195 1142 4299 μάτην
1161 4197 1224 4278 ούν
1246 4195 1318 4302 ἀρα
1345 4193 1428 4280 τούς
1455 4193 1512 4274 ἐπὶ
1525 4217 1552 4279 3<

344 4431 1205 4514 Metam.12.n‘›pm1u213.n’›p‹'uwAub.ad
1274 4438 1447 4508 ἀνωθενειίμ’
1432 4457 1513 4492 ενειον

309 4499 419 4643 fficss'.
524 4522 567 4575 ι4.
584 4505 787 4579 πόδω(ςὶι)Ε.
897 4521 939 4581 ι5.
957 4507 1104 4580 εἶξομινΕ.
1218 4509 1512 4582 μωρασίσθοίμῦθ
