3274 5118
301 283 365 344 568
598 284 636 348 B.
662 283 871 348 CYRILLI
901 283 1193 348 ALEXANDR.
1336 302 1388 343 xv.
1402 298 1434 362 9,
1451 295 1500 338 το.

270 437 288 480 ο

269 499 417 580 9Κοθώε
445 505 594 579 ιίτάπηοί
620 527 660 581 με
685 507 703 574 ὁ
730 505 855 594 Ποτιίρ,
884 505 974 580 κάτὼ
1001 507 1156 580 ιίτάπησα
1183 504 1276 580 ὑμᾶς·
1312 495 1446 576 μείνατε
1463 495 1499 561 ἐν

249 645 287 686 10
352 633 391 718 τῇ
420 629 530 720 ἀτοίπη
562 635 602 720 τῇ
635 631 711 717 ἐμή.
755 632 813 698 ἐὰν
839 631 899 714 τὰς
926 631 1066 698 ἐντολάς
1093 653 1155 704 μου
1181 628 1357 717 τηρήσητε,
1382 625 1500 700 μένετε

352 751 388 818 ἓν
412 759 452 844 τῇ
479 755 589 846 ἀτοίπη
612 775 685 832 μου·
722 756 831 822 καθὼς
856 756 946 831 κάτώ
965 754 1024 822 τάο
1043 755 1183 822 ἐντολὰς
1207 757 1263 818 τοῦ
1282 749 1413 839 Πατρός
1436 769 1499 825 μου

351 881 525 970 τετήρηκα,
554 881 606 946 καί
633 883 723 959 μένω
750 883 849 950 αὐτοῦ
876 884 912 949 ἐν
939 887 979 973 τή
1008 883 1129 973 ἀτάπη.

355 1065 570 1176 Ἰσχνοτέριρ
597 1067 710 1147 πάλιν
732 1073 783 1176 τῷ
809 1073 872 1167 τῆς
901 1069 1054 1153 διανοίας
1081 1067 1263 1175 ὀφθαλμῷ
1291 1063 1336 1144 τῦ
1360 1064 1397 1141 ἐν
1424 1067 1530 1154 τοῖς5
1627 1083 1628 1118 ³

300 1191 540 1292 προκειμένοις
569 1191 741 1292 ἀθρητέον
768 1191 961 1295 μυστήρια.
994 1191 1108 1286 βαθὺς
1144 1189 1216 1294 γὰρ
1246 1185 1410 1288 ὁλόγυς,
1440 1187 1497 1262 καί

301 1313 392 1414 ὅλην
425 1315 518 1412 ἡμῖν,
551 1317 599 1399 ὡς
630 1315 712 1399 ἔπος
743 1320 864 1407 εἰπεῖν,
902 1322 966 1414 τῆς
1002 1315 1092 1414 μετὰ
1126 1311 1263 1417 σαρκὸς
1298 1309 1498 1407 οἰκονομίας

300 1439 471 1539 παραθεὶς
498 1435 564 1537 τήν
592 1436 766 1536 δήλωσιν.
803 1440 1015 1541 ήγαπῆσθαι
1044 1439 1108 1538 μὲν
1126 1437 1197 1540 γὰρ
1215 1435 1340 1516 ἑαυτὸν
1358 1438 1498 1536 διισχυ-

266 1587 289 1652 d
300 1560 429 1663 ρι’ζεται
457 1559 556 1663 παρὰ
580 1570 643 1641 τοῦ
662 1567 757 1641 Θεοῦ
786 1567 843 1642 καί
862 1560 1017 1665 Πατρδς,
1038 1565 1292 1664 οἰυταγαπῆσαι
1320 1556 1357 1638 δὲ
1385 1558 1498 1639 οὕτως

300 1684 402 1782 ἡμᾶς,
422 1683 513 1764 κατὰ
539 1686 603 1764 τὸν
631 1683 738 1764 αὑτὸν
758 1685 924 1786 δηλονότι
952 1685 1097 1788 τρόπον,
1115 1692 1195 1766 καθ’
1215 1684 1322 1784 ὅνπερ
1341 1681 1384 1762 ἂν
1402 1682 1495 1781 ήγα-
1515 1718 1553 1758 10

300 1811 439 1904 πῆσθαι
458 1817 573 1889 νοοῖτο
595 1811 652 1887 καί
675 1808 781 1894 αὐτὸς
799 1809 899 1914 παρὰ
917 1819 980 1890 τοῦ
999 1811 1088 1890 ἰδίου
1106 1809 1329 1911 γεννήτορος.
1368 1801 1443 1884 εἶτα
1462 1803 1501 1882 τί

300 1931 437 2018 τούτοις
465 1932 678 2034 ἐπήνεγκεν;
709 1933 762 2013 ὅτι
791 1933 966 2036 προσήκει
993 1933 1108 2031 με’νειν
1133 1934 1224 2033 ἡμᾶς
1252 1933 1281 2012 ἓν
1306 1939 1345 2040 τῇ
1370 1926 1497 2040 ιίγιίπη

300 2057 419 2136 αὑτοῦ.
471 2055 571 2135 οἰλλοί
598 2060 656 2136 καί
685 2055 874 2162 πρόφασιν
901 2055 1025 2160 ὥσπερ
1053 2055 1132 2137 τινοί
1166 2060 1224 2136 καί
1254 2053 1495 2156 ἀναγκαιοτά-

299 2213 365 2279 την
393 2181 507 2260 αἰτίαν
536 2181 745 2278 οίποδίδωσι,
770 2189 834 2260 τοῦ
862 2185 920 2261 καί
944 2179 1092 2285 σφόδρα
1120 2181 1260 2262 δικαίως
1286 2179 1497 2280 ἡγαπῆσθαι

298 2300 398 2406 παροί
425 2312 489 2383 τοῦ
510 2303 664 2405 Πατρδς,
682 2301 724 2383 τδ
743 2303 877 2408 τηρήσαι
895 2303 959 2389 τῖες
980 2302 1116 2388 ε’ντιλῖις
1136 2305 1255 2399 αὐτοῦ,
1274 2306 1331 2382 καί
1357 2302 1440 2399 ἡμῖν
1459 2301 1496 2381 δί
1515 2333 1551 2392 ¹5

301 2428 418 2510 αὐτοῖς
443 2436 607 2530 πληροῦν
629 2428 834 2529 ἐπείγεσθαι
861 2435 966 2507 τοῦτο
992 2426 1239 2524 διακελεύεται,
1259 2424 1433 2525 διαμένειν
1458 2459 1496 2504 τε

302 2549 394 2628 οὕτω
423 2553 538 2654 φησὶν
559 2552 588 2630 ἐν
612 2553 651 2660 τῇ
673 2549 800 2665 ιίγιίπη
824 2552 941 2632 αὑτοῦ.
984 2549 1203 2650 συλλήβδην
1231 2549 1321 2629 ὅσον
1347 2545 1413 2648 μέν
1434 2550 1498 2628 οὖν

271 2671 402 2751 θὲστιν
429 2679 538 2753 εἰπεῖν
565 2677 624 2753 καί
645 2671 691 2753 τοί
714 2676 751 2752 ἐν
778 2679 830 2782 τῷ
856 2673 1073 2781 προκειμένῳ
1098 2681 1321 2774 συνενεγκεῖν
1347 2669 1499 2774 ἁθρόως,

254 2809 255 2812 ’
302 2799 340 2874 ἐν
368 2796 568 2881 τούτοιςέδ
595 2796 697 2896 μάλα
725 2797 985 2897 δεδηλώκαμεν.
1026 2797 1144 2897 ἐπειδὴ
1173 2795 1209 2878 δί
1238 2793 1335 2896 οἶμαι
1361 2800 1433 2876 δεῖν
1456 2795 1499 2876 τὸ

303 2923 430 3000 δοκοῦν
448 2921 529 3001 ἔσθ’
545 2919 602 3000 ὅτε
621 2920 837 3024 θορυβήσειν
855 2923 896 3001 οὐ
914 2927 1047 3024 μικρῶς
1064 2928 1136 3001 τῶν
1150 2921 1320 3023 ἀκεραίων
1333 2919 1396 3000 τὸν
1415 2928 1501 2998 νοῦν
1516 2953 1554 2993 20

301 3043 610 3151 κατεξευμαρῖσαι,
633 3044 746 3126 πάλιν
768 3044 854 3151 φέρε
879 3045 923 3145 δὴ
951 3043 1121 3146 λε’γωμεν,
1144 3044 1241 3128 ὅπως
1268 3078 1306 3123 τε
1334 3047 1391 3122 καί
1420 3043 1501 3122 τίνα

302 3165 437 3270 τρόπον
454 3167 518 3248 τὸν
533 3171 570 3247 ἐν
588 3176 662 3252 τοῖς
685 3168 922 3270 προκειμένοις
945 3168 1178 3276 ε’κληήιόμεθοι
1204 3175 1297 3247 νοῦν.
1335 3168 1501 3271 φαίνεται

303 3291 421 3370 τοίνυν
440 3294 461 3370 ὁ
480 3293 611 3395 Κύριος
629 3291 729 3390 ἡμῶν
747 3293 890 3393 Ἰησοῦς
912 3295 932 3372 δ
951 3291 1122 3397 Χριστὸς,
1141 3290 1254 3370 τύπον
1270 3288 1395 3393 ὥσπερ
1420 3289 1502 3370 τινὰ

303 3417 361 3494 καὶ
380 3419 443 3512 τῆς
462 3416 609 3516 εῦαγοῦς
627 3415 808 3499 πολιτείας
828 3415 1065 3518 ὑπογραμμὸν
1083 3415 1207 3496 ἑαυτὸν
1222 3415 1304 3515 ἡμῖν
1318 3418 1500 3517 παραθεὶς,

303 3533 365 3616 ἅτε
384 3537 428 3637 δή
447 3540 504 3616 καί
527 3537 585 3618 διὰ
606 3546 712 3618 τοῦτο
740 3539 897 3640 γεγονὼς
927 3538 996 3619 ὑπὸ
1025 3538 1218 3638 νόμον,καί
1240 3543 1303 3637 τῆς
1329 3538 1500 3642 ἡμετέρας
1517 3585 1553 3643 25

302 3661 479 3765 πτωχείας
506 3662 570 3740 οῦκ
598 3659 811 3767 ἀπαξιώσας
838 3659 880 3741 τὸ
909 3662 1037 3764 με’τρον
1064 3663 1168 3760 ἑλεῖν,
1191 3662 1249 3741 ἵνα
1276 3669 1349 3746 τοῖς
1377 3663 1502 3761 ἡμετέ-

133 3799 251 3857 882A.
271 3813 290 3853 ν
301 3819 377 3888 ροις
403 3783 520 3864 ε”θεσιν
543 3790 768 3882 οἰκονομικῶς
793 3785 1187 3883 συναναπλαττὸμενος,
1205 3785 1335 3888 ὃδηγὸς
1364 3789 1501 3892 εὑρεθῇ,

303 3907 463 4010 καθάπερ
499 3910 536 3988 ἐν
573 3906 839 4011 παραδείγμασι
876 3917 949 3993 τοῖς
987 3911 1068 3989 καθ’
1109 3907 1246 4007 ἑαυτὸν,
1284 3908 1377 4012 πρὸς
1413 3907 1501 3990 ἀνοί-

302 4037 420 4139 ληήιιν
449 4033 631 4118 πολιτείας
663 4035 721 4112 καί
750 4031 838 4134 ζωῆς
870 4036 933 4132 τῆς
961 4031 1090 4132 ἀήθους
1122 4033 1205 4130 ἡμῖν
1235 4035 1292 4112 καί
1325 4035 1502 4129 ἀστιβοῦς

302 4164 499 4240 παντελῶς.
1518 4199 1557 4255 30

341 4389 366 4428 ο.
378 4371 467 4460 μένετε
479 4373 511 4464 Ε).
524 4375 621 4464 μρνεῖτε
635 4373 686 4429 Εδ.
845 4393 871 4443 4.
884 4375 951 4446 με’νω
965 4375 996 4430 Ε.
1009 4379 1077 4445 μενῶ
1089 4373 1155 4460 Ed'.
1247 4443 1258 4464 ο
1302 4385 1344 4444 15.
1357 4373 1385 4428 δὲ
1398 4373 1502 4464 ⁰¹¹¹·‚E·

307 4441 483 4582 ρξ.ειηὲηηοέ
494 4445 641 4516 επειγεσθαι
655 4453 824 4516 {insumptum
837 4464 868 4500 ex
883 4447 913 4500 E.
1055 4463 1096 4516 19.
1115 4443 1182 4516 δειν]
1200 4450 1227 4508 †
1243 4465 1503 4516 οσον-προκειμενιρ
