3274 5118
295 284 359 348 618
599 287 637 352 B.
662 285 872 352 CYRILLI
903 285 1195 351 ALEXANDR.
1384 279 1501 359 xvi-7·

294 448 518 551 πραγμάτων
549 452 776 552 τελουμέναις
812 452 1025 550 οἰκονομίαις
1057 451 1245 556 χρησίμως
1277 445 1377 553 ἀνῄει
1406 441 1504 548 πρὸς

294 572 359 653 τὸν
388 575 544 678 Πατέρα.
581 577 640 655 καὶ
667 577 709 656 οὐ
737 575 1019 677 διαβεβλήσεται
1046 575 1111 671 μέν
1138 578 1341 668 παντελῶς,
1372 572 1425 652 ὡς
1455 569 1501 646 οὐ
1544 663 1548 670 ¹

296 695 445 802 σφόδρα
473 697 659 784 λυσιτελές
688 697 729 780 τὸ
760 709 999 803 συμπαρεῖναι
1028 707 1103 784 τοῖς
1131 701 1317 798 μαθηταῖς,
1342 691 1403 775 διὰ
1432 691 1505 790 τὴν

298 827 345 905 είς
366 823 516 925 ὕστερον
534 825 734 925 ἀναγκαίως
759 824 952 926 γενομένην
981 824 1194 923 ἀποδημίαν,
1212 823 1293 902 οὔτε
1321 818 1395 920 μὴν
1415 827 1500 895 λοι·

132 973 243 1032 υιθλ
269 945 536 1048 ιδορηθήσεται
564 945 655 1027 κατά
680 981 715 1028 τι
743 957 832 1050 γοῦν
850 947 945 1031 ὅλως
963 945 1005 1027 τὸ
1024 949 1063 1026 ἐκ
1085 951 1150 1046 τῆς
1172 943 1373 1044 ἀποδημίας
1402 939 1500 1046 χρή
1518 971 1536 1030 5

139 3021 153 3068 5

141 3151 179 3198 ²5·

299 1102 420 1168 σιμον,
439 1068 497 1150 διὰ
524 1069 566 1151 τὸ
594 1075 632 1151 ἐκ
659 1079 723 1152 τοῦ
751 1078 914 1175 παρεῖναι
941 1070 1143 1176 συμφέρον·
1181 1066 1347 1172 ἑκάτερον
1363 1063 1439 1169 γάρ
1465 1067 1506 1143 έν

301 1199 411 1302 καιρῷ
429 1193 599 1298 πρέποντι
617 1197 805 1302 χρησίμως
824 1193 1030 1298 ἐπράττετο.
1063 1194 1121 1274 ἵνα
1140 1193 1177 1274 δὲ
1195 1191 1260 1273 τὸν
1277 1199 1341 1272 τοῦ
1360 1187 1503 1292 θεωρή-

300 1351 413 1416 ματος
451 1327 534 1399 νοῦν
564 1317 685 1426 βραχὺ
726 1317 1050 1423 παραπλώσαντες,
1086 1317 1387 1418 εὐσυνοπτότερον
1426 1319 1505 1395 τοῖς

301 1443 472 1544 ἀδελφοῖς
496 1443 794 1544 καταστήσωμεν,
817 1443 903 1548 φέρε
929 1443 973 1543 δή
998 1440 1160 1544 λέγωμεν
1184 1435 1505 1542 ἀναμηρυσάμενοι

301 1569 353 1671 τῷ
381 1564 482 1673 λόγῳ
510 1567 585 1647 κατ’
617 1565 811 1671 ἐπιδρομὴν
838 1571 901 1666 τῆς
928 1565 1018 1665 μετὰ
1045 1565 1180 1670 σαρκὸς
1209 1563 1409 1662 οἰκονομίας
1437 1569 1504 1640 τοῦ
1520 1602 1560 1642 ιο

303 1693 534 1790 Μονογενοῦς
564 1689 630 1790 τὴν
661 1690 861 1797 πρόφασιν,
891 1695 949 1772 καὶ
979 1687 1070 1794 πρὸς
1102 1688 1240 1772 τούτοις
1272 1687 1323 1768 ε”τι
1357 1684 1401 1766 τὸ
1438 1689 1505 1784 τῆς

303 1815 503 1912 ἀποδημίας
528 1810 724 1920 ὠφέλιμον.

352 1932 434 2016 Ἵνα
460 1939 661 2018 τοίνυνκαὶ
689 1945 829 2044 φθορᾶς
852 1941 910 2018 καὶ
938 1935 1095 2019 θανάτου
1123 1934 1322 2042 ἀπαλλάξῃ
1350 1931 1415 2015 τῖιν
1444 1931 1505 2012 διά

269 2064 367 2160 ητῆς
386 2063 535 2166 ἀρχαίας
554 2064 686 2163 ἐκείνης
708 2062 1002 2165 κατακεκριμένον
1019 2065 1118 2165 ἀρᾶς,
1137 2060 1283 2162 γέγονεν
1301 2059 1503 2162 ἅνθρωπος,

304 2183 430 2265 ἑαυτὸν
448 2183 574 2291 ὥσπερ
593 2189 765 2289 ε’γκοθιεὶς
791 2193 836 2292 τῇ
859 2185 1010 2292 ἡμετέρᾳ
1027 2185 1147 2292 φύσει,
1167 2183 1258 2287 ζωήν
1277 2181 1369 2264 κατά
1387 2183 1505 2290 φύσιν
1523 2229 1536 2266 ι
1542 2225 1560 2282 5

305 2308 521 2415 ὑπάρχοντα.
574 2313 748 2411 νενίκηται
781 2309 854 2414 γάρ
885 2311 978 2389 οὕτω
1006 2318 1070 2389 τοῦ
1101 2308 1256 2390 θανάτου
1287 2307 1330 2388 τὸ
1361 2307 1504 2409 κράτος,

304 2433 362 2510 καὶ
390 2430 540 2513 λέλυται
565 2437 629 2534 τῆς
653 2437 691 2514 ἐν
709 2435 792 2532 ἡμῖν
809 2432 1020 2514 ἐπεισάκτου
1044 2439 1183 2538 φθορᾶς
1201 2432 1224 2532 ἡ
1243 2430 1402 2530 δυ’ναμις.
1443 2434 1503 2510 καὶ

305 2555 445 2659 ἐπείπερ
473 2561 536 2655 τῆς
560 2563 608 2642 εἱς
630 2558 806 2661 ἁμαρτίαν
827 2561 940 2660 ῥοπῆς
969 2557 1139 2660 ἐλευθέρα
1162 2561 1352 2640 παντελῶς
1378 2556 1400 2655 ἡ
1426 2555 1504 2636 θεία

306 2678 418 2784 φύσις
436 2682 525 2778 ἐστὶ,
542 2678 737 2788 πεφόρεκεν
756 2682 847 2780 ἡμεῖς
874 2679 932 2760 διά
957 2685 1020 2780 τῆς
1046 2682 1135 2765 ἰδίας
1161 2681 1309 2782 σαρκός·
1351 2683 1389 2760 ἐν
1407 2681 1505 2788 αὐτῷ

306 2799 378 2904 γὰρ
406 2799 494 2902 ἦμεν
515 2808 549 2882 οῖ
576 2804 715 2903 πάντες,
734 2803 824 2884 καθὸ
842 2803 1002 2910 πέφηνεν
1026 2803 1224 2906 ἅνθρωπος·
1262 2803 1321 2882 ἵνα
1339 2804 1504 2909 νεκρῶση
1523 2857 1562 2896 20

140 2941 193 2991 σοι.
206 2941 242 2990 ιιι.
307 2933 330 2970 “
346 2924 393 3005 τὰ
419 2923 514 3028 μέλη
542 2926 588 3007 τά
610 2931 666 3009 ε’πὶ
688 2933 751 3027 τῆς
774 2929 874 3030 γής,”
894 2928 1069 3026 τουτέστι,
1088 2926 1134 3006 τὰ
1151 2931 1215 3026 τῆς
1233 2927 1370 3030 σαρκὸς
1393 2928 1504 3027 πάθη,

139 3043 261 3121 Ιὶοαιαὶὶ.
277 3093 294 3136 0
308 3053 366 3129 καὶ
392 3050 605 3158 καταργήσῃ
634 3057 697 3152 τῆς
725 3054 899 3155 ἁμαρτίας
928 3048 1038 3148 νόμον
1068 3051 1133 3131 τὸν
1162 3053 1199 3130 έν
1226 3058 1300 3135 τοῖς
1325 3049 1505 3154 ἡμετέροις

300 3171 437 3271 μέλεσι
464 3175 748 3278 τυραννήσαντα,
765 3181 823 3255 καὶ
846 3175 937 3280 πρὸς
962 3175 1076 3284 τούτῳ
1099 3176 1213 3256 πάλιν
1230 3175 1289 3254 ἵνα
1306 3174 1371 3274 τὴν
1390 3173 1505 3280 φύσιν

307 3298 408 3396 ἡμῶν
427 3295 574 3404 ἀγιάση,
593 3301 651 3378 καὶ
668 3300 779 3384 τύπος
798 3301 898 3398 ἡμῶν
917 3301 974 3379 καὶ
992 3297 1197 3401 καθηγητὴς
1221 3301 1346 3404 εὑρεθῇ
1370 3303 1434 3398 τῆς
1457 3303 1506 3380 είς

308 3421 494 3514 εὐσέβειαν
526 3423 622 3520 ὁδοῦ,
649 3420 789 3524 καθαροί
815 3458 852 3503 τε
883 3423 1078 3523 ε’πίγυωσις
1108 3427 1172 3522 τῆς
1203 3425 1279 3502 κατ’
1309 3423 1506 3522 ἐπίγνωσιν
1523 3464 1560 3523 ²5

308 3545 477 3642 ἀληθείας
510 3548 567 3624 καὶ
597 3547 781 3630 ἀπλανοῦς
809 3547 1000 3630 πολιτείας·
1043 3555 1157 3626 ταῦτα
1190 3547 1234 3646 δή
1268 3547 1331 3626 οὖν
1363 3543 1507 3626 ἅπαντα

309 3665 465 3768 γεγονὼς
493 3667 681 3771 ἅνθρωπος
709 3671 940 3772 κατώρθωκεν
960 3673 979 3750 ὀ
999 3668 1173 3773 Χριστός.
1215 3670 1284 3750 ἔδει
1312 3670 1430 3749 τοίνυν
1458 3675 1507 3752 εἰς

309 3788 489 3893 ἀκρότητα
516 3790 650 3875 παντὸς
681 3795 819 3894 ἀγαθοῦ
847 3790 912 3892 τήν
940 3794 1131 3897 ἀνθρώπου
1161 3795 1276 3901 φύσιν
1301 3797 1506 3896 ἀναγαγεῖν,

310 3917 370 3995 καὶ
389 3915 468 4019 οὐχὶ
494 3914 604 4014 μόνον
621 3913 834 4022 ἀπαλλάξαι
860 3915 1016 3996 θανάτου
1043 3919 1101 3996 καὶ
1130 3917 1314 4020 ἁμαρτίας,
1333 3915 1418 3996 ἀλλ’
1438 3917 1506 4018 ήδη

278 4041 370 4124 ᾱκαὶ
388 4042 438 4122 είς
455 4039 580 4123 αι’ποάς
605 4036 828 4135 ἀναβιβάσαι
851 4039 933 4124 τοὺς
955 4039 1134 4142 οὐρανοὺς,
1159 4041 1363 4142 ὁμοδίαιτόν
1385 4075 1422 4120 τε
1447 4043 1504 4120 καῖ
1523 4082 1562 4137 30

311 4162 559 4266 συγχορευτήυ
589 4165 759 4272 ἐπιδεῖξαι
795 4172 868 4250 τοῖς
898 4163 1069 4267 ἀγγέλοις
1098 4164 1161 4245 τὸν
1195 4165 1399 4269 ἄνθρωπον·
1448 4169 1508 4245 καὶ

319 4519 326 4538 ¹
351 4465 374 4503 ι.
385 4449 477 4575 Εδγὶεισι
489 4447 571 4505 Cord.
784 4466 827 4521 23.
844 4451 896 4518 πρὸ
910 4449 942 4504 Ε.
1176 4469 1219 4520 24.
1237 4451 1308 4522 ήμῶν
1320 4452 1365 4508 αλ.
1379 4451 1411 4506 Ε.
1426 4449 1510 4507 Cord.

314 4541 372 4588 ημιν
429 4560 436 4575 .
