3200 5092
70 333 183 399 ufizss.
247 336 307 400 IN
342 337 379 404 S.
408 339 687 406 JOANNEM.
735 341 888 406 LIB.V.
934 342 1038 408 CAP.
1055 342 1097 406 V.
1250 342 1293 405 39

67 511 85 542 ·‘
98 533 163 596 μου
193 500 260 584 ἔως
294 503 388 604 ἅρτι
425 501 626 606 ἐργάζεται
660 503 762 606 κάγὼ
795 504 1022 608 ε’ργιίςῖνμαι.”
1066 506 1194 585 οὐκοῦν
1228 509 1292 584 ἀπ’

68 625 196 725 kmi]
224 624 316 704 ποιεῦ
349 621 463 707 οὐδέν.
519 625 636 706 πόλιν
664 625 793 730 ’ἔλεγον
820 628 921 729 Ἐγώ
952 635 1023 726 εἶμι
1050 627 1093 708 τὸ
1123 635 1202 734 φῶς
1229 634 1294 706 τοῦ

71 745 206 844 κόσμον,
229 749 321 825 ἀλλ’
355 748 522 856 ᾠήθητέ
544 783 581 828 τι
610 749 730 851 λέγειν
756 757 829 830 τῶν
856 749 1068 858 ἀπᾳδόντων
1095 753 1201 857 αὐτῷ,
1226 753 1293 829 κάν

71 871 173 977 τούτῳ
189 871 309 950 πάλιν
330 873 439 969 ὑμᾶς
458 872 677 953 ε’δνσιόπονν
696 873 900 959 ὑποδεικνὺς
924 874 1080 975 λέγοντα
1103 877 1185 976 περὶ
1208 875 1325 972 ε’μοῦθ

52 1005 92 1070 3⁵⁶
105 991 193 1072 Ἰδοῦ
223 992 377 1074 τέθεικά
414 1029 465 1075 σε
503 1002 554 1080 εῖς
586 996 758 1097 διαθήκην
787 999 922 1099 γένους,
953 1004 1001 1082 εἰς
1034 1005 1113 1104 φῶς
1145 998 1291 1077 έθνῶν.”
1340 997 1383 1113 ⁶1²⁴}-
1397 997 1450 1046 ¹¹³¹·

78 1118 180 1216 μάτην
197 1119 263 1196 οῦν
282 1119 364 1221 ἄρα
385 1126 643 1216 καταιτιοῖσθε,
662 1123 767 1224 φησὶ,
786 1119 849 1200 τὸν
868 1123 921 1200 οῖεὶ
940 1127 992 1228 τῷ
1012 1124 1131 1224 Πατρὶ
1150 1119 1296 1201 συνεθέ-

80 1251 190 1330 λοιπα,
210 1246 272 1320 καὶ
297 1251 495 1323 ποιοῦντα
519 1240 631 1342 μηδὲν
654 1250 726 1323 τῶν
750 1243 964 1351 ἀπηδόντων
986 1246 1092 1352 αὐτῷ,
1111 1243 1199 1345 μήτε
1225 1243 1297 1344 μήν

81 1399 109 1444 τι
134 1372 260 1444 λαλεῖν
285 1365 574 1470 ἀνεχόμενον,δ
603 1365 655 1466 μή
683 1369 761 1447 ε’στι
790 1371 873 1470 παρ’
894 1370 1016 1449 αὑτοῦ.
1057 1372 1197 1450 τουτονὶ
1224 1376 1298 1452 τοῖς

82 1489 318 1590 προκειμεῖιοις
339 1487 449 1587 οἶμαι
468 1492 543 1568 δεῖν
560 1489 767 1596 ἐφαρμόσαι
785 1491 848 1572 τὸν
869 1501 966 1574 νοῦν.

48 1641 74 1679 ¹0
128 1611 253 1692 Ἀλλὰ
271 1612 320 1692 τὸ
341 1611 484 1715 πικρὸν
501 1615 587 1712 ἡμῖν
603 1613 694 1697 ἴσως
711 1616 898 1722 έφαλεῖται
918 1617 1052 1718 θηρίον,
1066 1612 1131 1695 τόν
1149 1648 1299 1720 χριστο-

83 1737 189 1840 μάχον
206 1737 247 1817 δὲ
267 1735 465 1836 δηλονότι,
485 1741 580 1840 φημὶ
597 1737 795 1839 Ἀρειανόν·
826 1738 1048 1839 καταβοήσει
1068 1737 1106 1818 δέ
1126 1742 1174 1823 ὡς
1194 1737 1298 1829 εῖκὸς,

83 1865 133 1938 καὶ
151 1861 272 1964 λέγων
292 1861 477 1966 ἀφίξεται
494 1921 516 1957 ,,
530 1861 603 1967 Ἐξ
622 1861 750 1964 οὐρίας,
770 1858 800 1940 ὦ
823 1863 937 1960 οὗτος,
956 1860 1056 1942 ἰόντα
1082 1859 1298 1963 τὸνλόγον,

83 2047 102 2080 ,,
118 1987 153 2063 τί
176 1983 288 2090 βιάζῃ
319 1985 443 2065 πάλιν
463 1987 520 2064 ἐπὶ
543 1983 586 2063 τό
612 1986 674 2063 σοὶ
697 1982 797 2093 μόνῳ
823 1988 951 2066 δοκοῦν
969 1988 1140 2066 αἰντωθεῖν
1159 1983 1299 2086 έπειγό-

83 2169 103 2204 ,,
118 2143 233 2206 μενος,
264 2111 331 2188 καῖ
368 2106 439 2206 τὴν
468 2112 531 2206 τῆς
563 2109 733 2208 ἀληθείας
764 2109 1031 2212 παρακλέπτων
1059 2107 1208 2205 δύναμιν
1236 2110 1330 2192 οῦκο
1350 2135 1466 2192 522A.

47 2236 315 2339 15,ε’ριιθριᾷς;
347 2229 430 2310 ῖδοῦ
460 2237 593 2338 σαφῶς
621 2231 749 2316 ὁΥῖὸς
778 2231 879 2312 οῦδὲν
897 2233 941 2338 ἐξ
963 2234 1090 2312 ἑαυτοῦ
1117 2233 1295 2335 διισχυρί-

83 2417 103 2450 „
119 2357 212 2458 ζεται
240 2361 353 2458 δρᾶν,
375 2356 464 2434 ἀλλ’
485 2354 573 2457 ὅπερ
601 2351 647 2434 ἂν
669 2352 778 2453 μάθοι
805 2354 905 2459 παρὰ
929 2361 1025 2436 Θεοῦ
1052 2358 1110 2434 καὶ
1135 2354 1296 2456 Πατρός,

82 2541 101 2574 ,.
118 2489 226 2560 τοῦτο
245 2485 311 2560 καὶ
330 2486 476 2575 λαλεῖν,
490 2481 603 2564 οὕτως
621 2474 713 2558 οἶδεν
731 2481 769 2559 έν
787 2481 972 2580 ἀμείνοσιν
988 2478 1076 2559 ὅντα
1094 2475 1158 2559 τόν
1172 2479 1298 2558 ἑαυτοῦ

82 2665 103 2698 ,.
121 2603 274 2706 Πατέρα
294 2601 319 2702 ἢ
342 2606 383 2681 ἐν
400 2600 455 2686 οῖς
472 2604 574 2682 ε’στιν
592 2599 732 2686 αότός.”

135 2727 188 2808 Τι’
219 2728 290 2806 οὖν
323 2721 356 2804 ὦ
388 2723 591 2823 βέλτιστες
634 2722 746 2805 πόλιν
778 2725 798 2802 ό
830 2733 990 2808 τοιοῦτος
1022 2724 1296 2819 ἀντακοόσεται,

38 2880 69 2918 20
82 2847 191 2954 ὶσχῦν
209 2846 289 2952 ἄρα
315 2851 380 2928 καὶ
407 2848 559 2928 σύνεσιν
578 2855 783 2954 χορηγεῖται
806 2846 907 2952 παρὰ
924 2856 989 2928 τοῦ
1010 2845 1156 2950 Πατρός
1175 2850 1195 2927 ό
1212 2847 1300 2929 Υἱὸς

82 2977 138 3052 ῖνα
157 2977 221 3054 καὶ
242 2973 405 3071 δύνηταί
421 3005 456 3051 τι
474 2976 564 3073 δρᾶν
582 2975 640 3050 καὶ
659 2979 785 3052 λαλεῖν
803 2969 1058 3071 ἀνεγκλήτως;
1077 2978 1154 3055 πῶς
1172 2971 1235 3050 οὖν
1251 2969 1302 3050 ἔτι

83 3099 178 3182 Θεὸς
207 3095 308 3176 κατὰ
339 3093 466 3202 φῦσιν,
490 3096 510 3174 ό
537 3093 622 3196 παρ’
647 3095 766 3197 ἑτέρον
793 3092 836 3174 τὸ
865 3093 1043 3174 δύνασθαι
1070 3099 1128 3174 καὶ
1157 3101 1303 3199 φρονεῖν

84 3219 351 3322 δανειζόμενος,
370 3215 533 3318 καθάπερ
552 3219 615 3297 οῦν
633 3217 703 3322 ἔχει
722 3221 780 3297 καὶ
802 3224 875 3297 τῶν
893 3216 1102 3317 πτωμάτων
1120 3219 1143 3317 ἡ
1163 3217 1299 3324 φόσις;
1316 3236 1338 3300 b

87 3352 160 3428 τοῖς
188 3341 269 3446 γὰρ
297 3340 346 3448 ἐξ
373 3342 437 3420 οῦκ
465 3341 579 3420 ὄντων
603 3349 760 3446 λαχοῦσι
787 3339 853 3440 τὴν
877 3340 1028 3441 γένεσιν,
1047 3348 1121 3422 πᾶν
1143 3341 1231 3446 ὅπερ
1259 3339 1305 3421 ἂν

46 3501 79 3556 ²5
90 3467 233 3567 γένοιτο
250 3463 412 3568 προσὸν,
431 3471 537 3544 τοῦτο
556 3462 600 3562 δὴ
617 3463 761 3546 πάντως
784 3465 864 3543 ἐστὶ
888 3467 946 3542 καὶ
973 3463 1177 3546 θεόσδοτον.
1218 3467 1303 3546 ἀλλ’

93 3592 160 3694 οὐχ
185 3592 306 3672 οὕτως
331 3590 370 3666 έν
386 3591 479 3694 Υῖῴ·
520 3583 616 3666 Θεδν
640 3586 711 3689 γὰρ
737 3583 910 3686 ἀληθινὸν
932 3586 955 3684 ἡ
980 3588 1057 3666 θεία
1083 3623 1121 3668 τε
1147 3587 1219 3668 οἶδε
1247 3593 1306 3669 καὶ

96 3713 261 3816 κηρύττει
287 3711 429 3816 γραφή.
471 3715 545 3790 δεῖν
563 3744 606 3812 γε
633 3706 730 3808 οἶμαι
748 3715 799 3816 τῷ
820 3745 864 3812 γε
885 3708 962 3788 ὄντι
981 3709 1204 3816 κατὰφύσιν
1224 3717 1307 3816 Θεῷ

97 3837 213 3918 πάντα
229 3836 383 3918 τελείως
401 3840 592 3936 προσεῖναι
609 3831 655 3914 τὰ
673 3832 804 3935 ἀγαθά·
842 3831 883 3914 τὸ
910 3831 948 3912 δὲ
973 3834 1117 3917 τελείως
1142 3835 1207 3914 οὐκ
1225 3833 1308 3939 ἕχον

134 4069 154 4107 ι.
171 4053 248 4107 οἰδὲν
259 4049 307 4107 ἀπ’
321 4049 439 4116 ἐμαυτοῦ
450 4049 517 4101 ποιῶ
529 4043 635 4099 inverso
648 4042 741 4098 ordine
753 4063 778 4098 ο.
851 4061 876 4098 2.
895 4041 1002 4116 ἔλεγον]
1014 4039 1086 4099 εἶπον
1098 4062 1122 4100 ο.
1194 4061 1219 4114 3.
1238 3992 1309 4111 {m

102 4123 129 4176 B.
140 4123 294 4180 emendavit
308 4121 407 4176 Holat.
568 4131 610 4169 ιο.
627 4117 720 4184 πικρὸν
731 4113 882 4170 emendavit
894 4116 967 4170 Aub.
980 4133 995 4168 ο
1008 4115 1066 4168 Cat.
1081 4113 1158 4168 Harl.
1171 4115 1261 4181 μικρὸν
1275 4113 1307 4168 Β.

103 4195 142 4249 HL
187 4195 288 4250 Statim
302 4191 375 4247 ἴσως
387 4189 450 4258 ἡμῖν
461 4186 570 4240 inverso
582 4185 677 4240 ordine
689 4203 713 4239 a.
929 4202 971 4239 11.
990 4182 1073 4256 φημὶ]
1090 4190 1118 4248 4
1133 4185 1179 4238 τὸν
1193 4183 1241 4237 Ht.
1256 4183 1308 4238 Ed.

103 4281 134 4320 u.
150 4265 259 4324 δοῦπος
271 4265 354 4319 ι’όντα
371 4261 404 4314 Β.
419 4259 440 4312 ὸ
453 4257 550 4312 οὖτωαι
563 4255 625 4310 ὄντα
637 4256 699 4327 (sic)
712 4257 751 4311 Ht
753 4295 888 4310 .......
902 4253 1045 4309 δνταΑιιδ.
1120 4267 1161 4324 15.
1180 4255 1272 4309 ἑαυτοῦ
1284 4273 1309 4308 a.

98 4339 163 4394 αι’ωῡ
174 4337 226 4396 Ed.
337 4330 383 4387 16.
403 4325 490 4398 παρὰ]
507 4329 634 4389 hosta.
731 4339 772 4396 17.
791 4328 868 4378 λαλεῖ
880 4343 904 4380 ο.
918 4325 978 4379 Cat.
995 4324 1069 4378 Harl.
1160 4341 1202 4381 20.
1222 4327 1310 4382 όΥίδς

94 4423 252 4484 mptum
267 4424 305 4462 ex
319 4422 349 4459 ιι.
443 4415 487 4452 21.
505 4397 548 4451 καὶ
561 4397 635 4466 priua
648 4405 817 4468 assumptum
830 4413 862 4449 ex
875 4413 899 4449 a.
948 4393 1110 4466 ἀνεγκλήτως
1121 4413 1145 4450 ο.
1159 4395 1218 4451 Cat.
1233 4397 1309 4452 Harl.

89 4512 287 4590 askoenjecit
304 4497 730 4588 Heyse.dnda3«r'1wsB.Ed3
798 4513 841 4566 ιη.
859 4479 1080 4579 γερνίιιοᾘῖΒτ
1152 4498 1309 4635 αΒ.-η),4ο,

85 4609 104 4648 ι.
119 4585 308 4648 radi-etas
328 4577 365 4632 B.
380 4575 415 4628 τδ
427 4573 456 4627 δὲ
469 4574 577 4626 τελειως
589 4570 637 4639 οὐχ
650 4571 711 4640 ἔχον
723 4579 793 4624 mter
809 4585 961 4638 congenem
976 4567 1212 4638 confunonemque
1238 4568 1311 4620 elau-
