3142 5118
354 341 420 406 214
658 344 697 408 B.
722 343 932 409 CYRILLI
961 342 1252 408 ALEXANDR.
1480 359 1510 402 x.

333 513 427 587 ,τῶν
455 509 511 614 ἐφ’
541 507 593 593 οἷς
626 507 671 610 ἦν
699 511 719 589 ὃ
747 508 869 611 λόγος,
897 510 939 589 τό
970 507 1101 594 Πάντες
1134 510 1261 612 φησὶν,
1291 502 1489 605 οἰησόμεθα
1515 543 1519 580 ι

355 632 519 731 οὐδαμῶς
552 633 594 712 τὸ
627 640 701 713 τῶν
730 634 843 735 ἁγίων
872 639 1072 741 προφητῶν
1103 634 1307 718 ἀθετεῖσθαι
1338 629 1516 731 πρόσωπα

354 761 431 839 πῶς
459 745 532 859 γὰρ
558 755 604 837 ἂν
628 757 802 858 ἠθέτησεν
827 759 847 837 ὃ
875 763 939 857 τῆς
966 760 1092 838 ἑαυτοῦ
1119 755 1320 860 παρουσίας
1348 753 1391 834 δι’
1415 753 1519 832 ἐκείνι

187 875 302 992 {fuit
355 880 487 982 ἐναργῆ
513 881 749 981 καταστήσας
774 881 821 962 τά
849 880 1090 982 μηνύματα,ὃ
1115 879 1234 984 λέγων
1253 890 1274 928 “
1287 878 1387 979 Ἐγὼ
1411 872 1519 980 ὃράσε

321 1005 377 1070 b“
395 1003 591 1104 ἐπλήθυνα,
635 1008 693 1085 καὶ
739 1008 777 1085 ἐν
818 1008 923 1111 χερσὶ
969 1011 1168 1110 προφητῶν
1215 1003 1404 1102 ῶμοιεύθην
1419 999 1449 1094 ;”
1498 1033 1519 1078 κ

186 1131 285 1262 ξω·
357 1129 522 1208 Μωυσέα
546 1127 613 1228 μέν
632 1129 831 1236 ἀναδείξας,
848 1127 940 1233 πρὸς
959 1130 1133 1233 Ἱερεμίαν
1152 1126 1190 1208 δέ
1215 1127 1325 1208 είπῶν
1344 1138 1366 1174 “
1381 1123 1446 1224 Μὴ
1470 1124 1519 1202 λέ

356 1262 377 1298 “
395 1251 450 1332 ὅτι
469 1253 635 1356 νεώτερος
654 1253 724 1356 ἐγώ
743 1259 823 1354 εἰμι,
842 1254 897 1335 ὅτι
914 1253 1005 1356 πρὸς
1022 1251 1160 1336 πάντας
1177 1251 1239 1336 οῦς
1255 1249 1300 1330 ἂν
1317 1251 1519 1357 ἐξαποστελ

274 1373 284 1382 ’
356 1384 378 1421 “
394 1409 440 1455 σε
472 1377 644 1482 πορεύσῃ,
678 1379 736 1458 καὶ
773 1375 866 1457 κατὰ
901 1376 1021 1457 πάντα
1057 1376 1130 1456 ὅσα
1169 1372 1214 1455 διν
1246 1374 1459 1472 ἐντείλωμαί
1495 1407 1519 1450 σ

354 1507 376 1545 “
396 1498 609 1600 λαλήσεις·”
637 1499 729 1604 πρὸς
755 1501 793 1582 δέ
817 1499 882 1582 τὸν
899 1497 1075 1604 μακάρων
1092 1499 1262 1604 Ἰεζεκιήλ
1280 1509 1303 1547 “
1317 1495 1382 1578 Υίέ
1408 1501 1519 1600 ἀνθρυ

312 1685 317 1692 ,
354 1633 376 1670 “
395 1657 476 1722 που,
504 1623 742 1730 ἐξαποστελῶ
773 1624 844 1727 ἐγώ
874 1659 919 1706 σε
951 1624 1043 1728 πρὸς
1074 1623 1138 1705 τὸν
1166 1621 1264 1704 οἶκον
1291 1630 1355 1702 τοῦ
1381 1620 1519 1723 Ἰσραὴι

354 1759 377 1795 “
393 1745 476 1830 τοῦς
499 1747 848 1851 παραπικραίνοντάς
876 1785 920 1849 με
933 1747 967 1846 ;”
997 1750 1125 1829 ούκοῦν
1148 1750 1168 1828 ὁ
1192 1756 1256 1828 τοῦ
1280 1745 1394 1850 λόγου
1415 1780 1519 1825 σκοπ

355 1872 419 1951 ούκ
444 1877 492 1954 είς
516 1869 581 1951 τὸν
606 1879 679 1952 τῶν
701 1875 814 1975 ἁγίων
835 1880 1034 1980 προφητῶν
1058 1873 1253 1976 τέτραπται
1282 1869 1400 1976 χορὸν,
1420 1871 1491 1975 ὁρᾷ

354 2002 499 2095 μᾶλλον
527 2003 575 2080 είς
602 1995 763 2094 ἐκείνους,
791 1998 894 2100 οἵπερ
923 1995 1021 2096 ἦσάν
1048 2030 1136 2078 ποτε
1169 1995 1260 2076 κατὰ
1289 1993 1355 2094 τὴν
1377 1995 1519 2074 Ἰουδαά

325 2123 575 2226 απροφητείας
612 2119 891 2224 ὑποκρινόμενοι,
928 2124 987 2201 καὶ
1024 2126 1332 2228 φευδηγοροῦντες
1369 2121 1418 2203 ὡς
1455 2153 1519 2220 πα,

355 2249 451 2323 Θεοῦ
479 2243 636 2344 ἥκοντες,
665 2247 723 2324 καὶ
751 2243 814 2325 τὸν
842 2241 934 2324 λαὸν
961 2244 1211 2328 ἀναπείθοντες
1238 2244 1280 2322 ού
1307 2251 1379 2326 τοῖς
1408 2245 1519 2342 ἀληθι

353 2367 453 2468 παρὰ
487 2373 582 2448 θεοῦ
614 2367 886 2476 προφητεύσασι
919 2369 1199 2449 καταπείθεσθαι
1232 2373 1393 2464 μᾶλλον,
1425 2363 1449 2465 ἢ
1482 2399 1519 2444 τε

354 2493 438 2594 παρ’
470 2492 586 2571 αύτῶν
616 2490 941 2591 διαπεπλασμένοις
971 2491 1226 2597 ἐπιχειρήμασί
1251 2525 1290 2570 τε
1320 2493 1378 2570 καὶ
1411 2488 1519 2590 λόγον

355 2618 435 2715 περὶ
452 2612 502 2694 ὧν
520 2651 591 2696 που
614 2619 709 2720 φησὶ
734 2619 794 2696 καὶ
821 2614 927 2700 αῦτῦς
952 2617 972 2694 ὁ
995 2615 1126 2719 Κύριος
1151 2617 1171 2695 ὁ
1195 2613 1342 2695 πάντων
1360 2611 1519 2692 Δεσπύτ

186 2740 308 2856 Qu·
356 2743 414 2819 καὶ
451 2738 543 2822 θεός
575 2748 597 2785 “
617 2739 697 2818 Οῦκ
734 2737 965 2819 ἀπέστελλον
1001 2736 1085 2824 τοῦς
1121 2737 1323 2845 προφήτας,
1359 2741 1418 2817 καὶ
1456 2737 1519 2815 αύτ

356 2873 378 2910 “
396 2862 551 2967 ἔτρεχον·
592 2864 656 2942 ούκ
688 2861 859 2964 ἐλάλησα
890 2861 982 2965 πρὸς
1012 2861 1149 2960 αύτούς,
1177 2867 1235 2942 καὶ
1265 2865 1364 2942 αύτοὶ
1393 2864 1519 2968 ἐπροφ

186 2987 289 3117 ἦθ’·
355 2997 377 3034 “
395 2986 533 3066 τευου·”
578 2987 669 3090 πρὸς
697 2985 739 3066 δέ
761 2985 894 3090 γετὸν
921 2985 1097 3089 μακάριον
1123 2987 1295 3090 Ἱερεμίαν
1323 2996 1345 3034 “
1362 2988 1489 3083 Ψευδῆ

320 3123 377 3189 d“
395 3115 579 3219 προφῆται
606 3109 899 3217 προφητεύουσιν
923 3115 981 3192 ἐπὶ
1008 3117 1059 3220 τῶ
1087 3109 1239 3211 ὀνόματί
1263 3145 1344 3208 μου,
1368 3111 1433 3189 οῦκ
1462 3113 1519 3188 ἀπ

355 3247 377 3282 “
396 3247 527 3316 στειλα
558 3233 686 3320 αύτοῦς
718 3238 778 3315 καὶ
810 3236 875 3314 οῦκ
911 3233 1080 3336 ἐλάλησα
1111 3233 1202 3338 πρὸς
1234 3232 1362 3319 αύτούς
1394 3237 1454 3312 καὶ
1495 3267 1519 3312 ο

355 3371 378 3407 “
397 3359 626 3462 ἐνετειλάμην
645 3361 777 3458 αύτοῖς,
799 3357 855 3438 ῦτι
882 3357 1025 3462 ὁράσεις
1050 3363 1108 3438 καὶ
1133 3359 1354 3458 σῑωνίσματα
1378 3359 1436 3436 καὶ
1463 3391 1519 3460 πρ

357 3496 378 3532 “
396 3485 543 3588 φητείας
579 3485 725 3588 καρδίας
762 3485 879 3563 αὐτῶν
916 3484 1017 3563 αὐτοὶ
1052 3483 1344 3588 προφητεύουσιν
1382 3483 1478 3582 ύμῖν·

356 3618 378 3654 “
396 3609 585 3714 προφῆταί
618 3614 705 3705 εἱσι,
741 3610 800 3687 καὶ
838 3614 868 3688 εἰ
904 3607 982 3687 ἐστι
1021 3606 1133 3710 λόγος
1172 3608 1307 3710 Κυρίου
1344 3610 1382 3688 ἐν
1419 3607 1519 3686 αύτο

357 3741 380 3778 “
398 3729 715 3832 ἀπαντησάτωσοίν
742 3765 814 3830 μοι.
851 3733 890 3812 τί
908 3729 956 3811 ’τῦ
985 3731 1120 3836 ἄχυρον
1144 3729 1236 3834 πρὸς
1263 3729 1328 3811 τὸν
1350 3738 1457 3812 σῖτον
1474 3731 1518 3827 ;”

357 3854 512 3959 μὲνγὰρ
537 3853 648 3957 λύγος
672 3855 783 3939 ὅντως
809 3855 829 3934 ὃ
855 3855 955 3959 παρὰ
974 3861 1070 3936 Θεοῦ
1096 3853 1373 3962 τροφιμωτάτην
1392 3855 1466 3960 ἔχει
1494 3891 1519 3937 τ

392 4152 418 4206 3.
437 4133 482 4208 δυ]
499 4142 528 4201 4
543 4137 655 4195 ἐκείνους
666 4156 691 4193 ι.
791 4151 818 4210 5.
836 4140 878 4194 καλ
891 4139 1006 4196 Μωυσέα
1017 4140 1065 4210 μέν
1076 4141 1210 4210 θναδείξσς
1221 4157 1274 4196 asu.
1287 4157 1320 4195 ex
1335 4138 1368 4194 Β.
1474 4153 1506 4210 7.

356 4207 403 4262 alt.
432 4207 497 4261 διότι
509 4224 534 4264 a.
592 4207 702 4281 πάντας]
719 4214 748 4274 -1-
762 4211 829 4279 πρὸς
845 4208 936 4267 Holst.
951 4212 1003 4267 Ed.
1019 4211 1110 4266 invitis
1124 4211 1181 4266 Ba.
1241 4211 1410 4279 ἐξαποστελῶ
1423 4209 1458 4264 Β.
1477 4211 1519 4264 οἱ,

356 4278 393 4331 xii
444 4277 534 4348 oph.1
567 4278 595 4335 b.
608 4279 786 4350 ἐξαποστείλας
798 4297 822 4335 a.
836 4279 871 4335 cf.
884 4299 965 4353 upra
981 4281 1030 4336 16⁸
1040 4300 1063 4337 e.
1075 4282 1214 4336 ἀποστελῶ
1228 4281 1277 4336 Ht.
1291 4281 1342 4336 Ed.
1411 4296 1453 4350 13.
1472 4280 1519 4336 '10

355 4349 519 4473 W
532 4295 947 4492 ἓιθιῑααιυνκα
961 4350 1519 4494 ιιιαινςιυωυιξυιυ

357 4515 401 4568 α8.
419 4502 484 4570 ὀνῦος
498 4515 529 4569 Β.
543 4514 622 4572 ὄντος
639 4519 654 4570 ό
672 4515 823 4571 emendavit
836 4517 885 4573 Ht.
898 4527 925 4573 et
938 4519 975 4573 itu
988 4537 1013 4573 ε.
1064 4505 1299 4589 τροφίγταματάτην
1311 4515 1344 4572 B.
1357 4516 1462 4589 τροφὴν
1472 4539 1519 4592 το,

356 4585 435 4652 τάτην
449 4585 474 4639 Η
478 4593 498 4639 t.
510 4587 734 4656 τροφιμωτάτηνθ
748 4585 807 4643 Cat.
820 4597 851 4643 ut
862 4589 917 4645 vid.
929 4587 1080 4645 emendavit
1091 4587 1164 4644 Aub.
1177 4595 1204 4642 et
1214 4586 1252 4642 itu
1263 4603 1288 4642 a.
