3248 5112
93 351 299 438 xiv.12‚13.
337 352 397 418 IN
426 353 460 421 S.
484 353 743 420 JOANNEM.
788 354 885 421 LIB.
909 355 970 420 IX.
1016 355 1116 420 CAP.
1140 354 1169 422 1.
1242 355 1307 418 457

94 515 294 620 χαρακτήρ
319 520 421 599 έστιν
444 521 563 620 αὐτοῦ,
583 519 803 628 φορούμενος
827 518 894 619 μέν
912 524 961 605 ὡς
985 521 1022 600 έν
1040 517 1229 627 ἀρχετύπῳ
1256 523 1308 626 τῷ

97 644 238 745 Πατρί,
267 641 361 747 ἔχων
389 643 505 747 γεμὴν
530 647 568 725 ἐν
594 648 708 753 ἑαυτῷ
734 644 778 725 τό
805 644 1015 749 ἀρχέτυπον,
1044 647 1092 728 ὡς
1122 639 1307 749 χαρακτὴρ

97 771 273 870 φυσικῶς·
300 801 339 848 τε
368 771 427 848 καί
452 769 644 866 ούσιωδῶς,
668 771 727 848 καὶ
754 769 796 848 ού
824 766 916 848 κατά
942 803 1022 848 τινα
1048 765 1308 874 σχηματισμὸν

96 887 164 968 τὸν
182 893 226 970 ἒν
249 893 449 973 διαπλάσει
474 892 676 994 νοούμενον·
705 893 779 973 ἅνω
807 891 879 995 γὰρ
903 891 1103 997 σχημάτων
1124 891 1167 972 τὸ
1194 897 1341 988 θεῖον,ἰ)

67 1017 174 1094 ὅέπεί
193 1019 259 1095 καί
278 1017 485 1113 ιίσιόματον·
514 1015 627 1119 “ε’γῶ,
647 1019 773 1124 φησὶν,
792 1020 829 1097 ἐν
846 1021 898 1124 τῷ
919 1019 1037 1120 Πατρὶ
1059 1019 1116 1097 καί
1136 1019 1156 1096 ὁ
1177 1013 1307 1118 Πατὴρ
1351 1033 1434 1097 8qu

97 1149 119 1184 “
138 1138 179 1218 δέ
200 1141 244 1218 έν
260 1141 339 1239 ε’μοί
357 1141 492 1220 ἐστίν.”
522 1138 608 1220 ἀλλ’
627 1141 685 1220 ἵνα
706 1144 770 1240 τῆς
791 1139 976 1247 ε’μφερείας
993 1138 1060 1239 τὴν
1078 1135 1230 1240 ἰσότητα
1248 1143 1307 1219 καί
1352 1115 1403 1149 ver.
1420 1113 1458 1150 η

96 1260 140 1341 τό
162 1260 396 1368 σύμμορφον
413 1262 703 1368 ἀπαραλλάκτως
728 1261 778 1364 μὴ
804 1264 885 1344 καθ1
905 1259 1025 1366 ἕτερόν
1042 1298 1123 1343 τωο
1148 1263 1307 1366 ζητῶμεν

96 1387 240 1490 τρόπον
269 1384 293 1486 ἢ
322 1390 361 1467 ἐκ
387 1385 508 1486 μόνων
532 1394 605 1468 τῶν
631 1393 676 1494 τῇ
705 1386 815 1493 φύσει
842 1385 1057 1491 προσόντων
1084 1399 1303 1485 πλεονεκτη·

96 1509 241 1606 μάτων·
281 1511 443 1592 ἐντεῦθεν
471 1511 543 1614 γὰρ
574 1509 620 1611 ἦν
649 1511 807 1612 αύσιοίδη
839 1513 899 1592 καὶ
931 1509 1091 1618 φυσικὴν
1121 1512 1209 1613 ὁρᾶν
1240 1508 1306 1609 τὴν

56 1634 294 1731 ιοόμοίωσιν·
339 1640 384 1714 Εἰ
421 1633 459 1714 δὲ
495 1633 556 1734 μὴ,
588 1637 715 1742 φησὶν,
745 1633 819 1716 ἀπὸ
853 1640 926 1715 τῶν
958 1633 1074 1737 έργων
1105 1633 1301 1714 πιστεύετε.
1350 1659 1390 1709 lb.

98 1755 193 1864 ᾤετο
211 1757 289 1862 γὰρ
309 1756 353 1858 δὴ
372 1759 457 1838 λίαν
474 1759 602 1863 ὀρθῶς,
622 1763 671 1843 ὡς
690 1759 788 1861 εἰπερ
806 1758 902 1842 όλως
925 1755 1096 1838 θεάσαιτό
1123 1793 1175 1843 τις
1198 1759 1306 1839 αὐτὸν

98 1891 177 1968 τοῖς
196 1883 296 1969 ἴσοις
314 1881 547 1982 ε’κλιίμποντα
572 1883 827 1986 κατορθώμασι
851 1888 903 1990 τῷ
921 1887 1004 1990 Θεῷ
1025 1885 1084 1962 καί
1104 1886 1238 1986 Πατρί,
1259 1889 1308 1968 εἰς

99 2005 269 2109 φυσικὸν
305 2005 416 2091 ὅντως
457 2008 697 2114 παραδέξαιτο
737 2011 946 2112 χαρακτῆρα
987 2010 1045 2086 καὶ
1085 2005 1203 2086 εἰκόνα
1243 2011 1337 2106 τῆςο

99 2134 234 2215 οὐσίας
260 2133 383 2214 αύτοῦ·
412 2131 455 2210 ού
479 2129 550 2234 γὰρ
575 2131 619 2210 ἅν
637 2165 725 2212 ποτε
753 2131 885 2232 δράσαι
913 2129 958 2210 τιί
987 2130 1052 2210 ἰσα
1078 2136 1129 2235 τῷ
1154 2136 1237 2238 Θεῷ
1264 2128 1307 2209 τὸ

56 2281 89 2340 ¹5
101 2254 153 2353 μὴ
172 2255 214 2334 έκ
234 2259 331 2334 Θεοῦ
353 2253 446 2335 κατὰ
472 2255 595 2359 φύσιν,
614 2257 699 2334 ἀλλ’
720 2257 795 2334 οὐδ’
816 2253 860 2334 οἰν
877 2251 1116 2357 προσγένοιτό
1142 2288 1210 2334 τινι
1235 2261 1308 2332 τῶν

100 2385 268 2480 γενητῶν
303 2377 345 2458 τό
381 2381 419 2459 ἐν
454 2378 524 2485 ’ίσιρ
560 2381 678 2487 μέτρῳ
714 2385 760 2483 τῇ
795 2379 872 2485 θείᾳ
909 2376 1020 2484 φύσει
1060 2383 1308 2480 τερατουργεῖν

100 2502 291 2582 δύνασθαί
304 2535 402 2583 ποτε.
442 2503 562 2596 ἄβατα
586 2502 658 2606 γὰρ
682 2503 740 2582 καί
766 2503 935 2608 ἀνέπαφα
959 2507 1146 2585 παντελῶς
1169 2508 1243 2585 τοῖς
1267 2499 1311 2608 ἐξ

101 2629 169 2706 οὐκ
194 2624 313 2705 ὄντων
336 2633 384 2710 εἰς
408 2624 451 2705 τὸ
477 2623 563 2706 εἰναι
591 2626 817 2728 κεκλημένοις
841 2625 887 2705 τὰ
911 2634 976 2706 τοῦ
1004 2627 1057 2704 οἰεί
1085 2624 1187 2710 ὄντος
1215 2626 1310 2711 ἰδίως

101 2747 243 2851 ἀγαθά.
275 2753 333 2828 καί
352 2749 407 2829 ὅτι
430 2746 495 2848 μέν
513 2749 745 2864 ἀλοιδόρητος
768 2756 955 2833 παντελῶς
980 2748 1081 2850 παρά
1105 2783 1148 2852 γε
1173 2757 1247 2833 τοῖς
1271 2749 1310 2828 εὖ

55 2908 89 2946 ιο
102 2880 312 2978 φρονοῦσιν
330 2874 350 2952 ὁ
369 2881 433 2953 τοῦ
453 2878 620 2977 Σωτῆρος
639 2875 741 2954 ἕσται
760 2873 882 2974 λόγος,
901 2871 1097 2972 οὐδαμόθεν
1115 2871 1310 2952 ε’νδοιάσειν

101 2995 199 3080 εἰκὸς
229 2995 276 3096 ἦν
302 3026 413 3081 τινας·
455 2998 604 3079 ἔσεσθαι
633 2997 747 3100 γεμὴν
775 3006 850 3082 τοῖς
881 2998 1051 3076 τάναντία
1082 2995 1343 3100 δοξάζουσιν,ᾱ

101 3120 446 3226 ἑτεροδιδασκαλιίις
471 3121 618 3228 ἀφορμὴ
643 3126 701 3202 καί
721 3120 908 3228 πρόφασις
934 3123 990 3201 καὶ
1009 3117 1052 3198 τὸ
1071 3124 1190 3203 καλῶς
1210 3124 1306 3220 εἰρη-

100 3246 228 3344 μένον,
248 3246 314 3324 οὐκ
338 3245 527 3347 ἠγνόησεν,
547 3250 595 3330 ὡς
614 3244 717 3332 Θεός.
753 3247 812 3326 ἰνα
836 3245 956 3327 τοίνυν
973 3240 1024 3344 μὴ
1049 3250 1122 3327 τοῖς
1147 3241 1195 3322 τοί
1218 3243 1309 3346 ὀρθὰ

101 3369 396 3475 διαστρέφουσιν
409 3371 699 3474 ἅθυρογλωττίας
717 3373 754 3450 έν
767 3368 905 3454 τούτοις
919 3368 1169 3470 παραλίπηται
1188 3365 1309 3465 τόπος,

57 3525 88 3583 ²5
100 3491 197 3592 μηδὲ
223 3492 366 3592 λέγοιεν
384 3491 438 3572 ὅτι
464 3494 678 3597 δημιουργὸς
702 3500 775 3573 τῶν
794 3491 985 3590 θαυμάτων
1004 3492 1150 3595 γέγονεν
1169 3493 1189 3571 ὁ
1207 3490 1307 3589 Υἱὸς,
1349 3474 1353 3488 ⁸

101 3619 169 3698 οὐκ
199 3617 242 3696 έκ
270 3619 333 3714 τῆς
360 3615 510 3717 ε’νούσης
535 3618 661 3722 ἰσχύος
687 3619 793 3724 αὐτῷ,
817 3615 896 3696 οὐδὲ
923 3615 969 3723 ἐξ
994 3616 1083 3700 ἰδίας
1111 3615 1307 3714 δυνάμεως,

101 3741 193 3820 ἀλλ’
213 3740 359 3843 ε’πείπερ
377 3736 470 3845 εἶχεν
488 3742 526 3820 ἐν
544 3743 657 3850 ἑαυτῷ
681 3739 745 3821 τὸν
765 3741 911 3844 Πατέρα
935 3749 1106 3821 ποιοῦντα
1132 3739 1177 3820 τὰ
1202 3739 1306 3842 ἔργα,
1354 3767 1393 3818 lb.
1405 3780 1442 3818 10.

101 3861 273 3966 καθάπερ
311 3864 373 3943 οὖν
409 3863 515 3950 αι’ττὸς
552 3865 623 3972 ἔφη
660 3869 718 3944 καί
759 3859 1021 3970 διισχυρίσατο,
1058 3863 1310 3964 τεθεράπευκεν

103 3987 313 4091 ἀναγκαίως
338 3988 358 4066 ὁ
384 3987 517 4090 Κύριος
540 3996 618 4072 ταῖς
644 3995 716 4068 τῶν
735 3987 922 4094 νοημᾷτων
940 3990 1154 4088 ἐπαγωγαῖς·
1185 3982 1338 4067 ἑαυτὸνο

63 4151 92 4206 30
103 4112 173 4210 μὲν
205 4109 281 4216 γὰρ
315 4113 354 4191 ἐν
384 4111 522 4197 τούτοις
558 4111 706 4192 ἔσεσθαι
745 4109 903 4216 χορηγὸν
935 4103 1199 4211 ἐπαγγέλλεται
1236 4113 1310 4189 τοῖς

104 4235 346 4318 πιστεύουσιν
370 4240 420 4318 εἰς
445 4232 563 4332 αὐτὸν,
582 4231 701 4339 ὦνπερ
730 4232 775 4314 ἂν
796 4233 984 4314 ἐθέλουσιν
1006 4233 1201 4327 αἰτεῖν,καί
1230 4231 1310 4333 ούχὶ

106 4361 225 4463 μόνην
253 4360 374 4443 αὐτοῖς
407 4357 669 4462 ἐπαγγέλλεται
700 4355 883 4457 τοσαύτην
912 4353 1132 4460 χορηγήσειν
1160 4351 1310 4452 δύναμιν

146 4535 235 4590 ιη-ρ
254 4518 317 4584 458,
335 4531 366 4587 15
380 4517 444 4570 citat
457 4535 482 4587 p.
673 4531 715 4570 ιι.
734 4513 855 4584 ἀφορμὴν
867 4512 908 4566 καὶ
920 4513 1056 4582 πρόφασιν
1068 4507 1192 4564 emendat
1205 4508 1308 4580 Migne.

109 4607 150 4656 24.
168 4591 349 4658 παραλίπηται
361 4606 388 4658 p.
401 4587 577 4656 περιλιίπηται
592 4585 642 4640 Ed.

150 4680 223 4726 τοι.
241 4679 280 4724 ιι.
689 4675 707 4740 3
724 4673 745 4717 υ
