3184 5104
403 347 466 412 120
705 349 743 414 B.
768 349 977 414 CYRILLI
1007 348 1295 416 ALEXANDR.
1463 369 1485 408 v

402 508 529 596 αὐτούς
558 513 864 621 ἀποτεθνήξεσθαι
893 513 976 621 φῂς,
999 514 1135 618 μείᾷιυς
1163 513 1280 616 δήπου
1307 511 1447 594 πάντως
1474 543 1485 587 ι

389 635 566 733 ’ἀμείνοσι
598 643 671 717 τῶν
699 637 891 741 εἰρημένων
924 645 1005 736 είσὶ,
1034 641 1110 720 κατ’
1141 637 1228 718 αὐτὸ
1261 636 1306 737 δὴ
1337 644 1441 715 τοῦτο
1472 668 1485 712 ι

401 757 577 840 τεθνάναι.
616 755 670 864 ἆρ’
690 762 763 841 οῦν·
792 759 867 841 είπέ
891 761 975 865 γὰρ,
993 766 1098 867 φασὶ,
1118 766 1176 842 καὶ
1194 758 1383 864 ἀπόκριναι
1402 761 1485 836 διαπ

402 881 561 982 νομένοις
600 885 724 964 έκεῖνο·
767 886 887 994 μείζων
924 883 1031 970 αὐτὸς
1067 883 1097 966 εί
1130 888 1185 966 ταῦ
1213 883 1385 991 Ἀβρααμ
1426 883 1482 962 καὶ

400 1009 651 1111 προφητῶν,ὁ
678 1011 736 1088 καὶ
761 1009 897 1111 μείζους
924 1009 1065 1090 ἐκείνων
1087 1009 1226 1112 ἑτέρους
1251 1003 1485 1088 άποτελεῖνίκ

402 1131 592 1228 νούμευος;
623 1128 679 1235 ἆρ’
699 1136 742 1212 οὐ
767 1131 922 1240 τεθνήξῃ
947 1131 1169 1233 τεθνηκότων
1193 1132 1345 1227 ἐκείνων,
1368 1134 1485 1226 διαμευ

234 1265 347 1324 δ’ΠᾸ·
372 1253 590 1353 νἀθάνατος,
609 1255 796 1360 ἅνθρωπος
821 1255 881 1350 ῶν,
900 1261 959 1336 καὶ
984 1257 1057 1337 άπὸ
1082 1261 1148 1359 γῆς
1175 1255 1269 1362 ἔχων
1292 1254 1334 1334 τὸ
1360 1261 1485 1351 σῶμα;

402 1380 466 1460 οῦν
494 1379 539 1461 ἂν
565 1381 720 1480 ἐπιδοίης
749 1379 879 1482 ἑτέροις
909 1378 929 1460 ῦ
959 1381 1023 1462 οῦκ
1052 1381 1142 1485 ἔχεις
1172 1380 1304 1475 αύτάς;
1345 1376 1485 1483 τεθνήξγ

400 1501 545 1591 πάντως
570 1505 759 1606 ἅνθρωπος
786 1502 849 1584 ῶν.
890 1511 920 1584 εί
945 1503 982 1584 δέ
1008 1506 1072 1584 οὐκ
1098 1502 1130 1584 εί
1151 1505 1270 1613 μείζων
1288 1504 1485 1610 Ἁβραάμι

399 1635 472 1707 τῶν
489 1633 700 1734 προφητῶν,
718 1626 782 1708 τὸν
801 1627 919 1708 κοιυῦν
938 1629 1079 1711 ἐκείνοις
1105 1625 1403 1726 ὑποστησάμενος
1426 1625 1485 1705 θάι

400 1751 465 1830 οῦκ
497 1752 567 1854 ἄρα
605 1751 732 1835 δῶσεις
767 1751 896 1854 ἑτέροις
933 1750 954 1832 δ
992 1753 1087 1851 μηδέ
1119 1785 1181 1831 σοι
1213 1750 1414 1854 πρόσεστιν
1447 1752 1485 1850 ά)

400 1873 567 1976 τοιαύτην
595 1875 675 1956 τινὰ
707 1876 773 1975 τὴν
804 1875 961 1956 διάνοιαν
995 1876 1066 1982 ἔχει
1098 1875 1140 1956 τὸ
1171 1875 1338 1977 πλαγίως·
1369 1873 1452 1976 παρ’
1482 1917 1485 1946 ι

401 1997 592 2101 εἰρημένον.
632 1999 767 2102 καὶμὴ
796 1999 997 2106 θαυμάσῃς,
1016 2005 1046 2080 εί
1069 1997 1184 2080 πλέον
1206 1997 1307 2078 οὐδὲν
1333 1999 1485 2076 εὐνοοῦσ.

401 2127 579 2224 Χριστοῦ.
629 2127 678 2208 ῶς
709 2122 782 2227 γὰρ
814 2123 996 2208 πολλάκις
1026 2123 1095 2224 ἤδη
1126 2122 1184 2204 διὰ
1212 2129 1367 2203 πολλῶν
1395 2118 1485 2222 είρῆι

402 2247 591 2350 ἄνθρωπον
632 2247 741 2328 αι’πὸν
782 2245 869 2328 εἶναι
912 2248 1027 2355 ψιλὸν
1068 2251 1127 2328 καί
1169 2253 1243 2326 τῶν
1284 2245 1366 2326 καθ’
1404 2245 1485 2343 ἡμᾶι

368 2371 598 2474 1)νομίζουσι,
637 2369 701 2452 τῶν
740 2372 915 2452 ένωθέυτα
955 2375 1066 2476 σαρκὶ
1106 2374 1300 2473 Μονογενῆ
1343 2367 1441 2449 Θεὸν
1479 2417 1485 2447 ι

402 2501 589 2578 παντελῶς
624 2492 885 2597 ἀγνοήσαντες,
925 2497 1000 2576 τίνοι
1037 2495 1173 2576 σεαυτῦν
1210 2498 1343 2584 ποιεῖς,
1367 2492 1412 2600 ἐξ
1448 2493 1484 2586 άι

402 2621 691 2723 φρενοβλαβείας
719 2624 909 2724 μονονουχὶ
938 2623 997 2698 καὶ
1023 2620 1244 2721 ἐπανορθοῦν
1271 2616 1404 2697 οἴονται
1435 2627 1484 2696 πλ

402 2747 538 2820 λοῦυτα
559 2742 623 2822 τὸν
644 2743 789 2846 Κύριον,
809 2745 866 2822 καὶ
893 2743 1018 2844 ῶσπερ
1045 2741 1237 2844 ἠγνοηκότι
1262 2737 1306 2821 τῦ
1333 2740 1483 2843 πρέπον,

401 2864 619 2960 βουλεύουσι
640 2871 785 2973 φρονεῖν
803 2901 837 2946 τι
856 2860 1102 2970 μετριώτερον.
1141 2863 1319 2967 ἠγνόηκας
1337 2863 1410 2967 γὰρ
1436 2861 1464 2942 ῶ

402 2992 508 3096 φασὶ,
527 2989 592 3089 τὴν
610 2993 736 3070 ἑαυτοῦ
760 2989 885 3096 φύσιν,
904 2989 1081 3071 ἐπελάθου
1108 2989 1145 3069 δὲ
1170 2988 1295 3092 ῶσπερ
1322 2989 1483 3091 ἄνθρωπε

402 3115 467 3193 οὐκ
485 3113 664 3216 ἠρκέσθης
682 3117 733 3222 τῷ
752 3115 889 3195 δοθέντι
907 3112 1008 3217 παρὰ
1022 3119 1119 3193 Θεοῦ
1137 3114 1267 3220 μέτριρ·
1284 3115 1358 3192 τίνα
1374 3110 1448 3214 γάρ
1468 3149 1483 3190 α

402 3240 562 3330 πιιιῖς,ά
590 3245 649 3318 καὶ
675 3243 740 3338 τῆς
767 3241 849 3343 παρ’
870 3239 979 3318 αὐτοῦ
1008 3239 1215 3345 φιλοτιμίας
1242 3234 1288 3316 τά
1315 3236 1483 3336 άμείνωί

373 3361 767 3468 οκαθυπισχνούμενος,
803 3366 860 3442 καὶ
902 3362 1044 3466 μείζονα
1087 3361 1331 3465 κατορθώσειν
1368 3363 1433 3460 τῆς
1472 3363 1483 3438 ί

401 3483 581 3582 δυνάμεως
619 3485 879 3592 ῥιψοκινδύνως
918 3485 1052 3583 είπεάυ;
1102 3486 1357 3590 κατακρίνουσι
1395 3485 1482 3564 τοίνι

400 3605 707 3711 δυσφημήσαυτα,
744 3613 803 3690 καὶ
846 3613 1033 3713 σκορπίων
1074 3610 1175 3709 δίκην
1211 3612 1415 3708 ἐπιπηδῶσι
1457 3619 1482 3686 λ

399 3731 563 3828 ἐπιτιμᾶν
581 3729 619 3810 δέ
642 3737 770 3838 χρῆναι
796 3737 854 3813 καὶ
878 3732 1028 3840 σφόδρα
1053 3733 1195 3816 δικαίως
1223 3727 1482 3827 ὑπολαμβάνοι

399 3857 564 3960 Χριστῷ,
591 3857 640 3938 ὡς
666 3855 709 3936 τὸ
738 3855 804 3955 μέν
831 3860 896 3956 τῆς
923 3855 1199 3960 ἀνθρωπότητος
1227 3853 1432 3957 ἀτιμάζοντι
1461 3888 1482 3952 μ

399 3980 627 4076 άναπηδῶυτι
669 3977 708 4058 δὲ
750 3983 807 4060 καὶ
849 3980 1081 4088 έξαλλομένιρ
1125 3987 1312 4075 τοσοῦτον,
1350 3981 1399 4061 ὡς
1445 3979 1481 4056 ἐπ

400 4101 576 4206 φέρεσθαι
609 4105 673 4200 τῆς
705 4103 855 4204 ἐνούσης
887 4103 995 4212 δόξης
1027 4108 1079 4212 τῷ
1111 4100 1258 4184 πάντων
1286 4099 1475 4204 Δεσπάτῃ,

436 4329 462 4382 3.
481 4312 616 4383 άπόκριναι
628 4311 707 4368 edidi.
731 4315 866 4386 ἀπόκριναι
879 4315 906 4370 δι’
922 4316 1021 4398 Ηεγεε,
1034 4315 1081 4371 sed
1093 4316 1184 4389 potius
1197 4315 1334 4397 δπόκρινριΙ
1343 4311 1397 4385 τι]
1408 4311 1481 4380 ἇποιη

400 4381 563 4506 ὗτιρκρφγπω
578 4384 673 4508 Hszluta
684 4313 735 4475 δά.
747 4385 823 4477 'doen
836 4387 956 4441 clausula
968 4405 995 4476 ιη
1009 4405 1033 4442 ιι.
1065 4458 1072 4478 ,
1125 4406 1152 4454 4.
1171 4387 1253 4442 ίκεῐνο
1259 4383 1481 4512 ἕφιφιέηείνωβ

401 4454 1165 4652 τοιινὲἶι-ῑθζῑινιιιν·
1213 4459 1239 4514 ⁸·
1273 4453 1480 4582 νιν
