3248 5112
118 341 247 412 ximss.
315 351 372 416 IN
402 352 435 418 S.
460 351 718 418 JOANNEM.
764 354 860 420 LIB.
885 355 925 420 X.
972 355 1074 420 OAP.
1098 353 1125 418 1.
1254 347 1319 414 519

118 519 257 616 χειρῶν,
272 505 397 624 γραφή
415 518 666 622 παραδέδωκεν
680 520 722 598 ού
741 518 902 624 φορητιίις
921 520 1129 626 δυσφημίας
1147 513 1240 597 κατὰ
1258 520 1323 592 τοῦ

122 643 364 740 Μυνογενοιῖς,
392 641 538 745 ἀδρανὲς
573 643 692 749 ᾠήθην
721 645 778 723 καί
812 645 896 724 λίαν
923 641 1154 746 ἀνάρμοστον
1181 643 1323 744 ἐμαυτῷ

119 770 273 864 πρᾶγμα
309 765 427 844 θέλειν
464 767 702 873 ὑφίστασθαι,
735 767 777 846 τὸ
814 773 937 872 σιωπῇ
974 771 1220 870 παραδραμεῖν
1257 761 1324 862 τὴν

121 888 215 966 οὕτω
233 886 350 988 δεινῆν
368 897 432 968 τοῦ
457 891 759 990 μνημονευθέντος
783 889 966 973 ἀπόνοιαν.
1007 893 1134 971 ούκοῦν
1152 887 1323 990 οἰήσομαι

86 1013 194 1090 5δεῖν
214 1013 417 1112 ὑπαντῆσαι
441 1013 506 1113 μέν
529 1013 620 1094 κατὰ
645 1012 759 1117 λόγον
782 1019 887 1123 αὐτῷ,
907 1015 1022 1122 δεῖξαί
1044 1048 1083 1094 τε
1108 1019 1241 1117 σαφῶς
1268 1011 1323 1091 ὅτι

122 1133 245 1239 σαθρά
263 1169 301 1216 τε
320 1140 379 1216 καί
398 1139 544 1239 γραῶδη
562 1137 609 1218 τά
626 1140 710 1242 παρ’
723 1137 832 1220 αὐτοῦ
850 1138 1017 1242 μυθάρια,
1034 1141 1092 1218 καί
1111 1135 1354 1244 φρονήσεωςθ

122 1257 188 1358 μέν
210 1264 273 1360 τῆς
301 1263 440 1362 ἀγαθῆς
468 1263 684 1364 ἀμοιροῦντα
711 1268 910 1361 παντελῶς,
929 1259 1097 1368 στροφάς
1121 1258 1159 1340 δέ
1184 1261 1324 1340 εἰκαίων

122 1383 252 1488 έχοντα
277 1391 478 1488 λογισμῶν.
516 1386 570 1466 ἐπ’
590 1387 698 1486 αὐτῆς
724 1385 761 1466 δί
789 1389 871 1485 ὑμῖν
887 1388 1145 1490 ἀναγνώσομαι
1173 1385 1321 1492 λέξεως,

123 1505 148 1586 ἃ
171 1515 354 1588 συνθεῖναι
379 1509 587 1610 τετόλμηκε,
606 1507 672 1610 τήν
690 1520 755 1591 τοῦ
777 1510 1020 1614 προκειμένου,
1039 1509 1201 1613 καθάπερ
1217 1505 1325 1594 αὐτὸς

65 1665 107 1706 10
123 1630 233 1739 ᾠήθη,
251 1633 401 1734 θεωρίαν
417 1635 654 1740 ἐξηγούμενος
672 1695 693 1733 ,,
708 1636 867 1738 Μείζονα
886 1635 924 1716 δὲ
942 1635 1067 1716 ἑαυτοῦ
1089 1633 1153 1714 τὸν
1173 1631 1321 1735 Πατέρα

122 1815 145 1854 ,,
163 1756 361 1860 κηρύσσων
383 1765 526 1864 σαφῶς,
549 1761 591 1838 ού
616 1757 726 1858 μόνον
751 1759 817 1858 τὴν
839 1761 953 1866 ἑαυτῷ
980 1759 1193 1862 πρέπουσαν
1214 1756 1325 1858 παρέ-

123 1939 145 1978 ,,
164 1913 304 1981 στησεν
331 1882 618 1984 εὐγνωμοσύνην,
643 1883 744 1964 ἀλλὰ
768 1883 841 1988 γὰρ
866 1885 924 1963 καί
952 1890 1024 1964 τῶν
1047 1885 1084 1962 ἐν
1109 1882 1324 1989 ἀμφοτέροις

124 2065 146 2100 ,,
165 2001 252 2084 εἰναι
272 2003 486 2108 νομιζόντων
504 2006 545 2085 τὸ
565 2011 699 2114 ψεῦδος
718 2004 916 2114 διήλεγξε.”
947 2009 1005 2086 καί
1031 2004 1096 2106 τῆν
1116 2007 1323 2100 Σαβελλίου

125 2128 184 2208 δινί
202 2131 337 2209 τούτων
354 2130 616 2233 περικροτήσας
636 2130 757 2236 δόξαν,
776 2128 897 2227 δεινὸς,
917 2132 964 2214 ῶς
984 2129 1103 2226 οἴεται,
1122 2132 1180 2209 καί
1200 2128 1360 2231 δριμύςδ

69 2279 108 2338 15
125 2257 281 2360 ε’πιπηδᾷ
304 2259 377 2337 τοῖς
402 2255 439 2332 ἐν
457 2253 597 2352 ἰσότητι
621 2252 712 2356 πρὸς
737 2254 800 2335 τὸν
820 2254 966 2356 Πατέρα
988 2259 1117 2334 τιθεῖσι
1136 2251 1199 2332 τὸν
1217 2252 1322 2350 Υἰὸν,

125 2379 218 2457 οὕτω
237 2375 350 2458 πάλιν
367 2376 476 2457 εἰπάν
494 2437 515 2474 ,,
531 2383 595 2462 Εἰς
620 2387 795 2460 τοσοῦτον
810 2376 924 2459 πάλιν
943 2379 1112 2462 ἀπονοίας
1138 2377 1326 2481 προῆλθόν

125 2561 147 2598 ,,
166 2536 270 2600 τινες,
292 2506 339 2588 ῶς
363 2501 452 2602 μηδὲ
477 2501 573 2588 όλως
598 2507 789 2608 ἀνέχεσθαι
814 2503 954 2608 μείζονα
979 2501 1067 2584 εἰναι
1093 2500 1156 2584 τόν
1177 2503 1326 2603 Πατέρα

124 2687 147 2724 ,,
165 2630 229 2726 τῆς
257 2635 321 2705 τοῦ
345 2631 576 2730 Μονογενοιῖς
605 2626 771 2729 θεότητος
797 2627 927 2729 λέγειν,
952 2626 1054 2706 ἀλλὰ
1080 2626 1191 2724 μόνον
1217 2624 1326 2704 αὐτὸν

124 2751 357 2854 ,συγκρίσει
384 2757 430 2857 τῇ
457 2754 538 2854 περὶ
562 2751 628 2850 τήν
652 2752 774 2854 σάρκα
802 2749 981 2856 ύπερεῆηειν
1000 2756 1125 2850 δοκεῖν,
1145 2748 1235 2850 μηδὲ
1260 2747 1327 2832 κάν

72 2909 147 2970 20„
166 2882 272 2954 τοῦτο
291 2879 448 2955 συνιδεῖν
466 2874 683 2976 δυνηθέντες,
702 2878 750 2958 ὡς
775 2873 821 2954 τά
847 2875 1032 2976 ἑτερογενῆ
1051 2877 1215 2973 οὐδαμῶς
1233 2909 1325 2976 συγ-

125 3055 147 3094 ,,
167 2997 350 3099 κρίνεσθαι
368 2997 526 3078 δύναται.
562 3001 674 3082 οὐδεὶς
692 2997 763 3100 γὰρ
782 2995 826 3076 ἀν
843 2997 934 3078 εἰποι
952 2997 1038 3078 ποτέ
1060 2997 1114 3078 ὅτι
1134 2999 1325 3099 ἅνθρωπος

126 3181 148 3220 ,,
167 3119 378 3230 σοφῶτερός
402 3125 482 3200 ἐστι
507 3119 667 3220 κτήνους,
686 3123 766 3200 οὔτε
786 3119 858 3219 μὴν
876 3121 984 3204 ἵππος
1009 3121 1185 3226 ὀξυτέρως
1209 3120 1354 3224 τρέχεις

126 3305 148 3344 ,,
167 3248 339 3350 χελώνης,
358 3246 443 3324 ἀλλ’
464 3244 655 3346 άνθρωπον
674 3243 866 3347 ἀνθρώπου
889 3245 1192 3346 ε’λλογιμώτερον,
1215 3245 1325 3324 ἵππον

126 3431 149 3468 ,,
169 3370 207 3450 δέ
228 3371 340 3450 ίππου
361 3368 531 3476 ὀξύτερον
550 3369 738 3474 φέρεσθαι.
778 3367 899 3466 μόνιυν
916 3369 1034 3447 τοίνυν
1052 3375 1125 3448 τῶν
1143 3369 1326 3469 ὁμογενῶν

74 3529 150 3590 25„
168 3492 234 3593 τήν
252 3490 343 3596 πρὸς
361 3494 513 3592 άλληλα
531 3493 727 3597 σύγκρισιν
745 3492 1015 3597 έπιδεχομένων,
1034 3492 1172 3592 ἀνάγκη
1199 3489 1326 3576 αὐτούς

127 3679 150 3716 ,,
169 3619 406 3718 ὁμολογῆσαι,
434 3616 489 3696 ὅτι
519 3617 539 3695 ὁ
568 3615 697 3720 Πατὴρ
724 3615 850 3718 μείζων
877 3617 985 3716 αύτῆς
1014 3620 1077 3716 τῆς
1110 3623 1174 3696 τοῦ
1203 3621 1327 3694 Μονο-

128 3803 149 3840 ,,
171 3749 294 3845 γενοῦς
323 3740 489 3840 θεότητος
518 3740 680 3848 ὑπάρχει.
721 3747 753 3822 οἰ
779 3739 850 3844 γάρ
876 3741 1042 3824 ἐναντίως
1071 3737 1327 3846 σφαλλόμενοι

128 3927 150 3966 ,,
169 3874 219 3976 τῷ
247 3865 337 3969 πρὸς
363 3864 429 3966 τῆν
456 3863 577 3968 σάρκα
604 3868 821 3969 συγκρίνειν,
850 3865 942 3946 ὅσον
971 3864 1014 3945 τὸ
1044 3867 1097 3946 ἐπ’
1127 3867 1256 3960 αὐτοῖς,
1284 3861 1327 3942 τὸ
1357 3935 1362 3940 .

129 4053 150 4088 ,,
167 3988 341 4094 πατρικὸν
363 3991 503 4098 ἀξίωμα
526 3991 769 4092 καθαιροῦσι.”

77 4156 117 4214 30
185 4119 300 4196 Ταυτὶ
324 4115 389 4212 μέν
407 4116 538 4195 ἐκείνου
563 4113 608 4192 τά
635 4115 779 4214 ύθλῶδη
804 4111 1008 4215 ληρήματα·
1037 4109 1270 4192 διασκεπτέον
1289 4107 1327 4188 δέ

130 4239 227 4324 ὅπως
256 4239 335 4320 οὐδὲ
365 4237 483 4320 εἰδότα
516 4237 688 4344 δείξωμεν
716 4237 770 4318 ὅτι
800 4245 874 4321 τοῖς
905 4237 1003 4320 ἰδίοις
1033 4234 1139 4318 αὐτὸς
1173 4233 1356 4338 μάχεταιι
1379 4255 1495 4316 em.

171 4529 194 4564 1.
212 4511 391 4580 παραδέδωκεν
404 4509 435 4564 E.
447 4511 594 4580 παρέδωκεν
608 4509 658 4564 Ed.
748 4523 789 4561 12.
808 4505 993 4578 ἀγνωμοσύνην
1005 4507 1038 4562 E.
1128 4523 1171 4562 20.
1188 4527 1232 4578 γρ.
1246 4505 1328 4580 τούτῳ

133 4581 185 4638 Ed.
198 4599 253 4653 mg.
266 4585 342 4636 τοῦτο
355 4581 435 4638 habet
449 4581 477 4637 F.
584 4598 629 4651 3¹·
647 4579 722 4634 οὐδὲν
735 4578 838 4646 Μὶιηιιο.
