3184 5104
391 333 453 396 102
692 333 730 396 Β.
755 332 967 398 CYRILLI
996 333 1286 399 ALEXANDR.
1464 333 1492 398 vi

389 503 549 599 λογικῶν
560 500 597 577 ἐν
608 497 685 598 ἤθει
700 501 757 578 καί
771 495 916 602 τρόποις
932 501 1057 604 ὁρᾶται
1072 498 1114 580 τὸ
1128 499 1314 604 συγγενὲς,
1323 499 1412 603 ὅπερ
1424 498 1492 580 ἀνί

389 621 479 724 πρός
498 655 537 702 τε
555 621 742 722 ἀλλήλους
766 628 814 706 εἰς
840 619 905 702 τὸν
923 621 1071 724 ἁπάσης
1095 625 1218 710 κακίας
1242 625 1381 728 πατέρα
1405 623 1492 720 διάβ

390 747 448 824 ε’πί
468 743 505 824 δὲ
522 753 586 825 τοῦ
607 751 837 848 Μουογενοῦς
855 743 966 846 μόνον
985 752 1033 830 εἰς
1056 746 1173 828 εἰκόνα
1198 757 1262 829 τοῦ
1289 751 1492 851 θεωρουμέν

390 875 542 972 πρᾶγμα
574 869 730 974 ληφθέν·
773 872 857 972 παρ’
890 872 999 951 αὑτοῦ
1035 871 1107 974 γάρ
1139 870 1282 956 πάντως
1314 875 1492 975 ἀπαραποι

390 991 660 1097 σχηματίζεται·
704 993 754 1088 τὸΙ
784 993 856 1095 γάρ
896 993 1053 1101 ὁμοφυές
1090 997 1187 1104 αὐτῷ
1223 995 1313 1098 πρὸς
1350 995 1415 1076 τόν
1446 1003 1492 1076 Πι

391 1116 549 1222 φυσικόν
573 1151 612 1196 τε
640 1121 699 1198 καί
726 1119 910 1201 οὐσιῶδες·
942 1120 986 1225 ἐξ
1012 1119 1121 1198 αὑτοῦ
1149 1117 1220 1222 γάρ
1249 1117 1422 1224 ὑπάρχων
1447 1123 1492 1198 ἀλ

357 1239 479 1338 δμετοί
507 1245 571 1340 τῆς
599 1239 691 1320 κατὰ
719 1240 833 1346 φύσιν
855 1241 1028 1341 ἰδιότητος
1055 1241 1176 1322 πάντα
1202 1242 1294 1348 ἔχων
1318 1243 1364 1323 τά
1392 1245 1492 1323 αὐτοὶ

391 1369 455 1464 τῆς
487 1367 675 1472 ἐμφερείας
704 1369 768 1464 τῆς
798 1371 846 1450 εἰς
875 1364 1018 1446 ἅπαντα
1047 1365 1113 1466 τὴν
1140 1367 1331 1469 ἀκρότητα,
1358 1367 1492 1475 μορφὴι

391 1487 510 1568 εἰκόνα
537 1492 595 1567 καί
623 1486 808 1593 χαρακτὴρ
837 1492 961 1592 ὁρᾶται
989 1497 1053 1569 τοῦ
1082 1490 1277 1596 φύσαντος.
1325 1492 1445 1592 ἐπειδὴ
1473 1527 1492 1571 τ

391 1611 530 1713 ἀληθὴς
550 1615 570 1692 ὃ
590 1613 731 1716 Πατὴρ,
751 1612 902 1714 ἀλήθεια
922 1612 1066 1699 πάυτως
1084 1617 1143 1694 καί
1162 1616 1181 1694 ό
1200 1615 1244 1722 ἐξ
1259 1617 1378 1714 αὐτοῦ,
1395 1637 1492 1696 τουτε

392 1735 604 1840 ὀΧριστός.

604 1945 662 2010 Tic
689 1946 725 2014 ἐξ
752 1945 843 2023 ὑμῶν
869 1945 995 2034 ὲλὲτχει
1021 1970 1061 2024 με
1088 1947 1163 2038 περὶ
1190 1947 1372 2037 &numiam

448 2109 529 2188 Οιίκ
557 2108 773 2215 ἐλέγχεσθαι
800 2115 1077 2213 προσδοκῶντος
1105 2113 1126 2211 ἡ
1154 2112 1338 2214 ἐρώτησις,
1363 2115 1492 2216 ἀναιροι

391 2230 430 2312 δὲ
471 2239 616 2330 μᾶλλον
654 2237 713 2314 καὶ
754 2233 1035 2341 ἀποφάσκοντος
1076 2241 1263 2320 παντελῶς
1303 2234 1345 2316 τὸ
1385 2271 1492 2338 περιπ

362 2359 546 2464 θάμαμίᾳ
576 2356 752 2438 δυ’νασθαι
781 2357 845 2438 τὸν
873 2360 911 2439 ἐκ
940 2364 1035 2438 Θεοῦ
1066 2358 1254 2466 πεφηνότα
1282 2360 1377 2440 Θεὸν
1405 2363 1492 2460 ἀληί

391 2482 569 2583 ἁμαρτίαν
596 2479 667 2584 γάρ
702 2483 766 2562 οὐκ
798 2484 966 2582 ἐποίησεν
994 2484 1013 2560 ὁ
1041 2482 1217 2586 Χριστός.
1268 2481 1395 2564 ἀπασα
1426 2483 1492 2582 μὲν

391 2605 547 2707 ἁμαρτία
574 2607 612 2684 ἐκ
640 2611 874 2710 παρατροπῆς
898 2611 961 2706 τῆς
986 2606 1058 2686 ἀπὸ
1085 2616 1149 2687 τοῦ
1176 2607 1361 2703 βελτίονος
1389 2611 1446 2688 ἐπὶ
1471 2643 1492 2688 τ

391 2729 502 2812 οὕτως
525 2728 608 2832 ἕχον
626 2727 805 2828 λαμβάνει
830 2729 897 2829 τὴν
915 2728 1068 2833 γε’νεσιν,
1086 2733 1276 2812 ε’ντίκτεται
1301 2731 1339 2811 δὲ
1363 2739 1437 2814 τοῖς
1461 2766 1492 2834 τγ

391 2858 479 2932 σθαι
509 2851 704 2958 πεφυκόσι,
740 2857 799 2934 καί
832 2853 1065 2938 ἀλλοιώσεως
1102 2859 1166 2955 τῆς
1203 2857 1258 2963 ἐφ’
1289 2851 1314 2933 ἀ
1344 2854 1395 2955 μὴ
1428 2889 1492 2956 προ

391 2978 571 3059 δεκτικοῖς.
615 2983 693 3060 πῶς
721 2974 766 3057 ἀν
794 2979 857 3058 οὖν
886 2986 1003 3058 νοοῖτο
1030 2981 1089 3058 καὶ
1117 2980 1287 3081 ἁμαρτεῖν
1315 2980 1335 3057 ὁ
1363 2977 1492 3080 τροπὴν

390 3099 500 3197 εἰδὼς,
537 3100 616 3181 οὐδὲ
654 3101 887 3185 ἀλλοιώσεως
922 3107 986 3201 τῆς
1025 3101 1086 3182 ε’πί
1119 3137 1154 3181 τι
1190 3109 1263 3182 τῶν
1300 3103 1342 3181 οὐ
1380 3098 1492 3204 πρεπό

390 3224 559 3323 δεκτικὸς,
597 3223 796 3322 ἀκλόνητος
835 3223 872 3304 δί
916 3231 1063 3323 μᾶλλον
1098 3233 1173 3309 τοῖς
1209 3227 1309 3310 ἰδίοις
1346 3229 1492 3333 ἐμπεφυι

390 3351 549 3449 ἀγαθοῖς,
578 3351 637 3429 καί
665 3350 706 3428 οὐ
734 3350 818 3452 παρ’
846 3349 966 3453 ἑτίρου
993 3349 1098 3446 τινὸς,
1127 3348 1214 3428 ἀλλ’
1239 3350 1283 3456 ἐξ
1308 3351 1455 3448 ἑαυτοῦ;

221 3501 337 3558 um.
359 3471 606 3556 οπυνθάνεται
625 3479 816 3575 τοιγαροῦν
833 3472 1016 3553 Ἰουδαίων
1034 3474 1054 3551 ὁ
1076 3472 1218 3576 Κύριος,
1237 3473 1335 3575 εἰπερ
1353 3474 1446 3558 ὅλως
1464 3474 1492 3577 ε’)

390 3595 590 3698 διελέγχειν
617 3595 726 3676 αὐτὸν
754 3607 825 3705 περὶ
854 3601 1043 3705 ἁμαρτίας.
1091 3600 1150 3676 καὶ
1179 3599 1199 3675 ὁ
1228 3597 1293 3695 μὲν
1319 3597 1431 3699 λόγος
1459 3600 1479 3677 ὁ

390 3719 517 3801 τούτου
544 3723 603 3799 καί
632 3721 723 3800 κατὰ
750 3720 887 3806 παντὸς
914 3719 959 3802 ἀν
985 3720 1098 3821 διήκοι
1125 3720 1433 3821 πλημμελήματος
1461 3725 1492 3802 ἐπ

390 3843 550 3926 καθόλου
582 3845 747 3949 ληφθείς·
783 3843 882 3944 πλὴν
910 3852 961 3953 τῷ
992 3845 1210 3952 προκειμένῳ
1243 3845 1449 3947 πρεπόντως
1479 3881 1492 3923 ο

390 3966 658 4077 ἐφαρμόζοντες,
678 3968 719 4046 οὐ
744 3972 824 4072 περί
849 3967 973 4069 πάσης
999 3967 1118 4076 φαμὲν
1136 3969 1312 4071 ἁμαρτίας
1333 3967 1472 4070 ἔρεσθαι

429 4227 452 4266 1.
466 4208 522 4280 ἤθει
535 4208 594 4262 B.a.
608 4207 684 4278 ἤθεσι
697 4203 789 4260 Holst.
801 4207 852 4263 Ed.
889 4210 979 4281 ὥσπερ
992 4208 1096 4280 Migne.
1168 4223 1193 4262 2.
1207 4206 1256 4280 εἰς]
1271 4209 1376 4281 conjicit
1387 4211 1427 4263 καί
1438 4210 1473 4266 εἰς
1486 4211 1492 4265 l

390 4298 417 4354 3.
436 4283 515 4350 μόνον
526 4279 563 4336 εἰς
577 4277 609 4333 Β.
625 4278 672 4332 Ht.
683 4279 763 4346 μόνον
776 4277 849 4334 Aub.
966 4299 992 4347 4.
1010 4279 1070 4350 παρ’
1083 4279 1162 4334 αὐτοῦ
1174 4278 1246 4333 edidi
1258 4278 1363 4333 favente
1376 4281 1469 4350 Heyse.
1483 4303 1492 4334 ι

390 4353 470 4408 αὐτοῦ
484 4351 516 4406 Β.
530 4351 560 4405 οὐ
572 4347 632 4420 παρ’
645 4349 725 4402 αὐτοῦ
740 4347 787 4404 Ht.
804 4349 855 4406 Ed.
1001 4352 1026 4406 8.
1079 4350 1150 4422 ρφὴν
1161 4349 1203 4403 καί
1215 4349 1305 4404 εἰκῶνο
1318 4349 1351 4404 Β.
1387 4351 1481 4405 “Fort.

390 4425 432 4478 καί
445 4423 540 4476 εἰκὸν”
556 4420 654 4490 Heyse.
782 4436 824 4474 22.
843 4419 989 4489 ἀκλονῆτως
1000 4439 1024 4476 a.
1061 4431 1097 4476 at.
1114 4419 1189 4475 Harl.
1237 4419 1389 4492 ἐμπεφυκὸς
1400 4439 1423 4476 a.
1436 4422 1492 4476 cat.

391 4508 435 4561 24.
453 4491 585 4546 Ἰουδαίων
596 4487 720 4543 emendat
734 4487 833 4559 Heyse.
847 4491 947 4547 ιὀυδέον
960 4491 993 4548 B.
1005 4491 1146 4548 Ἰουδαίους
1161 4489 1209 4548 Ht.
1221 4489 1274 4548 Ed.
1368 4507 1408 4564 τη.
1426 4493 1492 4548 οὐτὸι

390 4587 555 4660 ιιρριοοιιυιε
570 4583 668 4656 Ηογοο.
681 4573 759 4642 αὐτῶν
772 4583 805 4638 Β.
818 4585 886 4658 αὐτῷ
902 4584 951 4640 Ht.
964 4585 1017 4642 Ed.
