3248 5112
312 321 378 386 588
616 323 656 387 B.
680 321 889 388 CYRILLI
918 319 1209 388 ALEXANDR.
1423 333 1484 375 xv.
1502 329 1529 371 1.

285 481 463 590 οσφόδρα
481 485 606 588 τρανές
629 485 888 571 ἀνενδοιάστως
909 487 1002 590 έχον,
1021 487 1070 569 ὡς
1087 483 1175 588 ὅπερ
1193 479 1238 562 ἂν
1255 479 1335 565 ἑνός
1353 512 1393 558 Π
1411 473 1532 579 Τυχὸν

315 607 493 711 ἐνέργημα
520 609 681 712 λέγηται,
704 619 810 691 τοῦτο
837 615 900 709 τῆς
927 609 1018 710 ὅλης
1044 611 1123 688 ἐστὶ
1151 609 1210 686 καὶ
1237 611 1323 707 μιάς
1350 600 1532 701 θεότητος

316 731 561 831 ἀποτέλεσμα,
576 733 669 814 κατά
688 730 810 836 γετὸν
828 736 866 814 ἐν
885 733 1030 830 δυνάμει
1048 737 1093 837 τῇ
1112 737 1250 839 φυσικῇ
1269 727 1409 829 λόγους

375 858 448 936 Καὶ
475 865 564 960 γοῦν
593 859 612 937 5
638 858 771 962 Κύριος
797 857 899 958 ἡμῶν
921 858 1065 956 Ἰησοῦς
1092 851 1266 956 Χριστὸς,
1290 847 1534 952 συνεργάτην

318 979 374 1086 ἐφ’
404 977 521 1060 ἅπασι
548 979 612 1061 τὸν
641 981 788 1084 Πατέρα
814 977 1110 1085 παραδεχόμενος,
1138 985 1211 1062 τοῖς
1243 977 1409 1058 ἀνοσίοις
1435 974 1562 1051 Ἶσιν-5

146 1094 229 1223 {¹¹}ss
318 1103 429 1188 δαίοις
460 1101 549 1185 ποτέ
579 1105 778 1212 προσέμιξε
809 1106 928 1208 λέγων
954 1115 976 1154 “
991 1101 1126 1184 Πολλά
1157 1101 1254 1182 καλά
1283 1099 1376 1202 έργα
1407 1097 1532 1202 ἔδειξα

319 1237 341 1275 “
359 1229 442 1328 ὑμῖν
459 1229 499 1308 ἐκ
523 1237 587 1309 τοῦ
608 1229 751 1332 Πατρός
776 1263 857 1328 μου,
876 1228 935 1310 διά
959 1235 1064 1310 ποῖον
1088 1228 1206 1306 αὐτῶν
1231 1226 1336 1328 ἔργον
1357 1221 1536 1326 λιθάζετέ

320 1361 343 1400 “
360 1386 406 1450 με
420 1351 457 1450 ;''
493 1355 552 1433 καὶ
579 1351 693 1434 πάλιν
719 1357 799 1457 περὶ
832 1358 897 1454 τῆς
928 1351 1019 1434 κατά
1050 1349 1093 1431 τό
1125 1348 1318 1446 σάββατον
1346 1347 1532 1450 ἐργασίας

149 1477 272 1542 ¹b·'·¹⁷·
321 1483 343 1522 “
359 1475 409 1555 ‘O
438 1476 568 1580 Πατήρ
595 1511 676 1576 μου,
704 1479 832 1582 φησὶν,
862 1477 927 1561 ἕως
954 1476 1035 1579 ἄρτι
1061 1473 1252 1578 ἐργάζεται,
1280 1469 1384 1572 κάγὼ
1418 1468 1531 1572 ἐργά-

322 1609 344 1647 “
363 1596 499 1700 ζομαι.”
529 1604 587 1680 καὶ
613 1601 676 1680 οὐκ
704 1599 748 1680 ἀν
766 1597 867 1700 οἶμαί
881 1635 935 1684 τις
951 1599 1084 1699 οἰηθείη
1102 1600 1221 1701 λέγειν
1239 1595 1363 1690 αι’πὸν,
1388 1598 1441 1680 ὡς
1460 1591 1534 1672 ἀνά
1549 1622 1581 1662 10

153 1741 271 1800 86οᾸ
290 1754 309 1795 ο
321 1723 429 1824 μέρος
458 1722 524 1822 μέν
550 1725 571 1802 5
601 1723 731 1827 Πατὴρ
759 1723 909 1826 ἐργάταί
932 1757 967 1803 τι
993 1729 1067 1802 τῶν
1093 1725 1174 1825 περὶ
1201 1720 1267 1822 τὴν
1294 1721 1429 1816 κτίσιν,
1460 1717 1535 1797 ἀνά

320 1844 427 1948 μέρος
459 1845 497 1926 δέ
529 1846 642 1926 πάλιν
669 1848 689 1926 5
716 1846 813 1931 Υἱός·
855 1845 974 1946 ἐπειδὴ
1007 1845 1046 1926 δέ
1077 1847 1120 1925 δι’
1149 1851 1240 1925 Υίοῦ
1272 1841 1318 1923 τά
1348 1842 1480 1923 πάντα
1512 1843 1533 1921 5

323 1968 463 2072 Πατὴρ,
482 1973 541 2049 καὶ
567 1970 631 2050 οὐκ
656 1967 701 2049 ἀν
722 1970 849 2072 ἑτέρως
873 1968 1070 2075 ἐργάσαιτό
1095 2005 1130 2050 τι
1153 1975 1226 2049 τῶν
1243 1966 1404 2062 πιόπυτε,
1423 1965 1533 2049 οὗτος

323 2091 395 2196 γάρ
424 2095 525 2173 ἐστιν
555 2093 577 2194 ἡ
604 2094 721 2197 σοφίαι
748 2097 808 2174 καὶ
835 2096 858 2194 ἡ
886 2094 1033 2193 δύναμις
1061 2095 1182 2173 αὐτοῦ·
1225 2089 1284 2173 διά
1313 2097 1425 2171 ταΐντο
1456 2095 1533 2167 τῶν

323 2218 421 2296 ἰδίων
452 2215 568 2319 έργων
599 2215 753 2321 ἐργάτην
784 2215 898 2299 πάλιν
931 2217 1098 2318 ὠνόμασε
1134 2215 1198 2297 τὸν
1231 2214 1377 2318 Πατέρα
1417 2213 1533 2294 είπιόν
1548 2241 1579 2303 15

152 2331 260 2458 effi,
324 2351 345 2389 “
364 2341 448 2420 ‘Aur’
478 2344 632 2439 ἐμαυτοῦ
660 2347 753 2422 ποιῶ
786 2340 897 2438 οὐδέν,
921 2342 1007 2420 ἀλλ’
1032 2342 1052 2420 5
1081 2339 1211 2444 Πατὴρ
1238 2342 1276 2420 ἐν
1302 2341 1380 2439 ἐμοὶ
1410 2338 1533 2436 μένων

153 2463 254 2513 ximo.
326 2473 347 2516 “
364 2469 462 2542 ποιεῖ
482 2462 528 2542 τά
552 2463 642 2568 έργα
666 2464 807 2548 amc?
837 2461 934 2561 οἶμαι
958 2460 1025 2562 μέν
1043 2465 1106 2544 οὖν
1121 2461 1318 2567 προσήκειν
1340 2462 1437 2562 ἡμᾶς
1464 2463 1533 2566 οὐχ

323 2585 450 2688 έτέρως
485 2584 508 2686 ἢ
545 2593 630 2694 τῇδε
664 2595 767 2686 νοεῖν,
800 2591 848 2672 ὡς
879 2589 917 2667 ἐν
951 2587 1116 2686 ἄμπελον
1153 2585 1218 2687 μέν
1248 2584 1348 2692 τάξει
1383 2593 1532 2666 κεῖσθαι

325 2709 501 2811 Χριστὸν,
526 2710 618 2809 ἡμᾶς
646 2709 685 2790 δέ
713 2709 908 2811 κλημάτων
936 2711 1116 2814 ἠρτῆσθαι
1144 2713 1255 2811 δίκην,
1279 2711 1533 2807 πιαινομείιαυς

292 2830 452 2934 δῶσπερ
484 2840 530 2941 τῇ
562 2833 682 2940 χάριτι
709 2837 768 2914 καὶ
799 2832 866 2934 τὴν
898 2833 957 2914 διά
988 2843 1052 2914 τοῦ
1083 2833 1293 2935 Πνειίματος
1320 2833 1531 2920 ἐκτίνοντας
1545 2869 1578 2910 ιο

327 2955 477 3055 δύναμιν
499 2962 549 3043 είς
576 2959 827 3065 καρποφορίαν
849 2957 1099 3060 πνευματικήν.

383 3081 531 3182 Ἐπειδὴ
560 3081 599 3163 δέ
625 3081 739 3163 πάλιν
766 3083 860 3182 ἡμᾶς
890 3083 1099 3184 ὀρθοποδεΐν
1127 3081 1317 3182 ἑλομένους
1348 3083 1370 3162 5
1402 3081 1531 3186 πικρός

328 3211 402 3286 τῶν
420 3207 462 3285 δι’
483 3205 642 3290 ἐναντίας
660 3211 864 3310 περικροτεῖ
883 3203 1004 3308 λόγος,
1024 3206 1083 3286 καὶ
1107 3207 1309 3286 ἀναπείθειν
1325 3213 1492 3308 πειρᾶται
1508 3207 1531 3285 ἀ

328 3327 380 3428 μὴ
412 3328 512 3428 θέμις
541 3332 682 3426 ἐννοεῖν,
708 3327 849 3436 φανερά
876 3335 950 3413 τοῖς
980 3329 1220 3432 ἀκροωμένοις
1248 3328 1530 3429 καταστήσομεν

330 3450 543 3538 συνελόντες
570 3452 706 3556 λόγοις,
728 3450 821 3556 ἀπερ
849 3487 903 3536 τις
931 3455 1072 3534 ἐκείνων
1095 3455 1135 3534 ἐν
1155 3460 1304 3558 μακροῖς
1330 3451 1527 3534 συντέθεικε
1542 3483 1575 3542 ²5

331 3575 471 3679 στίχοις
488 3635 510 3672 ,,
525 3577 579 3655 E&
606 3575 678 3678 γὰρ
702 3575 746 3678 δή
771 3611 837 3674 τοι,
862 3578 989 3682 φησὶν,
1013 3579 1033 3658 5
1059 3574 1271 3679 Μοναγενὴς
1295 3575 1470 3683 διήλεγξέ
1491 3611 1526 3656 τε

332 3757 355 3794 ,,
373 3700 431 3776 καὶ
456 3697 749 3800 καταγελάστους
774 3700 935 3804 ἀπέφηνε
960 3698 1043 3784 τοὺς
1068 3701 1247 3800 οἰομένους
1270 3699 1380 3782 αὐτὸν
1398 3699 1524 3800 ὁμοσί-

303 3847 354 3918 ο,,
373 3853 456 3900 σιον
473 3817 559 3900 εἶναι
584 3827 635 3928 τῷ
658 3825 742 3930 Θεῷ
766 3827 824 3904 καί
844 3825 975 3924 Πατρί.
1015 3822 1093 3904 ίδοέν
1119 3823 1191 3928 γάρ
1219 3825 1384 3925 ἄμπελον
1405 3823 1526 3904 ἑαυτὸν

332 3943 537 4047 ,ὀνομάζει
563 3951 709 4051 σαφῶς,
729 3947 892 4050 γεωργὸν
914 3947 953 4028 δέ
977 3946 1042 4028 τὸν
1063 3950 1219 4052 Πατέρα.
1259 3946 1385 4053 ὥσπερ
1408 3949 1471 4028 οὖν
1488 3949 1527 4028 αὖ

332 4129 355 4168 ,,
373 4066 504 4148 ταύτὸν
523 4074 570 4153 εἱς
594 4068 723 4150 οὐσίαν
742 4069 906 4170 ἀμπελάς
928 4105 977 4170 τε,
997 4075 1103 4178 φησὶ,
1123 4075 1182 4152 καὶ
1206 4069 1377 4176 γεωργός·
1406 4071 1450 4152 τὸ
1466 4070 1573 4170 μένςο

333 4253 356 4291 ,,
375 4191 446 4296 γάρ
472 4193 597 4299 ξιίλσν,
616 4195 636 4273 5
661 4192 704 4272 δέ
724 4196 825 4274 ἐστιν
844 4194 1045 4298 ἅνθρωπος·
1081 4199 1264 4299 ἀλλαγενῆ
1286 4196 1324 4278 δέ
1345 4203 1459 4276 ταῦτα
1473 4199 1525 4276 καὶ

1478 4409 1523 4472 ec,

1489 4501 1524 4534 tm

374 4415 415 4474 17.
434 4402 511 4460 αὐτὸς
528 4403 560 4458 τὰ
577 4403 641 4475 ἔργα
656 4403 764 4460 inverso
776 4403 870 4460 ordine
883 4404 926 4471 Ε,
938 4404 985 4460 κδ
998 4406 1032 4461 cf.
1043 4405 1073 4460 in
1085 4406 1122 4460 xii
1135 4405 1235 4532 Ρτοὲνίι.
1246 4405 1299 4479 687
1311 4424 1336 4472 c,
1349 4424 1432 4478 supra
1444 4423 1489 4534 αὖ,

1457 4480 1464 4496 Ι

336 4471 387 4613 ῗ67
401 4473 429 4536 b,
441 4489 494 4544 493
508 4473 536 4540 b,
550 4473 601 4545 776
614 4491 637 4540 c,
652 4475 703 4545 782
716 4491 740 4538 c,
754 4476 805 4546 785
819 4475 846 4530 d.
954 4493 998 4547 23.
1016 4477 1162 4532 διενοιπιιυν
1321 4491 1365 4544 ²5·
1384 4499 1461 4535 συντε

350 4542 399 4609 εἰς)
413 4542 444 4596 E.
