3118 5132
56 328 150 398 πἐ.8.
349 338 412 402 ΙΝ
444 339 478 402 S.
503 339 759 404 JOANNEM.
806 339 902 404 LIB.
927 340 987 404 IX.
1066 409 1071 417 ,
1207 337 1272 400 41⁷

96 497 258 600 Ἐπειδὴ
288 503 420 582 τοίνυν
439 501 591 602 έμελλεν
609 505 710 607 ἐρεῖν,
730 503 785 584 ὅτι
811 505 853 584 οὐ
876 502 987 604 μόνον
1006 500 1182 604 ἐγνώκατε
1208 497 1273 578 τὸν

50 623 204 726 Πατέρα,
238 626 340 704 ἀλλ’
373 626 430 706 ὅτι
461 633 521 707 καὶ
556 627 738 734 ἑωράκατε,
766 627 945 735 προτάξαι
974 631 1047 707 δεῖν
1077 629 1272 727 ἀναγκαῖον

49 741 140 848 ᾧήθη
165 747 217 827 τά
238 749 415 857 Ἀπιίρτι,
435 753 493 830 καὶ
520 749 579 830 διὰ
604 752 710 831 ποίαν
730 749 869 847 άίτίαν;
902 750 1006 852 ὁμέν
1024 749 1097 854 γὰρ
1122 748 1271 848 νόμοςὸ

49 868 99 946 διὰ
129 874 346 956 Μωυσέως
381 875 612 981 προσεφώνει
643 883 717 960 τοῖς
750 881 835 960 υἱοῖς
863 873 1020 980 Ἰσραήλ
1048 885 1069 922 “
1087 872 1221 977 Κύριος
1252 873 1272 952 ὁ
1337 975 1342 986 ¹

29 1003 67 1064 ⁵⁴⁴
83 993 179 1080 θεάς
218 1031 305 1077 σου
338 997 461 1101 κύριος
493 997 542 1082 εἷς
571 999 679 1098 ἐστι,”
709 999 859 1080 καὶτὸν
886 998 953 1100 μὲν
979 1003 1060 1102 περὶ
1088 1007 1152 1080 τοῦ
1180 1003 1271 1078 Υίοῦ

52 1115 160 1219 λόγον
196 1123 245 1200 οὐ
283 1123 473 1225 παρετίθει
502 1131 578 1208 τοῖς
609 1123 735 1222 πάλαι,
768 1123 879 1224 μόνης
914 1121 953 1204 δέ
983 1128 1047 1223 τῆς
1078 1121 1273 1206 πολυθεΐας

54 1243 185 1347 ίξελῖον
212 1245 368 1342 αὐτοὺς,
386 1251 435 1330 είς
462 1245 529 1346 τὴν
551 1255 615 1328 τοῦ
643 1245 721 1332 ἐνὸς
749 1245 867 1327 ἐκάλει
894 1246 1156 1350 προσκύνησιν·
1185 1247 1205 1324 ὃ
1234 1244 1304 1328 δέο

58 1367 186 1468 Κύριος
206 1371 322 1468 ἡμῶν
340 1371 485 1468 Ἰησοῦς
508 1373 530 1451 ὁ
548 1371 721 1474 Χριστὸς,
740 1370 798 1452 ὅτε
824 1372 970 1474 γέγονεν
988 1372 1191 1476 ἅνθρωπος,
1214 1367 1288 1484 διὰ.

59 1499 209 1572 πολλῶν
228 1493 402 1593 σημείων
419 1498 478 1573 καὶ
500 1492 751 1597 ἐνεργημάτων
768 1495 962 1598 ἐγνώρισεν
980 1496 1064 1594 ἡμῖν
1083 1497 1125 1576 δι’
1145 1496 1273 1574 ἐαυτοῦ

32 1613 115 1692 ῑῑτὸν
137 1618 312 1719 Πατέρα,
340 1620 399 1696 καὶ
427 1617 493 1716 τὴν
521 1620 559 1698 ἐν
579 1624 627 1723 τῇ
656 1620 744 1726 ἁγίᾳ
768 1619 897 1721 Τριάδι
925 1622 1119 1720 νοουμένην
1145 1653 1186 1700 τε
1213 1623 1273 1699 καὶ

65 1741 291 1844 ίφεστῶσαν
309 1745 458 1842 άληθῶς
477 1743 563 1840 μίαν
581 1743 692 1849 έδειξε
710 1743 879 1842 θεότητος
897 1743 1023 1850 φύσιν.
1063 1751 1185 1828 καλῶς
1209 1745 1272 1824 οὖν

41 1865 125 1964 ’ἆρα
151 1866 199 1946 τό
227 1869 382 1970 Ἀπαίρτι
410 1869 517 1970 φησὶ,
545 1865 602 1946 διὰ
630 1867 672 1946 τὸ
700 1865 824 1951 ἀτελές
851 1869 890 1947 ἐν
916 1868 1051 1970 γνώσει
1078 1875 1151 1948 τῶν
1181 1867 1272 1950 κατὰ

66 1989 167 2088 νόμον
185 1994 252 2072 καὶ
276 1996 354 2070 τῶν
369 1993 449 2071 κατ’
467 1993 617 2077 ἐκείνους
640 1991 937 2092 πολιτευομένων.
977 1994 1197 2094 σημειωτέον
1215 1992 1269 2092 δέ,

66 2113 111 2194 ὅτι
127 2113 266 2196 ἑαυτὸν
285 2118 369 2194 ἀντὶ
386 2124 451 2195 τοῦ
470 2113 616 2219 Πατρὸς
641 2117 822 2219 ἑωρᾶσθαι
847 2119 980 2218 λέγων,
1002 2118 1065 2196 οὐκ
1084 2118 1271 2220 ἀνατρέπει

38 2237 98 2318 ῑᾶτὸ
116 2241 302 2345 ὑπάρχειν
321 2243 468 2340 άληθῶς
485 2273 523 2319 τε
541 2242 600 2320 καὶ
622 2239 883 2326 ίδιοσυστάτως
908 2239 972 2320 τὸν
991 2240 1035 2347 ἐξ
1057 2241 1167 2342 οὗπέρ
1191 2243 1301 2320 ἐστιο
1327 2265 1392 2322 ’174
1400 2266 1440 2320 Δ.

65 2366 207 2466 Πατέρα
227 2367 294 2444 καὶ
315 2361 420 2444 Θεόν·
450 2365 534 2442 ἀλλ’
555 2364 635 2443 οὐδὲ
655 2363 781 2444 ἑαυτὸν
799 2360 890 2444 εἷναί
908 2370 1004 2472 φησι
1021 2363 1086 2444 τὸν
1106 2365 1267 2468 Πατέρα,

63 2486 144 2568 ὅσον
162 2489 259 2588 ἧκεν
277 2490 391 2566 εἰπεῖν
409 2492 458 2570 είς
475 2487 677 2590 προσώπου
695 2488 870 2586 δήλωσιν·
901 2487 986 2567 ἀλλ’
1007 2491 1147 2591 ἐπείπερ
1172 2490 1272 2569 ἐστὶν

61 2613 256 2709 ὀμοοιίσιος
284 2615 338 2717 τῷ
368 2611 497 2714 Πατρὶ,
520 2611 707 2714 ἐωροῖσθαί
731 2619 848 2717 φησιν
874 2614 912 2691 ἐν
937 2614 1032 2720 αὐτῷ
1059 2612 1122 2693 τὸν
1148 2612 1271 2716 γεννή-

59 2769 185 2835 σαντα,
225 2734 360 2836 ὥσπερ
391 2731 436 2813 ἂν
468 2741 497 2813 εἰ
530 2738 589 2814 καὶ
622 2736 814 2838 ἀνθρώπου
845 2735 942 2820 τινὸς
979 2736 1052 2821 υίὸς
1083 2733 1150 2836 τὴν
1182 2739 1271 2818 ἰδίου

28 2861 192 2964 xmp&
216 2857 403 2956 ἐθελήσας
420 2865 671 2956 κατασημᾶναι
690 2859 816 2965 φύσιν,
835 2859 960 2940 ἑαυτὸν
978 2861 1152 2966 ἐπιδείξας
1172 2861 1270 2963 λέγει

56 2991 100 3092 τῷ
124 2994 248 3065 τοῦτο
279 2987 408 3078 μαθεῖν
429 2980 589 3062 ἐθέλοντι
614 2983 724 3087 τυχόν
742 2982 819 3064 Τὸν
838 2981 924 3082 ε’μέιν
942 2987 979 3064 ἐν
1002 2987 1078 3082 ἐμοὶ
1102 2983 1270 3062 τεθέασαι

55 3109 211 3214 πατέρα.
256 3103 355 3190 Θεὸς
379 3105 416 3184 δέ
440 3107 553 3185 πάλιν
570 3104 637 3206 τὴν
654 3113 719 3186 τοῦ
737 3108 1026 3210 παραδείγματος
1045 3108 1270 3207 ὑπεραλεῖται

54 3238 226 3334 ὅουαμιν.

101 3479 202 3552 Λέτει
233 3472 330 3558 αὐτῷ
356 3472 520 3540 Φίλιππος
548 3475 652 3564 Κύριε,
676 3470 783 3544 δεῖξον
811 3471 886 3552 ἡμῖν
913 3477 969 3541 τὸν
995 3475 1136 3564 Πατέρα,
1165 3475 1218 3540 καὶ
1282 3484 1300 3540 8

23 3621 50 3678 ²5
572 3596 666 3690 ἀρκεῖ
692 3595 777 3676 ἡμῖν.
1281 3578 1303 3642 b

113 3761 342 3865 Φιλομαθῆς
378 3761 444 3862 μέν
480 3765 500 3843 ὁ
538 3764 732 3862 Φίλιππος,
769 3761 870 3863 πλὴν
907 3765 949 3844 οὐ
981 3765 1070 3846 λίαν
1101 3763 1187 3872 ὀξὺς
1223 3769 1272 3848 εἰς

64 3892 218 3970 σύνεσιν
253 3887 320 3988 τὴν
351 3895 430 3972 ταῖς
466 3889 646 3972 θεοπτίαις
682 3889 995 3992 πρεπωδεστέραν.
1048 3891 1090 3969 οὐ
1121 3887 1194 3990 γὰρ
1225 3886 1271 3966 ἂν

66 4015 163 4120 (ρ’ίγθη
188 4011 284 4095 ποτέ
307 4019 382 4096 τοῖς
408 4020 473 4091 τοῦ
497 4011 667 4112 σώματος
691 4013 896 4116 ὀφθαλμοῖς
919 4011 986 4111 τὴν
1002 4013 1100 4090 θείαν
1118 4016 1270 4114 ἰσχῦσαι

67 4135 367 4220 καταθεάσασθαι
392 4133 518 4242 φύσιν,
537 4137 652 4216 καίτοι
677 4137 869 4240 διαῤῥήδην
890 4135 1060 4236 λέγοντος
1084 4140 1148 4212 τοῦ
1174 4138 1270 4211 Θεοῦ

1254 4258 1266 4286 ἱ

37 4275 86 4328 3²“
102 4267 239 4349 Οὐδεὶς
256 4261 391 4370 ὄψεται
408 4259 452 4339 τὸ
469 4257 671 4364 πρόσωπόν
688 4294 758 4360 μου
778 4263 835 4339 καὶ
855 4256 1030 4360 ζήσεται.”
1060 4261 1090 4335 εί
1113 4253 1185 4359 γὰρ
1209 4289 1268 4335 και
1312 4257 1400 4374 fffii

1316 4404 1354 4440 20.

96 4523 121 4595 γ.
138 4506 235 4634 &Lym
247 4503 265 4558 ά
277 4501 329 4557 alt.
340 4496 376 4553 Ε.
483 4511 509 4568 5.
520 4495 600 4570 περὶ]
613 4495 684 4586 παρδ
696 4495 731 4550 Ε.
837 4493 863 4548 8.
882 4490 938 4563 ὅτε]
952 4491 991 4546 ὅτι
1006 4492 1038 4547 Ε.
1148 4507 1189 4560 14.
1208 4491 1269 4548 ιίνα.

68 4597 159 4646 rpem
327 4585 373 4624 τι.
391 4572 443 4622 τῶν
454 4573 531 4624 τοῦτο
542 4570 632 4638 μαθεῖν
644 4565 766 4621 (θέλοντα
780 4563 812 4618 Ε.
920 4580 963 4620 22.
981 4564 1132 4635 πράγματος
1145 4562 1177 4618 E.

102 4681 167 4730 τοι,
184 4683 225 4730 n.
651 4669 670 4734 3
687 4667 709 4712 Η
