3082 5112
49 277 153 344 nizo.
316 281 381 345 IN
413 284 447 347 S.
472 277 730 348 JOANNEM.
775 282 871 347 LIB.
895 282 956 348 IX.
1174 283 1236 346 361

48 443 245 547 προκομίζων
273 445 348 524 τὸν
379 443 546 551 ἔλεγχον,
573 451 631 526 καί
663 446 730 548 τὴν
758 451 823 546 τῆς
852 447 1053 548 προδοσίας
1085 445 1238 542 ἔκβασιν

49 571 82 648 είς
95 575 240 666 σημεῖον
258 569 429 650 ἔσεσθαί
445 577 542 677 φησι
560 573 619 650 καὶ
642 575 691 656 είς
713 570 955 678 σαφεστάτην
974 568 1158 676 ἀπόδειξιν
1175 577 1240 650 τοῦ

50 689 133 768 α’τὸν
147 687 238 772 εἶναι
257 692 451 796 Χριστόν.
493 697 542 778 ὥς
560 691 631 797 γάρ
656 695 724 796 ἤδη
749 693 959 800 φθάσαντες
977 692 1136 792 εἴπομεν,
1156 694 1176 773 ὁ
1194 692 1240 771 τὰ

50 811 91 890 διό
111 821 179 893 τῶν
205 822 324 920 ίερῶν
353 818 581 921 γραμμάτων
607 819 924 923 προκεκηρυγμίνα
952 824 1026 902 τοῖς
1054 827 1118 897 τοῦ
1145 851 1237 920 προ-

33 937 130 1018 εδότοο
153 941 379 1037 συμβαλὼν
403 939 647 1042 τολμήμασιν,
664 940 977 1041 εῦουνοπτοτάτην
999 938 1044 1021 ἂν
1061 938 1159 1038 οἶμαι
1181 944 1240 1021 καὶ

50 1062 288 1166 ίτολοιπωρον
317 1067 451 1172 κομιδῇ
479 1063 546 1166 τὴν
573 1068 625 1146 ἐπ’
655 1067 752 1174 αὐτῷ
783 1065 995 1172 κατάληψιν
1022 1068 1153 1164 ἀληθῆ,
1181 1068 1240 1146 καὶ

52 1185 127 1276 ια’λο
142 1189 296 1294 ῥᾳδίως,
316 1189 441 1270 ἕλοιτο
459 1189 516 1270 ἄν.

1252 1301 1270 1346 Θ

51 1427 127 1499 ’ίμίν
142 1431 233 1508 ἀμὴν
249 1433 348 1508 λέν-ω
364 1429 483 1516 ὑμῖν,ό
502 1437 678 1514 λαμβάνων
697 1437 737 1538 ἄν
755 1459 828 1502 τινα
847 1435 980 1516 πέμψω,
993 1435 1052 1510 ἐμὲ
1071 1435 1238 1512 λαμβάνει·
1255 1455 1293 1495 20

162 1558 182 1625 ὁ
201 1557 245 1626 δὲ
266 1559 331 1634 ἐμὲ
350 1560 528 1638 λαμβάνων
547 1563 703 1640 λαμβάνει
721 1562 778 1628 τὸν
797 1560 1038 1628 ἀποστείλαντά
1057 1583 1108 1638 με.

24 1749 45 1788 ¹⁰
92 1729 375 1837 Προαττοδείξος
400 1733 589 1835 χρησίμως
610 1765 736 1812 εαυτον
754 1729 841 1812 ὄντα
860 1728 1024 1880 Χριστον
1043 1765 1101 1810 και
1088 1725 1218 1810 δι’φ
1191 1763 1242 1808 ων

51 1849 225 1944 ἔμελλεν
204 1889 230 1933 ο
266 1854 503 1956 προδότης’
484 1855 760 1957 εμπαροινήσειν
790 1858 828 1936 ἐν
859 1857 965 1963 αὐτῷ,
995 1853 1177 1960 χρήσιμόν
1208 1887 1243 1931 τι

50 1973 175 2054 πόδι’
154 1984 303 2057 επινοεῖ
321 1977 415 2080 πρὸς
438 1979 644 2082 ἀνατροπην
661 1983 725 2079 τῆς
750 1981 881 2060 ἐκείνου
905 1979 1157 2072 κακοβουλίας.
1196 1979 1244 2059 ὡς

49 2099 277 2204 ίμιδρότερός
303 2135 385 2186 πως
409 2104 507 2210 αὐτῷ
530 2101 673 2206 πρόεισι
699 2105 756 2182 καὶ
783 2103 885 2183 νῦνό
910 2101 1034 2204 λόγος·
1077 2097 1239 2202 συγκρό-

50 2253 131 2302 πειν
155 2225 239 2328 γὰρ
266 2227 324 2306 ἔτι
350 2231 515 2326 πειρᾶται
543 2225 585 2307 τὸ
612 2224 795 2327 τόλμημα,
822 2230 880 2307 καὶ
908 2224 1116 2333 ἀναφανδὸν
1143 2225 1243 2304 οὕτω

19 2352 126 2446 'mi
158 2349 218 2434 τίς
259 2351 282 2429 ὃ
321 2349 526 2454 προδοίσων
557 2349 677 2432 αι’πόν.
727 2348 918 2456 ἀπελέγχει
950 2357 1152 2454 τοιγαροῦν,
1184 2349 1272 2428 καὶο
1298 2373 1361 2428 ’133
1370 2370 1410 2426 Δ.

50 2471 134 2562 μάλα
165 2475 368 2578 χρησίμως
398 2472 489 2570 μετά
518 2480 664 2580 σαφοῦς
694 2473 994 2578 παραδείγματος,
1024 2477 1072 2557 ὡς
1103 2469 1243 2573 ἀνάγκη

51 2600 139 2674 τῦσα
169 2601 234 2676 καὶ
258 2601 312 2680 είς
335 2595 380 2675 τὸ
402 2605 466 2676 τοῦ
486 2601 584 2677 Θεοῦ
612 2599 671 2676 καὶ
691 2595 837 2700 Πατρός
864 2599 1007 2678 ἀναθεῖν
1028 2593 1241 2698 πρόσωπον,

50 2722 100 2814 τῆς
116 2725 167 2805 εἷς
185 2717 305 2800 αῦτδν
322 2719 511 2822 γινομέιορς
530 2719 673 2824 ἀγάπης
691 2755 729 2802 τε
752 2724 810 2801 καὶ
834 2725 939 2822 τιμῆς
963 2719 1005 2800 τὸ
1030 2721 1154 2822 πέρας·
1185 2722 1244 2800 καὶ

48 2845 115 2948 οόχῖ
141 2845 267 2943 δήπου
296 2852 404 2923 τοῦτο
431 2843 558 2948 κυρίως
586 2845 682 2952 αὐτῷ
710 2845 877 2924 δεικνύειν
904 2841 1053 2942 σκοπός,
1081 2841 1175 2949 τάχα
1207 2841 1245 2922 δὲ

13 2974 188 3116 ορᾶλλον
214 2967 259 3048 τὸ
288 2967 456 3052 ε’ναντίως
483 2968 566 3074 ἕχον
589 2967 683 3049 κατὰ
709 2967 776 3069 τὴν
801 2967 924 3076 δόξαν.
964 2969 1066 3074 ἀφείς
1093 2967 1177 3071 γὰρ,
1196 2969 1245 3051 ὡς

46 3091 137 3238 ἔατε,
163 3093 210 3172 τὸ
238 3091 355 3200 φάναι
382 3089 611 3242 γυμνότερον,
635 3091 724 3196 ὅπερ
751 3091 888 3195 εἴρηκεν
912 3093 951 3172 ἐν
974 3091 1113 3194 ετέροις,
1135 3123 1241 3171 τουτ-

46 3213 142 3296 ίοτιν
172 3226 197 3263 “
209 3217 263 3296 'O
294 3213 347 3314 μὴ
378 3221 493 3315 τιμῶν
521 3213 585 3296 τὸν
611 3213 703 3296 Υίδν
736 3215 886 3296 οὐδὲ
849 3249 914 3298 τον
946 3214 1093 3319 Πατέρα
1121 3212 1232 3320 τιμᾷί
1234 3212 1372 3276 ’Supra

1290 3293 1366 3340 v·²·3

45 3339 224 3444 κεχείρηκε
235 3339 427 3490 finos
409 3373 466 3420 επι
488 3337 530 3420 τό
554 3339 844 3494 εῦφημότερρν,’
825 3339 1023 3492 επιτρέπων
1040 3347 1115 3424 τοῖς
1132 3341 1240 3442 ἀκρο·
1258 3351 1280 3416 b

45 3463 193 3560 ωμεῦοες
210 3497 256 3543 το
275 3469 367 3542 νοεῖν
385 3463 425 3542 ἐκ
442 3462 571 3544 τούτου
588 3463 630 3544 τὸ
647 3463 817 3556 ε’ναντίον,
837 3464 916 3544 ἐπεί
934 3497 988 3542 τοι
1013 3497 1072 3543 και
1095 3465 1246 3561 ἀπειλῆς

4 3617 35 3676 ²,
45 3584 245 3684 μαλλον
224 3623 251 3688 η
282 3591 490 3689 προτροπῆς
519 3583 564 3686 ἦν
592 3588 612 3667 ὁ
644 3585 777 3692 καιρὸς,
805 3589 863 3666 ἐπὶ
895 3585 1071 3689 obponas*
1047 3622 1150 3672 οντος
1182 3595 1246 3666 τοῦ

45 3709 292 3810 τολμήματος,
315 3712 374 3789 καὶ
397 3710 466 3810 ἤδη
488 3709 734 3811 μελετωμένης
756 3715 822 3812 τῆς
845 3711 899 3792 ἐπ’
923 3713 1020 3818 αῦτῷ
1045 3711 1243 3813 παροινίας.

45 3831 221 3934 βεβλήκει
247 3832 321 3936 γάρ
344 3833 413 3935 ἤδη
435 3834 504 3934 τὴν
519 3833 694 3942 σκόφινό
716 3839 881 3919 Σατανᾶς
904 3839 953 3919 είς
977 3833 1045 3934 Τῆν
1061 3842 1126 3914 τοῦ
1150 3867 1242 3934 προ·

46 3955 155 4038 δότου
172 3959 337 4060 καρδίαν.
375 3955 502 4060 ὥσπερ
524 3957 653 4056 τοίνυν,
672 3961 799 4064 φησὶν,
818 3957 877 4057 ε’μὲ
894 3955 946 4057 δὴ
972 3955 1116 4040 πάντως
1140 3955 1248 4034 αὐτὸν

47 4083 108 4159 καὶ
130 4083 199 4186 οῦχ
223 4079 347 4183 ἕτερον
365 4081 578 4188 ι’ποδέξαιτό
599 4115 663 4178 τις,
681 4080 745 4162 τὸν
762 4081 847 4186 παρ’
867 4084 953 4181 ἐμοῦ
971 4078 1249 4178 ἀπεσταλμένον

3 4235 37 4292 20
49 4208 81 4282 εί
98 4203 220 4300 λάβοι·
251 4207 366 4290 οὕτως
390 4205 411 4284 ὁ
434 4204 497 4286 τὸν
514 4205 614 4310 παρὰ
633 4211 729 4288 θεοῦ
746 4209 806 4286 καὶ
826 4202 973 4308 Πατρός
991 4202 1248 4282 άποσταλίντα

50 4325 252 4436 δεξάμενος,
277 4327 388 4410 αι’πόν
414 4326 461 4410 ἀν
487 4328 631 4414 εἰκότως
658 4329 797 4437 δέχοιτο
823 4327 888 4412 τὸν
907 4326 1066 4430 Πατέρα.
1104 4327 1190 4408 ἀλλ’
1209 4327 1278 4408 ε’νο

521 4519 779 4578 ηῶἢωῌ.

94 4621 164 4669 τοι,
180 4623 220 4668 n.
627 4621 684 4690 3³
