3118 5132
83 335 166 424 nEJS.
305 340 363 405 IN
394 341 429 406 S.
454 337 710 406 JOANNEM.
755 337 851 404 LIB.
875 337 935 402 IX.
1152 335 1219 402 89⁷

82 501 271 612 μότυνέσῃ
294 511 370 585 τῶν
390 503 575 602 ἐσομένων
593 501 887 601 ι’πτολαμβάνεις;
921 499 1022 580 ἀλλά
1045 507 1111 580 τοὺ
1136 533 1216 581 πει-

81 634 175 722 ρομοὺ
188 625 226 707 τὺ
240 627 356 732 βιὶρος
376 629 441 708 οὑκ
459 627 669 710 ἐπίστασαι·
699 628 741 706 οὑ
766 625 838 730 γὰρ
863 623 1046 730 ἀραρότως
1069 623 1216 728 προκεί-

81 779 143 828 εεται
164 747 200 831 τό
225 759 365 849 παθεῖν,
396 755 459 832 σοὶ
491 749 530 832 δὲ
561 749 604 832 τὸ
633 755 911 858 μικροφυχῆσαι
944 749 1028 830 λίαν
1060 749 1118 829 καὶ
1150 748 1219 853 οὑχ

80 869 149 951 ἑκόντι
169 875 406 976 συμβήσεται,
430 877 490 956 καὶ
517 876 633 990 ἀρνήσῃ
660 909 706 981 με
733 881 810 982 τρὶς,
833 876 893 954 καὶ
919 875 957 954 ε’ν
986 874 1085 954 νυκτὶ
1112 879 1251 952 τοὺτοο

68 995 131 1074 Ξάεὸ
155 1005 220 1106 μιᾷ.
274 1000 385 1080 ταυτί
421 1033 500 1083 πως
540 997 680 1079 οἴεσθαι
721 997 840 1100 λέγειν
876 993 1120 1096 ὑποτοπητίον
1155 995 1220 1076 τὸν

80 1116 182 1264 Ἱφτοὺν·
210 1123 399 1223 θαυμάσαι
424 1121 538 1225 γεμὴν
556 1124 623 1202 κάν
641 1120 759 1230 τοὺτερ
783 1119 827 1222 δὴ
852 1121 966 1202 πάλιν
984 1119 1050 1220 τὴν
1067 1121 1221 1200 ε’νοὺσαν

80 1273 135 1348 μορ
123 1247 422 1352 φιλανθρωπίαν
449 1246 564 1353 ἄξων·
602 1243 823 1348 προειρηκὼς
853 1245 935 1348 γὰρ,
964 1243 1019 1324 ὅτι
1049 1249 1100 1351 τῷ
1127 1241 1222 1351 τόνῳ

79 1368 114 1459 Πλ
137 1369 267 1472 Mons*
302 1371 406 1478 αὑτῷ
435 1370 692 1524 προθυμίας
671 1405 694 1468 η
729 1373 793 1469 τῆς
828 1373 953 1476 φυχῆς
990 1369 1058 1472 οὑχ
1095 1366 1223 1472 ἕψεται

80 1487 182 1590 φαμι,
202 1494 356 1576 ἀκλάσει
383 1491 499 1595 γεμὴν
523 1529 581 1574 και
568 1491 804 1574 ὑπενδιόσει
829 1502 1016 1590 τοσοὺτον,
1043 1489 1139 1571 ὥστε
1164 1494 1223 1570 καὶ

61 1611 131 1708 Πρὸς
147 1617 244 1714 μόνον
261 1622 430 1700 ἀπειπεῖν
447 1651 511 1698 τον
528 1652 594 1700 του
577 1617 781 1698 κινδύνου
804 1616 935 1725 φόβον,
955 1614 1091 1698 οὑδέν’
1073 1617 1220 1716 επηπεί-

80 1746 141 1834 lm,
161 1741 211 1820 διὰ
237 1751 350 1824 τοὺτο
383 1740 503 1846 τυχόν,
532 1745 581 1826 ὡς
614 1742 690 1822 οὐδ’
720 1739 790 1822 ὑπὸ
821 1741 919 1822 θείαν
946 1740 1049 1821 ἔσται
1082 1741 1224 1842 κίνησιν

79 1857 144 1958 λίγα·
178 1870 230 1945 καὶ
262 1864 325 1946 διά
357 1867 467 1946 ποίαν
498 1865 615 1946 αἰτίαν
634 1925 1219 1947 ................................

79 1985 177 2068 παθόντι
195 1993 237 2072 δέ
254 2026 290 2073 τι
309 1997 389 2071 τῶν
407 1991 643 2093 ἀνθρωπίνων
659 1990 723 2069 οὑκ
741 1989 958 2070 ἐπανατείνει
973 1988 1040 2090 τὴν
1058 1988 1255 2071 κόλασιν.ο

78 2103 204 2215 φθγδρ
235 2117 474 2195 ἀσθενοῦσαν
506 2112 556 2194 ἔτι
593 2111 661 2213 τὴν
692 2113 819 2220 φύσιν,
851 2116 910 2194 καὶ
947 2114 990 2193 οὑ
1027 2113 1225 2213 δυναμένην

59 2231 180 2330 ῑᾰὲκγκεῖν
194 2247 255 2319 τοὺ
274 2236 439 2322 θανάτου
457 2234 524 2336 τὴν
541 2235 706 2337 ἀπειλήν.
745 2238 845 2318 οὔπω
871 2235 943 2340 γὰρ
966 2239 1065 2318 οὔπω
1088 2271 1221 2340 κατηρ·

78 2359 178 2450 φαίνοι·
202 2361 258 2442 διά
285 2367 357 2462 τῆς
384 2359 620 2444 ἀναστάσεως
646 2361 767 2458 αὑτοῦ,
785 2365 849 2459 τῆς
877 2361 1047 2441 ἀπόντων
1070 2363 1226 2446 διανοίας

79 2485 318 2585 κατεθρασύνετο,
341 2487 401 2564 καὶ
425 2482 545 2568 ἱκανός
568 2481 615 2584 ἦν
636 2484 687 2564 ἔτι
712 2487 770 2566 καὶ
795 2482 894 2593 μόνῳ
919 2490 1146 2588 συνθραὺσαι
1173 2497 1226 2594 τῷ

79 2601 165 2696 ίθματι
188 2613 242 2690 καὶ
266 2608 338 2690 τὸν
363 2606 514 2715 σφόδρα
538 2605 700 2689 νεανικὸν
724 2611 785 2688 καὶ
808 2606 923 2689 δεινὸν
945 2613 993 2693 εἷς
1018 2611 1223 2707 εὑτολμίαν.

78 2735 194 2812 παθοῦσα
209 2731 281 2838 γὰρ
300 2729 406 2836 παρά
429 2731 544 2839 φύσιν
561 2732 584 2832 ἡ
610 2730 723 2839 φύσις
747 2731 812 2812 τὸν
830 2731 996 2832 θάνατον,
1015 2737 1063 2819 ὡς
1085 2768 1222 2834 νενικη-

59 2847 120 2930 ῑιότι
138 2863 350 2964 παραχωρεῖ,
377 2862 523 2954 μᾶλλον
550 2855 588 2935 δὲ
615 2855 816 2960 παρεχώρει
843 2854 935 2937 τότε·
971 2856 1228 2964 διαῤῥήξαντος

77 2969 163 3058 δ’τοὺ
188 2986 363 3084 Σωτῆρος
395 2979 497 3078 ἡμῶν
528 2977 575 3062 τά
606 2979 737 3060 ἐκείνου
768 2979 898 3080 δεσμά,
930 2980 1065 3083 γλυκὺς
1096 2981 1261 3066 ἀνατί-δ

76 3101 162 3192 §amu
192 3113 264 3190 τοῖς
304 3105 483 3204 ἀγαπῶσι
519 3101 760 3207 Χριστον,’
731 3137 762 3183 ει
799 3107 857 3184 καὶ
894 3107 1040 3208 προσίοι
1076 3109 1225 3206 πικρῶς·
1324 3139 1328 3148 ·

75 3217 279 3328 ότεισβέβηκε
317 3225 393 3331 γὰρ
424 3226 447 3326 ἡ
479 3227 619 3312 αἰώνιος
650 3225 802 3330 ζωὴ,
766 3261 808 3308 το
841 3232 906 3328 τῆς
937 3233 1077 3335 φθορᾶς
1111 3259 1227 3329 παρα-

75 3343 171 3430 λὑιοσο
189 3350 333 3455 κρότος
376 3349 507 3431 οιέσθω
532 3348 571 3430 δε
595 3348 709 3432 πόλιν
727 3353 879 3432 ἐνταῦθα
902 3354 1023 3452 μηδεὶς
1049 3349 1232 3454 ἠρνῆσθαί

54 3477 149 3552 Ξπειτα
163 3479 339 3576 ἀτονῆσαι
357 3472 422 3554 τόν
441 3475 593 3578 Πετρον,
614 3473 733 3554 διά
697 3509 739 3555 το
763 3478 861 3580 ῥῆμα
878 3480 1058 3579 Χριστοῦ·
1092 3476 1134 3555 οὑ
1155 3472 1228 3579 γάρ

75 3589 187 3698 αλόγκιμ
202 3601 383 3696 ἐπιτιθεὶς,
402 3600 487 3678 ἀλλ’
508 3598 589 3678 οὑδὲ
614 3601 654 3679 ἐκ
674 3599 757 3695 βίας
777 3598 893 3678 ἕλκων
911 3604 961 3684 εἰς
978 3599 1021 3679 τὸ
1039 3605 1165 3681 παθεῖν
1183 3597 1230 3680 τά

74 3721 174 3800 masna
190 3729 319 3830 φησιν·
350 3723 435 3801 ἀλλ’
456 3721 544 3826 ὅπερ
563 3718 666 3821 οἶδεν,
686 3725 734 3806 ὡς
753 3721 857 3822 Θεὸς,
875 3721 1020 3808 πάντως
1039 3727 1098 3804 καὶ
1116 3725 1230 3823 ἀναμ-

75 3839 227 3944 λίπως’
209 3847 388 3947 εσόμενον
405 3845 577 3948 προλίγει
595 3881 647 3955 περ
630 3851 819 3953 μαθητῇ.

114 3965 242 4072 Ἐπειδὴ
280 3967 322 4050 δὲ
363 3967 410 4050 τά
444 3976 519 4053 τοῖς
560 3971 802 4076 ἀρχαιοτεροις
839 3969 1101 4070 συμβεβηκότα
1137 4003 1230 4072 προς
1278 3979 1356 4030 ¹⁰⁰¹·

53 4093 218 4174 Ξ·’οῑθειτίον
244 4101 323 4176 τῶν
349 4093 425 4192 μετ’
452 4089 579 4178 αὑτοὺς
606 4093 885 4198 ἀναγέγραπται,
914 4093 1001 4200 φερε
1029 4091 1073 4192 δή
1101 4127 1136 4172 τι
1165 4092 1226 4170 λί-
1243 4063 1353 4179 οι
1314 4061 1353 4098 Η

75 4233 154 4306 λομεν
168 4223 237 4297 τῶν
255 4214 466 4318 ἀναγκαίων
488 4221 537 4302 εἰς
561 4217 689 4319 ὄνησιν
707 4219 747 4298 ἐκ
773 4225 837 4299 τοὺ
864 4217 1065 4326 κεφαλαίου
1090 4249 1228 4316 κεκινη-

75 4331 145 4418 μένοι
177 4341 217 4420 οὑ
243 4339 321 4446 γὰρ
349 4335 448 4440 οἶμαι
475 4344 548 4422 δεῖν
571 4337 871 4445 ἀπαγγέλλεσθαί
894 4375 929 4422 τι
956 4337 1155 4445 προχείρως
1181 4345 1233 4448 τῷ

146 4583 181 4626 ιι.
199 4571 382 4628 &uacuum
395 4570 462 4624 etin
475 4571 507 4628 E.
857 4587 901 4628 ιε.
919 4568 1082 4641 διαπὲφαιαι
1094 4567 1128 4626 Ε.
