<?xml version="1.0" encoding="UTF-8"?>
<!DOCTYPE html PUBLIC "-//W3C//DTD XHTML 1.0 Transitional//EN"
    "http://www.w3.org/TR/xhtml1/DTD/xhtml1-transitional.dtd">
<html xmlns="http://www.w3.org/1999/xhtml" xml:lang="en" lang="en">
 <head>
  <title>
</title>
<meta http-equiv="Content-Type" content="text/html;charset=utf-8" />
  <meta name='ocr-system' content='tesseract 3.04.00' />
  <meta name='ocr-capabilities' content='ocr_page ocr_carea ocr_par ocr_line ocrx_word'/>
</head>
<body>
  <div class='ocr_page' id='page_1' title='image "./sanctipatrisnos02pusegoog_0720.png"; bbox 0 0 3238 5114; ppageno 0'>
   <div class='ocr_carea' id='block_1_1' title="bbox 180 3145 261 3197">
    <p class='ocr_par' dir='ltr' id='par_1_1' title="bbox 180 3145 261 3197">
     <span class='ocr_line' id='line_1_1' title="bbox 180 3145 261 3197; baseline 0.012 -1"><span class='ocrx_word' id='word_1_1' title='bbox 180 3145 261 3197; x_wconf 75' lang='lat' dir='ltr'><strong>Exod.</strong></span> 
     </span>
    </p>
   </div>
   <div class='ocr_carea' id='block_1_2' title="bbox 171 3227 286 3408">
    <p class='ocr_par' dir='ltr' id='par_1_2' title="bbox 171 3227 286 3408">
     <span class='ocr_line' id='line_1_2' title="bbox 171 3227 254 3274; baseline 0 -13"><span class='ocrx_word' id='word_1_2' title='bbox 171 3229 222 3261; x_wconf 71' lang='lat' dir='ltr'>n.</span> <span class='ocrx_word' id='word_1_3' title='bbox 232 3227 254 3274; x_wconf 82' lang='lat'>3.</span> 
     </span>
     <span class='ocr_line' id='line_1_3' title="bbox 180 3360 286 3408; baseline 0 0"><span class='ocrx_word' id='word_1_4' title='bbox 180 3360 213 3408; x_wconf 85' lang='lat' dir='ltr'>iv.</span> <span class='ocrx_word' id='word_1_5' title='bbox 231 3373 286 3408; x_wconf 80' lang='grc' dir='ltr'>ιοο</span> 
     </span>
    </p>
   </div>
   <div class='ocr_carea' id='block_1_3' title="bbox 185 3501 222 3550">
    <p class='ocr_par' dir='ltr' id='par_1_3' title="bbox 185 3501 222 3550">
     <span class='ocr_line' id='line_1_4' title="bbox 185 3501 222 3550; baseline 0 -12"><span class='ocrx_word' id='word_1_6' title='bbox 185 3501 222 3550; x_wconf 79' lang='lat'>13.</span> 
     </span>
    </p>
   </div>
   <div class='ocr_carea' id='block_1_4' title="bbox 310 259 1587 3267">
    <p class='ocr_par' dir='ltr' id='par_1_4' title="bbox 310 259 1587 3267">
     <span class='ocr_line' id='line_1_5' title="bbox 344 259 1541 340; baseline -0.004 -10"><span class='ocrx_word' id='word_1_7' title='bbox 344 269 407 332; x_wconf 81' lang='grc'>682</span> <span class='ocrx_word' id='word_1_8' title='bbox 648 275 686 339; x_wconf 90' lang='grc' dir='ltr'>Β.</span> <span class='ocrx_word' id='word_1_9' title='bbox 711 275 922 340; x_wconf 83' lang='lat' dir='ltr'>CYRILLI</span> <span class='ocrx_word' id='word_1_10' title='bbox 952 271 1241 339; x_wconf 75' lang='lat' dir='ltr'>ALEXANDR.</span> <span class='ocrx_word' id='word_1_11' title='bbox 1379 259 1541 329; x_wconf 78' lang='lat' dir='ltr'><strong>xvii.6-8·</strong></span> 
     </span>
     <span class='ocr_line' id='line_1_6' title="bbox 344 430 1543 538; baseline 0.005 -26"><span class='ocrx_word' id='word_1_12' title='bbox 344 432 403 513; x_wconf 85' lang='grc' dir='ltr'>διὸ</span> <span class='ocrx_word' id='word_1_13' title='bbox 426 435 492 534; x_wconf 87' lang='grc' dir='ltr'>μέν</span> <span class='ocrx_word' id='word_1_14' title='bbox 510 444 575 516; x_wconf 83' lang='grc' dir='ltr'>τοῦ</span> <span class='ocrx_word' id='word_1_15' title='bbox 595 437 812 538; x_wconf 82' lang='grc' dir='ltr'>Ποιήσωμεν</span> <span class='ocrx_word' id='word_1_16' title='bbox 830 440 892 518; x_wconf 88' lang='grc' dir='ltr'>καί</span> <span class='ocrx_word' id='word_1_17' title='bbox 914 439 1011 518; x_wconf 86' lang='grc' dir='ltr'>Καθ’</span> <span class='ocrx_word' id='word_1_18' title='bbox 1031 437 1203 536; x_wconf 85' lang='grc' dir='ltr'>ὁμοίωσιν</span> <span class='ocrx_word' id='word_1_19' title='bbox 1224 430 1402 534; x_wconf 78' lang='grc' dir='ltr'>ἡμετέραν</span> <span class='ocrx_word' id='word_1_20' title='bbox 1420 431 1543 518; x_wconf 51' lang='grc' dir='ltr'>εἰπεῖν,</span> 
     </span>
     <span class='ocr_line' id='line_1_7' title="bbox 343 547 1546 664; baseline -0.003 -28"><span class='ocrx_word' id='word_1_21' title='bbox 343 557 366 654; x_wconf 86' lang='grc' dir='ltr'><strong><em>ἡ</em></strong></span> <span class='ocrx_word' id='word_1_22' title='bbox 392 559 478 659; x_wconf 83' lang='grc' dir='ltr'>ἁγία</span> <span class='ocrx_word' id='word_1_23' title='bbox 500 559 613 664; x_wconf 88' lang='grc' dir='ltr'>Τριάς</span> <span class='ocrx_word' id='word_1_24' title='bbox 638 561 862 662; x_wconf 88' lang='grc' dir='ltr'>σημαίνεται·</span> <span class='ocrx_word' id='word_1_25' title='bbox 899 561 1175 663; x_wconf 84' lang='grc' dir='ltr'>δεδημιούργηκε</span> <span class='ocrx_word' id='word_1_26' title='bbox 1199 556 1273 661; x_wconf 85' lang='grc' dir='ltr'>γὰρ</span> <span class='ocrx_word' id='word_1_27' title='bbox 1297 558 1358 635; x_wconf 81' lang='grc' dir='ltr'>καὶ</span> <span class='ocrx_word' id='word_1_28' title='bbox 1384 549 1482 655; x_wconf 85' lang='grc' dir='ltr'>πρὸς</span> <span class='ocrx_word' id='word_1_29' title='bbox 1507 547 1546 626; x_wconf 80' lang='grc' dir='ltr'>τὸ</span> 
     </span>
     <span class='ocr_line' id='line_1_8' title="bbox 344 674 1544 788; baseline -0.008 -29"><span class='ocrx_word' id='word_1_30' title='bbox 344 677 431 760; x_wconf 80' lang='grc' dir='ltr'>εἶναι</span> <span class='ocrx_word' id='word_1_31' title='bbox 459 681 507 763; x_wconf 86' lang='grc' dir='ltr'>τὸι</span> <span class='ocrx_word' id='word_1_32' title='bbox 534 682 654 766; x_wconf 78' lang='grc' dir='ltr'>πάντα</span> <span class='ocrx_word' id='word_1_33' title='bbox 681 686 852 786; x_wconf 74' lang='grc' dir='ltr'>κέκληκεν</span> <span class='ocrx_word' id='word_1_34' title='bbox 879 686 901 765; x_wconf 88' lang='grc' dir='ltr'>ὸ</span> <span class='ocrx_word' id='word_1_35' title='bbox 929 683 1060 788; x_wconf 85' lang='grc' dir='ltr'>Πατὴρ</span> <span class='ocrx_word' id='word_1_36' title='bbox 1087 685 1129 764; x_wconf 87' lang='grc' dir='ltr'>δι’</span> <span class='ocrx_word' id='word_1_37' title='bbox 1158 687 1249 762; x_wconf 82' lang='grc' dir='ltr'>Υίοῦ</span> <span class='ocrx_word' id='word_1_38' title='bbox 1277 682 1316 760; x_wconf 89' lang='grc' dir='ltr'>ἐν</span> <span class='ocrx_word' id='word_1_39' title='bbox 1342 674 1544 772; x_wconf 83' lang='grc' dir='ltr'>Πνειίματι.</span> 
     </span>
     <span class='ocr_line' id='line_1_9' title="bbox 344 801 1545 917; baseline -0.006 -32"><span class='ocrx_word' id='word_1_40' title='bbox 344 807 429 884; x_wconf 83' lang='grc' dir='ltr'>ἀλλ’</span> <span class='ocrx_word' id='word_1_41' title='bbox 449 809 512 888; x_wconf 80' lang='grc' dir='ltr'>οὐκ</span> <span class='ocrx_word' id='word_1_42' title='bbox 540 808 745 892; x_wconf 82' lang='grc' dir='ltr'>εὐσύνοπτά</span> <span class='ocrx_word' id='word_1_43' title='bbox 771 844 849 894; x_wconf 90' lang='grc' dir='ltr'>πως</span> <span class='ocrx_word' id='word_1_44' title='bbox 875 816 950 894; x_wconf 84' lang='grc' dir='ltr'>τοῖς</span> <span class='ocrx_word' id='word_1_45' title='bbox 974 807 1215 917; x_wconf 75' lang='grc' dir='ltr'>ἀρχαιοτέροις</span> <span class='ocrx_word' id='word_1_46' title='bbox 1238 803 1285 904; x_wconf 80' lang='grc' dir='ltr'>ἦν</span> <span class='ocrx_word' id='word_1_47' title='bbox 1306 801 1353 882; x_wconf 86' lang='grc' dir='ltr'>τὸι</span> <span class='ocrx_word' id='word_1_48' title='bbox 1380 805 1545 890; x_wconf 77' lang='grc' dir='ltr'>τοιαῦτα,</span> 
     </span>
     <span class='ocr_line' id='line_1_10' title="bbox 344 923 1570 1041; baseline -0.02 -13"><span class='ocrx_word' id='word_1_49' title='bbox 344 930 551 1027; x_wconf 68' lang='grc' dir='ltr'>μᾶλλονδὲ</span> <span class='ocrx_word' id='word_1_50' title='bbox 575 931 794 1041; x_wconf 74' lang='grc' dir='ltr'>ἀσυμῴανὴς</span> <span class='ocrx_word' id='word_1_51' title='bbox 819 936 839 1014; x_wconf 90' lang='grc' dir='ltr'>ὸ</span> <span class='ocrx_word' id='word_1_52' title='bbox 865 932 988 1036; x_wconf 86' lang='grc' dir='ltr'>λόγος·</span> <span class='ocrx_word' id='word_1_53' title='bbox 1023 935 1066 1013; x_wconf 81' lang='grc' dir='ltr'>οὐ</span> <span class='ocrx_word' id='word_1_54' title='bbox 1092 930 1164 1034; x_wconf 80' lang='grc' dir='ltr'>γὰρ</span> <span class='ocrx_word' id='word_1_55' title='bbox 1190 934 1307 1012; x_wconf 82' lang='grc' dir='ltr'>ίδικῶς</span> <span class='ocrx_word' id='word_1_56' title='bbox 1334 923 1570 1021; x_wconf 73' lang='grc' dir='ltr'>ὠνόμασται</span> 
     </span>
     <span class='ocr_line' id='line_1_11' title="bbox 346 1045 1548 1159; baseline -0.006 -23"><span class='ocrx_word' id='word_1_57' title='bbox 346 1051 487 1159; x_wconf 78' lang='grc' dir='ltr'>Πατὴρ,</span> <span class='ocrx_word' id='word_1_58' title='bbox 519 1057 604 1135; x_wconf 86' lang='grc' dir='ltr'>ἀλλ’</span> <span class='ocrx_word' id='word_1_59' title='bbox 638 1057 718 1138; x_wconf 80' lang='grc' dir='ltr'>οὐδὲ</span> <span class='ocrx_word' id='word_1_60' title='bbox 755 1058 797 1139; x_wconf 94' lang='grc' dir='ltr'>τὸ</span> <span class='ocrx_word' id='word_1_61' title='bbox 833 1065 898 1138; x_wconf 84' lang='grc' dir='ltr'>τοῦ</span> <span class='ocrx_word' id='word_1_62' title='bbox 934 1061 1025 1138; x_wconf 82' lang='grc' dir='ltr'>Υίοῦ</span> <span class='ocrx_word' id='word_1_63' title='bbox 1058 1054 1307 1158; x_wconf 62' lang='grc' dir='ltr'>παρεκομίσθη</span> <span class='ocrx_word' id='word_1_64' title='bbox 1341 1045 1548 1151; x_wconf 78' lang='grc' dir='ltr'>πρόσωπον</span> 
     </span>
     <span class='ocr_line' id='line_1_12' title="bbox 345 1173 1548 1284; baseline 0.009 -29"><span class='ocrx_word' id='word_1_65' title='bbox 345 1177 515 1280; x_wconf 75' lang='grc' dir='ltr'>ἐναργῶς·</span> <span class='ocrx_word' id='word_1_66' title='bbox 554 1178 632 1261; x_wconf 85' lang='grc' dir='ltr'>ὁδέ</span> <span class='ocrx_word' id='word_1_67' title='bbox 653 1182 785 1284; x_wconf 84' lang='grc' dir='ltr'>Κύριος</span> <span class='ocrx_word' id='word_1_68' title='bbox 803 1182 905 1282; x_wconf 84' lang='grc' dir='ltr'>ἡμῶν</span> <span class='ocrx_word' id='word_1_69' title='bbox 921 1183 1064 1282; x_wconf 83' lang='grc' dir='ltr'>Ἰησοῦς</span> <span class='ocrx_word' id='word_1_70' title='bbox 1085 1182 1106 1260; x_wconf 88' lang='grc' dir='ltr'><strong>ὁ</strong></span> <span class='ocrx_word' id='word_1_71' title='bbox 1124 1175 1300 1282; x_wconf 86' lang='grc' dir='ltr'>Χριστὸς,</span> <span class='ocrx_word' id='word_1_72' title='bbox 1321 1173 1548 1276; x_wconf 61' lang='grc' dir='ltr'>περιπῡλῆἳ</span> 
     </span>
     <span class='ocr_line' id='line_1_13' title="bbox 344 1293 1549 1413; baseline -0.007 -33"><span class='ocrx_word' id='word_1_73' title='bbox 344 1335 438 1387; x_wconf 89' lang='grc' dir='ltr'>τινος</span> <span class='ocrx_word' id='word_1_74' title='bbox 464 1302 549 1409; x_wconf 85' lang='grc' dir='ltr'>δίχα</span> <span class='ocrx_word' id='word_1_75' title='bbox 571 1307 630 1384; x_wconf 81' lang='grc' dir='ltr'>καὶ</span> <span class='ocrx_word' id='word_1_76' title='bbox 655 1308 693 1386; x_wconf 93' lang='grc' dir='ltr'>ἐν</span> <span class='ocrx_word' id='word_1_77' title='bbox 709 1312 835 1411; x_wconf 81' lang='grc' dir='ltr'>πολλῇ</span> <span class='ocrx_word' id='word_1_78' title='bbox 859 1306 1045 1413; x_wconf 77' lang='grc' dir='ltr'>παῤῥησίη</span> <span class='ocrx_word' id='word_1_79' title='bbox 1065 1303 1212 1408; x_wconf 80' lang='grc' dir='ltr'>Πατέρα</span> <span class='ocrx_word' id='word_1_80' title='bbox 1232 1299 1297 1401; x_wconf 77' lang='grc' dir='ltr'>μέν</span> <span class='ocrx_word' id='word_1_81' title='bbox 1314 1298 1409 1379; x_wconf 88' lang='grc' dir='ltr'>’ίδιον</span> <span class='ocrx_word' id='word_1_82' title='bbox 1426 1293 1549 1374; x_wconf 78' lang='grc' dir='ltr'>ἐκάλει</span> 
     </span>
     <span class='ocr_line' id='line_1_14' title="bbox 310 1418 1549 1534; baseline -0.005 -28"><span class='ocrx_word' id='word_1_83' title='bbox 310 1423 409 1506; x_wconf 81' lang='grc' dir='ltr'>Ιιτὸν</span> <span class='ocrx_word' id='word_1_84' title='bbox 432 1426 538 1524; x_wconf 84' lang='grc' dir='ltr'>Θεὸν,</span> <span class='ocrx_word' id='word_1_85' title='bbox 563 1427 689 1509; x_wconf 80' lang='grc' dir='ltr'>ἑαυτὸν</span> <span class='ocrx_word' id='word_1_86' title='bbox 716 1429 831 1532; x_wconf 82' lang='grc' dir='ltr'>γεμὴν</span> <span class='ocrx_word' id='word_1_87' title='bbox 857 1428 1041 1534; x_wconf 79' lang='grc' dir='ltr'>ὀνομάζων</span> <span class='ocrx_word' id='word_1_88' title='bbox 1061 1426 1152 1508; x_wconf 80' lang='grc' dir='ltr'>Υίὸν</span> <span class='ocrx_word' id='word_1_89' title='bbox 1179 1429 1238 1507; x_wconf 83' lang='grc' dir='ltr'>καὶ</span> <span class='ocrx_word' id='word_1_90' title='bbox 1265 1419 1407 1527; x_wconf 85' lang='grc' dir='ltr'>καρπὸν</span> <span class='ocrx_word' id='word_1_91' title='bbox 1435 1418 1549 1500; x_wconf 84' lang='grc' dir='ltr'>ὅντως</span> 
     </span>
     <span class='ocr_line' id='line_1_15' title="bbox 344 1540 1587 1658; baseline -0.004 -30"><span class='ocrx_word' id='word_1_92' title='bbox 344 1549 464 1650; x_wconf 77' lang='grc' dir='ltr'>ἀληθῆ</span> <span class='ocrx_word' id='word_1_93' title='bbox 489 1555 552 1650; x_wconf 86' lang='grc' dir='ltr'>τῆς</span> <span class='ocrx_word' id='word_1_94' title='bbox 576 1557 650 1631; x_wconf 83' lang='grc' dir='ltr'>τῶν</span> <span class='ocrx_word' id='word_1_95' title='bbox 668 1550 766 1634; x_wconf 83' lang='grc' dir='ltr'>ὅλων</span> <span class='ocrx_word' id='word_1_96' title='bbox 783 1551 985 1655; x_wconf 79' lang='grc' dir='ltr'>κρατούσης</span> <span class='ocrx_word' id='word_1_97' title='bbox 1009 1550 1186 1658; x_wconf 78' lang='grc' dir='ltr'>ἐπιδείξας</span> <span class='ocrx_word' id='word_1_98' title='bbox 1211 1547 1367 1656; x_wconf 81' lang='grc' dir='ltr'>φύσεως,</span> <span class='ocrx_word' id='word_1_99' title='bbox 1384 1540 1548 1649; x_wconf 80' lang='grc' dir='ltr'>πεφανέ·</span> <span class='ocrx_word' id='word_1_100' title='bbox 1562 1577 1587 1617; x_wconf 78' lang='grc' dir='ltr'>ιι</span> 
     </span>
     <span class='ocr_line' id='line_1_16' title="bbox 344 1668 1553 1780; baseline -0.009 -26"><span class='ocrx_word' id='word_1_101' title='bbox 344 1708 436 1776; x_wconf 89' lang='grc' dir='ltr'>ρωκε</span> <span class='ocrx_word' id='word_1_102' title='bbox 458 1673 495 1756; x_wconf 84' lang='grc' dir='ltr'>τὸ</span> <span class='ocrx_word' id='word_1_103' title='bbox 520 1676 624 1780; x_wconf 81' lang='grc' dir='ltr'>ίιιμα</span> <span class='ocrx_word' id='word_1_104' title='bbox 649 1685 713 1756; x_wconf 85' lang='grc' dir='ltr'>τοῦ</span> <span class='ocrx_word' id='word_1_105' title='bbox 737 1675 892 1780; x_wconf 89' lang='grc' dir='ltr'>Πατρὸς,</span> <span class='ocrx_word' id='word_1_106' title='bbox 912 1679 971 1756; x_wconf 80' lang='grc' dir='ltr'>καὶ</span> <span class='ocrx_word' id='word_1_107' title='bbox 998 1682 1047 1762; x_wconf 84' lang='grc' dir='ltr'>είς</span> <span class='ocrx_word' id='word_1_108' title='bbox 1073 1674 1213 1756; x_wconf 87' lang='grc' dir='ltr'>τελείαν</span> <span class='ocrx_word' id='word_1_109' title='bbox 1234 1672 1327 1772; x_wconf 78' lang='grc' dir='ltr'>ἡμᾶς</span> <span class='ocrx_word' id='word_1_110' title='bbox 1355 1668 1553 1765; x_wconf 81' lang='grc' dir='ltr'>ἀνεκόμισε</span> 
     </span>
     <span class='ocr_line' id='line_1_17' title="bbox 344 1796 1552 1905; baseline -0.01 -27"><span class='ocrx_word' id='word_1_111' title='bbox 344 1805 494 1900; x_wconf 81' lang='grc' dir='ltr'>γνῶσιν.</span> <span class='ocrx_word' id='word_1_112' title='bbox 535 1799 773 1904; x_wconf 80' lang='grc' dir='ltr'>πληρεστάτη</span> <span class='ocrx_word' id='word_1_113' title='bbox 791 1799 864 1905; x_wconf 83' lang='grc' dir='ltr'>γὰρ</span> <span class='ocrx_word' id='word_1_114' title='bbox 883 1807 1020 1903; x_wconf 82' lang='grc' dir='ltr'>γνῶσις</span> <span class='ocrx_word' id='word_1_115' title='bbox 1042 1801 1164 1903; x_wconf 79' lang='grc' dir='ltr'>ἡπερὶ</span> <span class='ocrx_word' id='word_1_116' title='bbox 1182 1804 1278 1879; x_wconf 87' lang='grc' dir='ltr'>Θεοῦ</span> <span class='ocrx_word' id='word_1_117' title='bbox 1301 1796 1360 1875; x_wconf 79' lang='grc' dir='ltr'>καὶ</span> <span class='ocrx_word' id='word_1_118' title='bbox 1385 1796 1454 1891; x_wconf 81' lang='grc' dir='ltr'>τῆς</span> <span class='ocrx_word' id='word_1_119' title='bbox 1481 1796 1552 1869; x_wconf 81' lang='grc' dir='ltr'>τῶν</span> 
     </span>
     <span class='ocr_line' id='line_1_18' title="bbox 346 1913 1549 2033; baseline -0.007 -31"><span class='ocrx_word' id='word_1_120' title='bbox 346 1921 443 2004; x_wconf 82' lang='grc' dir='ltr'>ὅλων</span> <span class='ocrx_word' id='word_1_121' title='bbox 465 1926 588 2030; x_wconf 83' lang='grc' dir='ltr'>ἀρχῆς,</span> <span class='ocrx_word' id='word_1_122' title='bbox 610 1926 674 2006; x_wconf 82' lang='grc' dir='ltr'>οὐκ</span> <span class='ocrx_word' id='word_1_123' title='bbox 702 1928 739 2005; x_wconf 88' lang='grc' dir='ltr'>ἐν</span> <span class='ocrx_word' id='word_1_124' title='bbox 757 1931 811 2033; x_wconf 76' lang='grc' dir='ltr'>τῷ</span> <span class='ocrx_word' id='word_1_125' title='bbox 838 1925 965 2005; x_wconf 72' lang='grc' dir='ltr'>είδείαιι</span> <span class='ocrx_word' id='word_1_126' title='bbox 991 1922 1104 2024; x_wconf 86' lang='grc' dir='ltr'>μόνον</span> <span class='ocrx_word' id='word_1_127' title='bbox 1127 1921 1182 2003; x_wconf 82' lang='grc' dir='ltr'>δτι</span> <span class='ocrx_word' id='word_1_128' title='bbox 1208 1917 1301 2004; x_wconf 79' lang='grc' dir='ltr'>Θεὸς</span> <span class='ocrx_word' id='word_1_129' title='bbox 1327 1920 1443 2012; x_wconf 88' lang='grc' dir='ltr'>ἐστιν,</span> <span class='ocrx_word' id='word_1_130' title='bbox 1463 1913 1549 1994; x_wconf 78' lang='grc' dir='ltr'>ἀλλ’</span> 
     </span>
     <span class='ocr_line' id='line_1_19' title="bbox 346 2041 1551 2152; baseline -0.005 -26"><span class='ocrx_word' id='word_1_131' title='bbox 346 2045 401 2126; x_wconf 82' lang='grc' dir='ltr'>ὅτι</span> <span class='ocrx_word' id='word_1_132' title='bbox 438 2050 497 2126; x_wconf 78' lang='grc' dir='ltr'>καὶ</span> <span class='ocrx_word' id='word_1_133' title='bbox 535 2045 664 2152; x_wconf 76' lang='grc' dir='ltr'>Πατὴρ</span> <span class='ocrx_word' id='word_1_134' title='bbox 702 2051 761 2130; x_wconf 82' lang='grc' dir='ltr'>καὶ</span> <span class='ocrx_word' id='word_1_135' title='bbox 796 2049 892 2134; x_wconf 90' lang='grc' dir='ltr'>τίνος</span> <span class='ocrx_word' id='word_1_136' title='bbox 933 2050 1013 2130; x_wconf 85' lang='grc' dir='ltr'>ἐστὶ</span> <span class='ocrx_word' id='word_1_137' title='bbox 1052 2045 1192 2150; x_wconf 75' lang='grc' dir='ltr'>Πατὴρ,</span> <span class='ocrx_word' id='word_1_138' title='bbox 1229 2041 1551 2137; x_wconf 62' lang='grc' dir='ltr'>συνεισβαινοντος</span> 
     </span>
     <span class='ocr_line' id='line_1_20' title="bbox 346 2161 1587 2275; baseline 0.006 -26"><span class='ocrx_word' id='word_1_139' title='bbox 346 2167 512 2270; x_wconf 88' lang='grc' dir='ltr'>δηλονότι</span> <span class='ocrx_word' id='word_1_140' title='bbox 543 2171 601 2250; x_wconf 79' lang='grc' dir='ltr'>καὶ</span> <span class='ocrx_word' id='word_1_141' title='bbox 634 2179 698 2252; x_wconf 85' lang='grc' dir='ltr'>τοῦ</span> <span class='ocrx_word' id='word_1_142' title='bbox 724 2173 854 2275; x_wconf 81' lang='grc' dir='ltr'>Ἀγίου</span> <span class='ocrx_word' id='word_1_143' title='bbox 883 2172 1101 2272; x_wconf 85' lang='grc' dir='ltr'>Πνειίματος.</span> <span class='ocrx_word' id='word_1_144' title='bbox 1151 2169 1194 2251; x_wconf 88' lang='grc' dir='ltr'>τὸ</span> <span class='ocrx_word' id='word_1_145' title='bbox 1225 2166 1291 2269; x_wconf 76' lang='grc' dir='ltr'>μέν</span> <span class='ocrx_word' id='word_1_146' title='bbox 1318 2163 1390 2268; x_wconf 67' lang='grc' dir='ltr'>γὰρ</span> <span class='ocrx_word' id='word_1_147' title='bbox 1422 2161 1587 2257; x_wconf 66' lang='grc' dir='ltr'>εἷδένωῐῡ</span> 
     </span>
     <span class='ocr_line' id='line_1_21' title="bbox 344 2283 1547 2402; baseline -0.007 -29"><span class='ocrx_word' id='word_1_148' title='bbox 344 2294 455 2394; x_wconf 89' lang='grc' dir='ltr'>μόνον</span> <span class='ocrx_word' id='word_1_149' title='bbox 476 2293 571 2374; x_wconf 85' lang='grc' dir='ltr'>Θεὸν</span> <span class='ocrx_word' id='word_1_150' title='bbox 594 2293 681 2376; x_wconf 87' lang='grc' dir='ltr'>ὅντα</span> <span class='ocrx_word' id='word_1_151' title='bbox 708 2293 772 2376; x_wconf 91' lang='grc' dir='ltr'>τὸν</span> <span class='ocrx_word' id='word_1_152' title='bbox 791 2293 899 2394; x_wconf 83' lang='grc' dir='ltr'>Θεὸν,</span> <span class='ocrx_word' id='word_1_153' title='bbox 924 2297 992 2402; x_wconf 83' lang='grc' dir='ltr'>οὐχ</span> <span class='ocrx_word' id='word_1_154' title='bbox 1018 2296 1103 2396; x_wconf 79' lang='grc' dir='ltr'>ἡμῖν</span> <span class='ocrx_word' id='word_1_155' title='bbox 1125 2293 1170 2375; x_wconf 87' lang='grc' dir='ltr'>ἀν</span> <span class='ocrx_word' id='word_1_156' title='bbox 1195 2293 1326 2396; x_wconf 83' lang='grc' dir='ltr'>πρέποι</span> <span class='ocrx_word' id='word_1_157' title='bbox 1353 2294 1505 2388; x_wconf 79' lang='grc' dir='ltr'>μᾶλλον</span> <span class='ocrx_word' id='word_1_158' title='bbox 1527 2283 1547 2384; x_wconf 77' lang='grc' dir='ltr'>ἢ</span> 
     </span>
     <span class='ocr_line' id='line_1_22' title="bbox 345 2407 1546 2526; baseline -0.007 -30"><span class='ocrx_word' id='word_1_159' title='bbox 345 2423 419 2501; x_wconf 81' lang='grc' dir='ltr'>τοῖς</span> <span class='ocrx_word' id='word_1_160' title='bbox 438 2415 508 2498; x_wconf 84' lang='grc' dir='ltr'>ὑπὸ</span> <span class='ocrx_word' id='word_1_161' title='bbox 527 2418 649 2517; x_wconf 89' lang='grc' dir='ltr'>νόμον·</span> <span class='ocrx_word' id='word_1_162' title='bbox 681 2418 894 2526; x_wconf 83' lang='grc' dir='ltr'>φρονήσεως</span> <span class='ocrx_word' id='word_1_163' title='bbox 911 2418 983 2522; x_wconf 81' lang='grc' dir='ltr'>γὰρ</span> <span class='ocrx_word' id='word_1_164' title='bbox 1001 2420 1196 2518; x_wconf 80' lang='grc' dir='ltr'>Ἰουδαῖκῆς</span> <span class='ocrx_word' id='word_1_165' title='bbox 1214 2417 1282 2521; x_wconf 76' lang='grc' dir='ltr'>οὐχ</span> <span class='ocrx_word' id='word_1_166' title='bbox 1300 2413 1491 2517; x_wconf 80' lang='grc' dir='ltr'>ὑπερίσχει</span> <span class='ocrx_word' id='word_1_167' title='bbox 1507 2407 1546 2490; x_wconf 86' lang='grc' dir='ltr'>τὸ</span> 
     </span>
     <span class='ocr_line' id='line_1_23' title="bbox 317 2534 1545 2646; baseline -0.001 -32"><span class='ocrx_word' id='word_1_168' title='bbox 317 2539 485 2644; x_wconf 86' lang='grc' dir='ltr'>ομέτρον.</span> <span class='ocrx_word' id='word_1_169' title='bbox 523 2545 581 2621; x_wconf 79' lang='grc' dir='ltr'>καὶ</span> <span class='ocrx_word' id='word_1_170' title='bbox 600 2540 726 2646; x_wconf 75' lang='grc' dir='ltr'>ὥσπερ</span> <span class='ocrx_word' id='word_1_171' title='bbox 745 2542 848 2624; x_wconf 78' lang='grc' dir='ltr'>οὐδέν</span> <span class='ocrx_word' id='word_1_172' title='bbox 866 2543 1090 2624; x_wconf 87' lang='grc' dir='ltr'>τετελείωκεν</span> <span class='ocrx_word' id='word_1_173' title='bbox 1108 2543 1128 2622; x_wconf 89' lang='grc' dir='ltr'><strong>ὁ</strong></span> <span class='ocrx_word' id='word_1_174' title='bbox 1147 2541 1255 2642; x_wconf 87' lang='grc' dir='ltr'>νόμος</span> <span class='ocrx_word' id='word_1_175' title='bbox 1276 2534 1545 2639; x_wconf 82' lang='grc' dir='ltr'>παιδαγωγικὸν</span> 
     </span>
     <span class='ocr_line' id='line_1_24' title="bbox 347 2662 1545 2770; baseline -0.003 -28"><span class='ocrx_word' id='word_1_176' title='bbox 347 2663 528 2769; x_wconf 80' lang='grc' dir='ltr'>εἰσφέρων</span> <span class='ocrx_word' id='word_1_177' title='bbox 555 2662 598 2744; x_wconf 91' lang='grc' dir='ltr'>τὸ</span> <span class='ocrx_word' id='word_1_178' title='bbox 626 2665 777 2767; x_wconf 85' lang='grc' dir='ltr'>μάθημα</span> <span class='ocrx_word' id='word_1_179' title='bbox 809 2672 868 2748; x_wconf 83' lang='grc' dir='ltr'>καὶ</span> <span class='ocrx_word' id='word_1_180' title='bbox 899 2669 963 2749; x_wconf 83' lang='grc' dir='ltr'>οὐκ</span> <span class='ocrx_word' id='word_1_181' title='bbox 993 2668 1138 2770; x_wconf 79' lang='grc' dir='ltr'>ἀρκοῦν,</span> <span class='ocrx_word' id='word_1_182' title='bbox 1152 2670 1201 2750; x_wconf 87' lang='grc' dir='ltr'>είς</span> <span class='ocrx_word' id='word_1_183' title='bbox 1229 2663 1459 2765; x_wconf 87' lang='grc' dir='ltr'>κατόρθωσιν</span> <span class='ocrx_word' id='word_1_184' title='bbox 1485 2662 1545 2756; x_wconf 76' lang='grc' dir='ltr'>τῆς</span> 
     </span>
     <span class='ocr_line' id='line_1_25' title="bbox 346 2787 1584 2894; baseline -0.011 -27"><span class='ocrx_word' id='word_1_185' title='bbox 346 2789 421 2867; x_wconf 81' lang='grc' dir='ltr'>κατ’</span> <span class='ocrx_word' id='word_1_186' title='bbox 457 2788 641 2884; x_wconf 69' lang='grc' dir='ltr'>εὐσείθειαν</span> <span class='ocrx_word' id='word_1_187' title='bbox 674 2793 810 2894; x_wconf 74' lang='grc' dir='ltr'>ἀρετῆς,</span> <span class='ocrx_word' id='word_1_188' title='bbox 844 2793 956 2876; x_wconf 80' lang='grc' dir='ltr'>οὕτως</span> <span class='ocrx_word' id='word_1_189' title='bbox 991 2792 1103 2889; x_wconf 81' lang='grc' dir='ltr'>ἀτελῆ</span> <span class='ocrx_word' id='word_1_190' title='bbox 1140 2791 1198 2870; x_wconf 81' lang='grc' dir='ltr'>καὶ</span> <span class='ocrx_word' id='word_1_191' title='bbox 1233 2787 1299 2888; x_wconf 86' lang='grc' dir='ltr'>τὴν</span> <span class='ocrx_word' id='word_1_192' title='bbox 1332 2787 1413 2888; x_wconf 77' lang='grc' dir='ltr'>περὶ</span> <span class='ocrx_word' id='word_1_193' title='bbox 1451 2789 1545 2865; x_wconf 84' lang='grc' dir='ltr'>Θεοῦ</span> <span class='ocrx_word' id='word_1_194' title='bbox 1555 2816 1584 2856; x_wconf 82' lang='grc' dir='ltr'>ιο</span> 
     </span>
     <span class='ocr_line' id='line_1_26' title="bbox 348 2908 1540 3020; baseline -0.003 -28"><span class='ocrx_word' id='word_1_195' title='bbox 348 2919 486 3015; x_wconf 83' lang='grc' dir='ltr'>γνῶσιν</span> <span class='ocrx_word' id='word_1_196' title='bbox 504 2913 661 3012; x_wconf 80' lang='grc' dir='ltr'>ἐνετίθει,</span> <span class='ocrx_word' id='word_1_197' title='bbox 682 2914 794 3014; x_wconf 88' lang='grc' dir='ltr'>μόνης</span> <span class='ocrx_word' id='word_1_198' title='bbox 818 2913 979 3020; x_wconf 78' lang='grc' dir='ltr'>ἀφιστὰς</span> <span class='ocrx_word' id='word_1_199' title='bbox 1003 2919 1068 3014; x_wconf 74' lang='grc' dir='ltr'>τῆς</span> <span class='ocrx_word' id='word_1_200' title='bbox 1093 2919 1141 2998; x_wconf 82' lang='grc' dir='ltr'>εἰς</span> <span class='ocrx_word' id='word_1_201' title='bbox 1166 2910 1268 2997; x_wconf 89' lang='grc' dir='ltr'>θεοὸς</span> <span class='ocrx_word' id='word_1_202' title='bbox 1291 2908 1373 2995; x_wconf 85' lang='grc' dir='ltr'>τοὸς</span> <span class='ocrx_word' id='word_1_203' title='bbox 1397 2912 1540 3015; x_wconf 74' lang='grc' dir='ltr'>ψευδω-</span> 
     </span>
     <span class='ocr_line' id='line_1_27' title="bbox 348 3033 1542 3140; baseline -0.007 -23"><span class='ocrx_word' id='word_1_204' title='bbox 348 3036 479 3136; x_wconf 79' lang='grc' dir='ltr'>νύμονς</span> <span class='ocrx_word' id='word_1_205' title='bbox 505 3035 658 3137; x_wconf 76' lang='grc' dir='ltr'>ἀγάπης,</span> <span class='ocrx_word' id='word_1_206' title='bbox 682 3041 740 3117; x_wconf 76' lang='grc' dir='ltr'>καί</span> <span class='ocrx_word' id='word_1_207' title='bbox 768 3036 832 3118; x_wconf 93' lang='grc' dir='ltr'>τὸν</span> <span class='ocrx_word' id='word_1_208' title='bbox 853 3037 915 3118; x_wconf 82' lang='grc' dir='ltr'>ἕνα</span> <span class='ocrx_word' id='word_1_209' title='bbox 942 3039 1001 3118; x_wconf 85' lang='grc' dir='ltr'>καὶ</span> <span class='ocrx_word' id='word_1_210' title='bbox 1025 3035 1199 3137; x_wconf 87' lang='grc' dir='ltr'>ἀληθινὸν</span> <span class='ocrx_word' id='word_1_211' title='bbox 1220 3039 1436 3140; x_wconf 89' lang='grc' dir='ltr'>προσκυνεῖν</span> <span class='ocrx_word' id='word_1_212' title='bbox 1458 3033 1542 3110; x_wconf 87' lang='grc' dir='ltr'>ἀνα·</span> 
     </span>
     <span class='ocr_line' id='line_1_28' title="bbox 348 3156 1541 3267; baseline -0.004 -27"><span class='ocrx_word' id='word_1_213' title='bbox 348 3161 481 3240; x_wconf 92' lang='grc' dir='ltr'>πείθων</span> <span class='ocrx_word' id='word_1_214' title='bbox 500 3172 521 3208; x_wconf 88' lang='grc'><strong>“</strong></span> <span class='ocrx_word' id='word_1_215' title='bbox 536 3162 616 3240; x_wconf 82' lang='grc' dir='ltr'>Οὐκ</span> <span class='ocrx_word' id='word_1_216' title='bbox 636 3160 781 3241; x_wconf 80' lang='grc' dir='ltr'>ἔσονται</span> <span class='ocrx_word' id='word_1_217' title='bbox 800 3159 872 3264; x_wconf 89' lang='grc' dir='ltr'>γοίρ</span> <span class='ocrx_word' id='word_1_218' title='bbox 891 3195 963 3260; x_wconf 86' lang='grc' dir='ltr'>σοι,</span> <span class='ocrx_word' id='word_1_219' title='bbox 983 3163 1088 3267; x_wconf 79' lang='grc' dir='ltr'>φησὶ,</span> <span class='ocrx_word' id='word_1_220' title='bbox 1108 3164 1181 3240; x_wconf 80' lang='grc' dir='ltr'>θεοὶ</span> <span class='ocrx_word' id='word_1_221' title='bbox 1198 3159 1311 3264; x_wconf 85' lang='grc' dir='ltr'>ἕτεροι</span> <span class='ocrx_word' id='word_1_222' title='bbox 1328 3156 1426 3256; x_wconf 87' lang='grc' dir='ltr'>πλὴν</span> <span class='ocrx_word' id='word_1_223' title='bbox 1444 3158 1541 3255; x_wconf 82' lang='grc' dir='ltr'>ἐμοῦ·</span> 
     </span>
    </p>
   </div>
   <div class='ocr_carea' id='block_1_5' title="bbox 179 3280 1581 3511">
    <p class='ocr_par' dir='ltr' id='par_1_5' title="bbox 179 3280 1581 3511">
     <span class='ocr_line' id='line_1_29' title="bbox 179 3280 1544 3390; baseline 0.005 -31"><span class='ocrx_word' id='word_1_224' title='bbox 179 3293 304 3344; x_wconf 64' lang='lat' dir='ltr'><strong>matth.</strong></span> <span class='ocrx_word' id='word_1_225' title='bbox 349 3290 371 3328; x_wconf 91' lang='lat'>“</span> <span class='ocrx_word' id='word_1_226' title='bbox 392 3280 526 3385; x_wconf 81' lang='grc' dir='ltr'>Κύρων</span> <span class='ocrx_word' id='word_1_227' title='bbox 550 3281 613 3362; x_wconf 92' lang='grc' dir='ltr'>τὸν</span> <span class='ocrx_word' id='word_1_228' title='bbox 632 3284 729 3363; x_wconf 91' lang='grc' dir='ltr'>Θεόν</span> <span class='ocrx_word' id='word_1_229' title='bbox 751 3317 822 3364; x_wconf 92' lang='grc' dir='ltr'>σου</span> <span class='ocrx_word' id='word_1_230' title='bbox 849 3283 1125 3387; x_wconf 76' lang='grc' dir='ltr'>προσκυνήσεις,</span> <span class='ocrx_word' id='word_1_231' title='bbox 1144 3287 1203 3365; x_wconf 78' lang='grc' dir='ltr'>καὶ</span> <span class='ocrx_word' id='word_1_232' title='bbox 1230 3284 1327 3390; x_wconf 74' lang='grc' dir='ltr'>αὐτῷ</span> <span class='ocrx_word' id='word_1_233' title='bbox 1353 3280 1451 3388; x_wconf 82' lang='grc' dir='ltr'>μόνῳ</span> <span class='ocrx_word' id='word_1_234' title='bbox 1480 3290 1544 3360; x_wconf 69' lang='grc' dir='ltr'>λιν</span> 
     </span>
     <span class='ocr_line' id='line_1_30' title="bbox 180 3404 1581 3511; baseline 0 -29"><span class='ocrx_word' id='word_1_235' title='bbox 180 3425 257 3475; x_wconf 78' lang='lat' dir='ltr'><strong>Deut·</strong></span> <span class='ocrx_word' id='word_1_236' title='bbox 266 3424 300 3473; x_wconf 82' lang='lat' dir='ltr'>vi·</span> <span class='ocrx_word' id='word_1_237' title='bbox 350 3414 371 3450; x_wconf 86' lang='grc'><strong>“</strong></span> <span class='ocrx_word' id='word_1_238' title='bbox 390 3405 582 3506; x_wconf 82' lang='grc' dir='ltr'>τρειίσεις.”</span> <span class='ocrx_word' id='word_1_239' title='bbox 614 3408 634 3485; x_wconf 87' lang='grc' dir='ltr'><strong><em>ὁ</em></strong></span> <span class='ocrx_word' id='word_1_240' title='bbox 660 3405 698 3488; x_wconf 87' lang='grc' dir='ltr'>δέ</span> <span class='ocrx_word' id='word_1_241' title='bbox 720 3406 852 3511; x_wconf 82' lang='grc' dir='ltr'>Κύριος</span> <span class='ocrx_word' id='word_1_242' title='bbox 877 3409 978 3508; x_wconf 80' lang='grc' dir='ltr'>ἡμῶν</span> <span class='ocrx_word' id='word_1_243' title='bbox 995 3407 1140 3507; x_wconf 83' lang='grc' dir='ltr'>Ἰησοῦς</span> <span class='ocrx_word' id='word_1_244' title='bbox 1164 3404 1365 3511; x_wconf 88' lang='grc' dir='ltr'>ὁΧριστὸς</span> <span class='ocrx_word' id='word_1_245' title='bbox 1386 3413 1462 3490; x_wconf 87' lang='grc' dir='ltr'>τοῖς</span> <span class='ocrx_word' id='word_1_246' title='bbox 1489 3405 1581 3496; x_wconf 73' lang='grc' dir='ltr'>διάη</span> 
     </span>
    </p>
   </div>
   <div class='ocr_carea' id='block_1_6' title="bbox 315 3528 1590 4256">
    <p class='ocr_par' dir='ltr' id='par_1_6' title="bbox 315 3528 1590 4256">
     <span class='ocr_line' id='line_1_31' title="bbox 352 3528 1542 3634; baseline 0.003 -28"><span class='ocrx_word' id='word_1_247' title='bbox 352 3528 538 3613; x_wconf 86' lang='grc' dir='ltr'>Μωυσέως</span> <span class='ocrx_word' id='word_1_248' title='bbox 563 3529 888 3632; x_wconf 76' lang='grc' dir='ltr'>προστεταγμένοις</span> <span class='ocrx_word' id='word_1_249' title='bbox 914 3530 960 3611; x_wconf 88' lang='grc' dir='ltr'>τὸι</span> <span class='ocrx_word' id='word_1_250' title='bbox 984 3531 1114 3630; x_wconf 87' lang='grc' dir='ltr'>ἀμείνω</span> <span class='ocrx_word' id='word_1_251' title='bbox 1138 3533 1354 3634; x_wconf 75' lang='grc' dir='ltr'>προστιθεὶς,</span> <span class='ocrx_word' id='word_1_252' title='bbox 1371 3534 1431 3611; x_wconf 87' lang='grc' dir='ltr'>καὶ</span> <span class='ocrx_word' id='word_1_253' title='bbox 1448 3539 1542 3629; x_wconf 91' lang='grc' dir='ltr'>λοιμ-</span> 
     </span>
     <span class='ocr_line' id='line_1_32' title="bbox 349 3649 1543 3760; baseline 0.007 -30"><span class='ocrx_word' id='word_1_254' title='bbox 349 3649 525 3753; x_wconf 89' lang='grc' dir='ltr'>προτέραν</span> <span class='ocrx_word' id='word_1_255' title='bbox 542 3655 605 3750; x_wconf 80' lang='grc' dir='ltr'>τῆς</span> <span class='ocrx_word' id='word_1_256' title='bbox 624 3657 771 3752; x_wconf 76' lang='grc' dir='ltr'>νομικῆς</span> <span class='ocrx_word' id='word_1_257' title='bbox 789 3655 937 3754; x_wconf 84' lang='grc' dir='ltr'>ἐντολῆς</span> <span class='ocrx_word' id='word_1_258' title='bbox 955 3659 1161 3760; x_wconf 78' lang='grc' dir='ltr'>παρατιθεὶς</span> <span class='ocrx_word' id='word_1_259' title='bbox 1179 3652 1245 3752; x_wconf 81' lang='grc' dir='ltr'>τὴν</span> <span class='ocrx_word' id='word_1_260' title='bbox 1263 3655 1463 3747; x_wconf 84' lang='grc' dir='ltr'>παίδευσιν,</span> <span class='ocrx_word' id='word_1_261' title='bbox 1483 3659 1543 3754; x_wconf 78' lang='grc' dir='ltr'>τῆς</span> 
     </span>
     <span class='ocr_line' id='line_1_33' title="bbox 315 3775 1543 3884; baseline 0.007 -31"><span class='ocrx_word' id='word_1_262' title='bbox 315 3775 499 3880; x_wconf 79' lang='grc' dir='ltr'>ᾶάρχαίας</span> <span class='ocrx_word' id='word_1_263' title='bbox 517 3776 647 3876; x_wconf 86' lang='grc' dir='ltr'>ἐκείνης</span> <span class='ocrx_word' id='word_1_264' title='bbox 664 3775 834 3878; x_wconf 81' lang='grc' dir='ltr'>γνώσεως</span> <span class='ocrx_word' id='word_1_265' title='bbox 851 3779 917 3879; x_wconf 79' lang='grc' dir='ltr'>τὴν</span> <span class='ocrx_word' id='word_1_266' title='bbox 933 3781 1064 3880; x_wconf 81' lang='grc' dir='ltr'>ἀμείνω</span> <span class='ocrx_word' id='word_1_267' title='bbox 1082 3783 1141 3860; x_wconf 81' lang='grc' dir='ltr'>καὶ</span> <span class='ocrx_word' id='word_1_268' title='bbox 1159 3778 1413 3883; x_wconf 86' lang='grc' dir='ltr'>λαμπροτέραν</span> <span class='ocrx_word' id='word_1_269' title='bbox 1428 3813 1543 3884; x_wconf 90' lang='grc' dir='ltr'>προσ-</span> 
     </span>
     <span class='ocr_line' id='line_1_34' title="bbox 347 3891 1590 4010; baseline 0.003 -32"><span class='ocrx_word' id='word_1_270' title='bbox 347 3898 536 4004; x_wconf 77' lang='grc' dir='ltr'>εχαρίζετο.</span> <span class='ocrx_word' id='word_1_271' title='bbox 590 3896 747 4007; x_wconf 89' lang='grc' dir='ltr'>φανερὸν</span> <span class='ocrx_word' id='word_1_272' title='bbox 775 3899 848 4004; x_wconf 82' lang='grc' dir='ltr'>γὰρ</span> <span class='ocrx_word' id='word_1_273' title='bbox 882 3903 965 4002; x_wconf 87' lang='grc' dir='ltr'>ἡμῖν</span> <span class='ocrx_word' id='word_1_274' title='bbox 992 3891 1226 4003; x_wconf 77' lang='grc' dir='ltr'>κατέστησεν,</span> <span class='ocrx_word' id='word_1_275' title='bbox 1254 3905 1321 4010; x_wconf 76' lang='grc' dir='ltr'>οὑχ</span> <span class='ocrx_word' id='word_1_276' title='bbox 1353 3901 1409 3984; x_wconf 82' lang='grc' dir='ltr'>δτι</span> <span class='ocrx_word' id='word_1_277' title='bbox 1437 3903 1544 4002; x_wconf 84' lang='grc' dir='ltr'>μόνον</span> <span class='ocrx_word' id='word_1_278' title='bbox 1586 3947 1590 3958; x_wconf 92' lang='grc'><strong><em>·</em></strong></span> 
     </span>
     <span class='ocr_line' id='line_1_35' title="bbox 347 4021 1578 4131; baseline 0.006 -29"><span class='ocrx_word' id='word_1_279' title='bbox 347 4021 425 4103; x_wconf 83' lang='grc' dir='ltr'>ἐστὶ</span> <span class='ocrx_word' id='word_1_280' title='bbox 445 4023 538 4108; x_wconf 88' lang='grc' dir='ltr'>Θεὸς</span> <span class='ocrx_word' id='word_1_281' title='bbox 557 4025 577 4104; x_wconf 90' lang='grc' dir='ltr'>ὸ</span> <span class='ocrx_word' id='word_1_282' title='bbox 597 4030 671 4105; x_wconf 83' lang='grc' dir='ltr'>τῶν</span> <span class='ocrx_word' id='word_1_283' title='bbox 688 4023 786 4104; x_wconf 84' lang='grc' dir='ltr'>ὅλων</span> <span class='ocrx_word' id='word_1_284' title='bbox 803 4025 1054 4130; x_wconf 87' lang='grc' dir='ltr'>γενεσιουργὸς</span> <span class='ocrx_word' id='word_1_285' title='bbox 1079 4029 1137 4106; x_wconf 82' lang='grc' dir='ltr'>καὶ</span> <span class='ocrx_word' id='word_1_286' title='bbox 1162 4027 1292 4131; x_wconf 81' lang='grc' dir='ltr'>κύριος,</span> <span class='ocrx_word' id='word_1_287' title='bbox 1310 4027 1397 4107; x_wconf 83' lang='grc' dir='ltr'>ἀλλ’</span> <span class='ocrx_word' id='word_1_288' title='bbox 1417 4026 1474 4108; x_wconf 85' lang='grc' dir='ltr'>ὅτι</span> <span class='ocrx_word' id='word_1_289' title='bbox 1491 4031 1543 4110; x_wconf 86' lang='grc' dir='ltr'>καὶ</span> <span class='ocrx_word' id='word_1_290' title='bbox 1554 4061 1578 4120; x_wconf 78' lang='lat'>30</span> 
     </span>
     <span class='ocr_line' id='line_1_36' title="bbox 349 4145 1543 4256; baseline 0.005 -30"><span class='ocrx_word' id='word_1_291' title='bbox 349 4145 491 4248; x_wconf 81' lang='grc' dir='ltr'>Πατήρ·</span> <span class='ocrx_word' id='word_1_292' title='bbox 526 4150 584 4226; x_wconf 84' lang='grc' dir='ltr'>καὶ</span> <span class='ocrx_word' id='word_1_293' title='bbox 610 4147 631 4245; x_wconf 85' lang='grc' dir='ltr'><strong><em>ἡ</em></strong></span> <span class='ocrx_word' id='word_1_294' title='bbox 656 4147 764 4254; x_wconf 81' lang='grc' dir='ltr'>δεῖξις</span> <span class='ocrx_word' id='word_1_295' title='bbox 789 4151 827 4228; x_wconf 93' lang='grc' dir='ltr'>ἐν</span> <span class='ocrx_word' id='word_1_296' title='bbox 848 4147 1073 4253; x_wconf 81' lang='grc' dir='ltr'>πράγμασιν·</span> <span class='ocrx_word' id='word_1_297' title='bbox 1107 4150 1233 4231; x_wconf 81' lang='grc' dir='ltr'>ἑαυτὸν</span> <span class='ocrx_word' id='word_1_298' title='bbox 1256 4150 1328 4256; x_wconf 86' lang='grc' dir='ltr'>γάρ</span> <span class='ocrx_word' id='word_1_299' title='bbox 1355 4157 1404 4237; x_wconf 86' lang='grc' dir='ltr'>είς</span> <span class='ocrx_word' id='word_1_300' title='bbox 1432 4153 1543 4234; x_wconf 83' lang='grc' dir='ltr'>εἰκόνα</span> 
     </span>
    </p>
   </div>
   <div class='ocr_carea' id='block_1_7' title="bbox 352 4431 1538 4572">
    <p class='ocr_par' dir='ltr' id='par_1_7' title="bbox 352 4431 1538 4572">
     <span class='ocr_line' id='line_1_37' title="bbox 387 4431 1538 4515; baseline 0.014 -31"><span class='ocrx_word' id='word_1_301' title='bbox 387 4447 427 4486; x_wconf 89' lang='grc' dir='ltr'>ιο.</span> <span class='ocrx_word' id='word_1_302' title='bbox 446 4431 527 4503; x_wconf 80' lang='grc' dir='ltr'>ὅλον]</span> <span class='ocrx_word' id='word_1_303' title='bbox 542 4431 622 4488; x_wconf 78' lang='grc' dir='ltr'>ὄντων</span> <span class='ocrx_word' id='word_1_304' title='bbox 634 4433 667 4489; x_wconf 85' lang='grc' dir='ltr'>Ε.</span> <span class='ocrx_word' id='word_1_305' title='bbox 778 4438 818 4493; x_wconf 78' lang='lat'>16.</span> <span class='ocrx_word' id='word_1_306' title='bbox 838 4438 905 4496; x_wconf 76' lang='grc' dir='ltr'>θεὸν</span> <span class='ocrx_word' id='word_1_307' title='bbox 916 4440 990 4511; x_wconf 78' lang='lat' dir='ltr'>prius</span> <span class='ocrx_word' id='word_1_308' title='bbox 1003 4449 1173 4512; x_wconf 73' lang='lat' dir='ltr'><strong>assumptum</strong></span> <span class='ocrx_word' id='word_1_309' title='bbox 1186 4458 1218 4497; x_wconf 82' lang='lat' dir='ltr'>ex</span> <span class='ocrx_word' id='word_1_310' title='bbox 1232 4441 1265 4498; x_wconf 85' lang='lat' dir='ltr'>E.</span> <span class='ocrx_word' id='word_1_311' title='bbox 1373 4457 1472 4513; x_wconf 82' lang='lat' dir='ltr'><strong>31-p.</strong></span> <span class='ocrx_word' id='word_1_312' title='bbox 1486 4443 1538 4515; x_wconf 82' lang='lat'><strong>683,</strong></span> 
     </span>
     <span class='ocr_line' id='line_1_38' title="bbox 352 4502 1112 4572; baseline 0.021 -18"><span class='ocrx_word' id='word_1_313' title='bbox 352 4517 374 4556; x_wconf 78' lang='grc' dir='ltr'>ς.</span> <span class='ocrx_word' id='word_1_314' title='bbox 394 4503 435 4556; x_wconf 80' lang='grc' dir='ltr'>καὶ</span> <span class='ocrx_word' id='word_1_315' title='bbox 448 4502 603 4572; x_wconf 81' lang='grc' dir='ltr'>ἡ-Πατέρα</span> <span class='ocrx_word' id='word_1_316' title='bbox 616 4521 669 4560; x_wconf 88' lang='lat' dir='ltr'>om.</span> <span class='ocrx_word' id='word_1_317' title='bbox 683 4505 716 4561; x_wconf 83' lang='grc' dir='ltr'>Ε.</span> <span class='ocrx_word' id='word_1_318' title='bbox 1108 4557 1112 4562; x_wconf 94' lang='grc'>-</span> 
     </span>
    </p>
   </div>
   <div class='ocr_carea' id='block_1_8' title="bbox 0 0 1633 5114">
    <p class='ocr_par' dir='ltr' id='par_1_8' title="bbox 0 0 1633 5114">
     <span class='ocr_line' id='line_1_39' title="bbox 0 0 1633 5114; baseline 0 0"><span class='ocrx_word' id='word_1_319' title='bbox 0 0 1633 5114; x_wconf 95' lang='lat' dir='ltr'> </span> 
     </span>
    </p>
   </div>
  </div>
 </body>
</html>
