3248 5112
114 368 305 456 xiv.30,31.
354 371 413 438 IN
442 371 758 441 S.JOANNEM.
803 375 901 442 121ss.
925 376 966 442 X.
1012 375 1165 442 CARI.
1247 374 1313 438 529

113 533 292 638 ἐπήγοντο
319 540 472 643 σπείρας
498 541 557 620 καὶ
583 548 648 620 τοῦ
675 538 806 639 ταύτης
834 540 1020 645 ἄρχοντος,
1044 537 1083 626 ὃς
1111 541 1169 619 καὶ
1196 571 1312 640 παρα-

114 660 246 742 διόσειν
264 661 372 744 αύτδν
390 665 642 767 ἐπηγγείλατο,
661 665 958 770 συλληψομένων
980 699 1018 746 τε
1041 664 1110 764 ήδη
1135 665 1194 744 καὶ
1218 661 1311 762 με’λ-

114 781 256 866 λόντων
277 787 440 868 ἀποίσειν
462 789 526 868 ούκ
550 793 599 874 είς
621 786 763 891 μακρὰν
781 795 829 872 είς
854 786 900 868 τὰ
924 791 981 870 ἐπὶ
1006 793 1057 896 τῷ
1081 793 1228 895 σταυρῷ
1255 790 1313 868 καὶ

113 905 186 1011 πρὸ
214 917 279 990 τοῦ
305 919 465 1014 σταυροῦ
492 908 603 1012 πύθη,
631 911 848 1020 καταλήξειν
874 911 943 1013 ἤδη
973 921 1036 994 τοῦ
1064 909 1155 1015 πρὸς
1188 909 1315 996 αύτούς

78 1032 186 1139 ὅέφη
223 1033 349 1137 λόγου.
400 1035 649 1116 συνεστάλθαι
684 1036 756 1139 γὰρ
795 1039 855 1116 καὶ
891 1043 939 1122 είς
976 1036 1018 1118 τὸ
1055 1037 1165 1137 μηδέν
1198 1043 1315 1142 φησιν

113 1155 245 1238 ἐλόσαι
272 1157 336 1239 τὸν
363 1157 498 1263 καιρόν·
539 1165 603 1260 τῆς
631 1157 703 1264 γὰρ
726 1161 908 1242 Ἰουδαίων
932 1163 1138 1268 μιαιφονίας
1165 1160 1314 1260 ηβιύσης

114 1314 153 1362 τε
190 1283 274 1364 λίαν
305 1283 357 1364 ἐπ’
391 1286 479 1384 ἐμοὶ,
512 1288 571 1366 καὶ
607 1291 725 1388 θυρῶν
758 1285 845 1366 εἴσω
883 1283 1013 1366 λοιπόν
1045 1285 1236 1388 όρωμένης,
1271 1287 1313 1366 οὐ

112 1404 282 1509 ῥημάτων
309 1408 361 1488 ἔτι
388 1413 461 1488 τῶν
487 1408 578 1512 πρὸς
610 1411 710 1507 ὑμᾶς,
738 1410 823 1488 ἀλλ’
853 1410 962 1490 αὐτοῦ
991 1417 1055 1490 τοῦ
1084 1415 1212 1490 παθεῖν
1239 1407 1342 1488 ἐνί-θ

112 1563 247 1630 στηκεν
272 1531 293 1612 ό
320 1529 450 1636 καιρός·
478 1531 579 1632 πλὴν
597 1534 681 1634 ἥκει,
701 1536 862 1642 φησὶν,ο“
888 1537 943 1616 τού
970 1533 1097 1639 κόσμου
1119 1531 1231 1641 ἰίρχων
1252 1541 1310 1614 καὶ

57 1679 98 1720 ¹0
113 1655 144 1734 ἐν
161 1655 232 1760 ἐμοὶ
252 1655 321 1754 ἔχει
343 1654 441 1740 οόθίι.
482 1655 696 1764 τεθνήξομαι
721 1657 759 1738 δέ
784 1660 842 1738 καὶ
868 1655 953 1738 λίαν
974 1655 1139 1757 ἁσμένως
1166 1659 1223 1736 καὶ
1249 1654 1312 1736 τὸν

113 1776 201 1882 ι’τπέρ
238 1784 301 1878 τῆς
333 1780 503 1870 ἁπάντων
534 1781 624 1885 ζωῆς
657 1781 912 1882 ύποστήσομαι
944 1779 1111 1873 θοίυατον,
1143 1783 1311 1886 αίδοῖτῇ

111 1899 202 2004 πρὸς
230 1899 293 1982 τὸν
319 1904 515 2009 γεννήτορα
543 1906 601 1988 καὶ
634 1902 757 2010 ἀγάπη
790 1909 835 2010 τῇ
867 1904 958 2006 πρὸς
985 1902 1095 1984 αὐτὸν
1122 1903 1311 2004 ἐθελοντὴς

112 2023 293 2125 ὁμιλήσας
320 2029 380 2108 καὶ
407 2035 480 2113 τοῖς
508 2027 608 2130 παρὰ
634 2029 792 2131 γνώμην,
815 2029 872 2108 ἵνα
900 2027 965 2128 τὴν
990 2030 1099 2128 αὐτῆς
1123 2029 1311 2130 πληρώσω

93 2147 306 2260 ιβούλησιν.
348 2153 369 2232 ὁ
393 2151 459 2252 μέν
479 2154 623 2234 οὖντοῦ
648 2153 879 2257 προκειμένου
902 2149 1040 2235 σκοπός
1062 2152 1187 2253 γίνοιτ’
1208 2149 1254 2232 ἂν
1272 2151 1311 2232 εὖ

57 2293 97 2354 15
111 2271 214 2370 μάλα
238 2276 276 2354 ἐν
293 2274 430 2362 τούτοις
455 2275 640 2383 διαφανής·
679 2273 890 2380 ἰσχνότερον
912 2274 950 2356 δὲ
975 2273 1021 2355 τὰ
1049 2278 1086 2355 ἐν
1107 2276 1204 2382 αὐτῷ
1229 2280 1306 2354 δια-

110 2395 350 2497 πτύσσοντες,
380 2399 489 2482 ύιεΐνό
522 2407 642 2506 φαμεν
669 2400 717 2480 'O
750 2396 814 2499 μὲν
846 2399 919 2502 γὰρ
951 2407 1014 2480 τοῦ
1051 2399 1175 2501 γένους
1210 2399 1311 2498 ἡμῶν

110 2520 312 2625 ἀρχηγέτης
330 2523 450 2623 Ἀδὰμ
471 2525 535 2606 τὸν
554 2527 592 2604 ἐκ
611 2528 675 2624 τῆς
697 2524 794 2608 θείας
816 2527 904 2626 ἀρᾶς
929 2521 1036 2604 ύπέδυ
1060 2521 1230 2618 θάνατον,
1252 2521 1311 2602 διὰ

110 2653 176 2726 τοῦ
202 2654 415 2750 παραλῦσαι
441 2647 507 2748 τήν
529 2653 697 2730 δοθεῖσαν
718 2645 876 2748 ἐντολὴν,
900 2645 1006 2731 αι’ττός
1033 2681 1071 2726 τε
1098 2647 1157 2751 ὑφ’
1183 2648 1309 2727 ἑαυτοῦ

109 2771 169 2848 καὶ
204 2765 269 2850 τοῦ
306 2771 481 2868 διαβόλου
521 2772 839 2875 κατηγορούμενος.
899 2772 1062 2876 φαίνεται
1103 2767 1217 2872 γεμὴν
1253 2771 1336 2850 ἐπίι
1358 2784 1475 2840 854A.

55 2921 96 2962 20
110 2890 274 2995 εὐλόγοις
298 2902 404 2976 τοῦτο
428 2895 556 2976 παθὼν
580 2895 717 2980 αἰτίαις·
747 2895 875 3002 ἕψεται
898 2894 970 2998 γὰρ
994 2896 1057 2974 ούκ
1083 2895 1211 2978 ἀδίκως
1235 2899 1309 2980 τοῖς

109 3016 150 3096 ἐκ
171 3019 346 3124 ῥᾳθυμίας
369 3017 594 3123 ἡμαρτηκόσι
618 3017 660 3100 τδ
686 3019 902 3122 κολάζεσθαι
926 3023 1009 3098 δεῖν·
1037 3018 1057 3097 ό
1084 3017 1121 3098 δὲ
1149 3017 1308 3121 δεύτερος

109 3137 240 3240 Ἀδὰμ,
268 3143 464 3239 τουτέστιν,
493 3143 513 3222 ό
543 3143 677 3247 Κύριος
708 3144 810 3242 ἡμῶν
836 3139 981 3241 Ἰησοῦς
1009 3143 1029 3220 ό
1056 3139 1220 3243 Χριστὸς
1251 3140 1306 3220 ἐπ’

1219 3264 1227 3290 ’
1280 3262 1290 3294 1
1353 3257 1469 3308 1S.Pet.
1574 3258 1579 3269 “

109 3265 222 3346 οὐδενὶ
247 3263 289 3346 τὸ
314 3266 465 3364 σύμπαν
487 3273 763 3370 κατηγορεῖσθαι
788 3265 989 3363 δυνάμενος·
1019 3265 1061 3344 ού
1085 3260 1158 3366 γὰρ
1177 3273 1304 3342 “εποι·
1349 3323 1375 3373 fl·
1388 3336 1427 3372 η

109 3397 134 3436 “
150 3423 241 3489 ησεν
259 3391 447 3492 ἁμαρτίαν,
466 3389 545 3470 ούδέ
570 3389 695 3491 εύρίθη
720 3388 828 3474 δόλος
852 3391 890 3470 ἐν
907 3395 959 3496 τῷ
981 3387 1137 3488 στόματι
1159 3387 1303 3468 αύτοῦ·”

54 3531 95 3593 ²5
110 3509 153 3592 τὸ
180 3511 268 3616 ύπέρ
294 3513 396 3612 ἡμῶν
420 3513 557 3612 ύπέστη
584 3510 710 3610 πόθος,
739 3513 944 3598 όνυπαίτιος
970 3512 1036 3612 μὲν
1064 3509 1234 3617 ύπόρχων
1262 3513 1304 3590 δι’

109 3635 235 3716 ἑαυτὸν
257 3643 453 3734 παντελῶς,
479 3637 692 3740 ἀντίλυτρον
717 3637 754 3717 δέ
781 3639 845 3736 τῆς
873 3635 1042 3718 ἁπάντων
1064 3635 1153 3740 ζωῆς
1181 3633 1307 3718 ἑαυτὸν

108 3765 160 3867 τῷ
178 3766 305 3840 παθεῖν
321 3759 625 3862 προσκεκομικύς·
658 3759 845 3863 ἐπειδήπερ
864 3767 999 3866 σἰγοιπᾷ
1017 3759 1068 3842 τόν
1086 3759 1224 3870 Πατίριι
1240 3759 1340 3860 τὴνΙ)

107 3891 173 3964 τοῦ
199 3881 341 3982 κόσμου
367 3881 578 3990 διψήσαντα
605 3885 800 3988 σωτηρίαν.
844 3894 909 3966 τοῦ
938 3881 977 3964 δέ
1004 3885 1216 3986 ἀγαπῶντος
1243 3883 1308 3962 τὸν

109 4007 267 4110 Πατέρσ,
294 4005 438 4092 πάντως
466 4005 581 4108 δήπου
608 4009 667 4088 καὶ
695 4008 801 4110 ἔργον
825 4005 871 4107 ἦν
899 4007 941 4088 τὸ
971 4011 1099 4086 δοκοῦν
1126 4007 1221 4114 αύτῷ
1249 4008 1307 4084 καὶ

52 4161 93 4218 30
107 4131 146 4212 ἐν
174 4137 248 4216 τοῖς
281 4129 484 4232 ἀναγκαίοις
516 4131 788 4234 λελογισμένον,
817 4131 868 4232 μὴ
897 4131 981 4234 παρ’
1011 4126 1114 4208 ούδέν
1142 4129 1306 4229 ήγεΐσθαι

105 4261 262 4356 μᾶλλον,
284 4255 370 4336 ἀλλ’
389 4260 438 4340 είς
462 4255 573 4358 πέρας
597 4255 698 4358 ἄγειν
720 4255 935 4358 ἐπείγεσθαι.
972 4253 1010 4332 τί
1034 4252 1073 4332 δὲ
1101 4259 1206 4334 τοῦτο
1233 4249 1278 4352 ἦν
1290 4284 1301 4348 3

145 4473 168 4511 1.
187 4456 320 4527 ἐπείγοντο
334 4457 365 4511 Ε.
473 4457 499 4513 8.
518 4457 583 4528 ύμᾶς
596 4457 628 4514 Ε.
643 4457 745 4530 Migne.
758 4457 824 4529 ἡμᾶς
837 4457 909 4512 Αιὼ.
1025 4473 1052 4526 9.
1070 4456 1125 4526 ήκιι
1138 4454 1169 4509 Ε.
1182 4453 1237 4524 ἥξει
1253 4453 1304 4508 Ed.

106 4543 150 4668 ἐς.
168 4525 260 4650 γένριτ“
275 4526 308 4651 ἒ.
318 4525 483 4652 γίνοιὶτὲἀΕδ.
684 4569 691 4578 ,
706 4545 746 4599 15.
764 4527 890 4600 διαφανής
904 4527 966 4584 RF.
981 4526 1032 4583 Ed.
1045 4544 1101 4599 mg.
1114 4525 1237 4598 διαφανέι
1254 4523 1305 4580 Ed.

144 4635 150 4650 .
170 4617 205 4650 ιτα
223 4619 260 4650 ειν
298 4618 384 4668 .πστρ
453 4639 459 4654 .

149 4697 220 4742 νου.
237 4697 274 4742 11.
694 4700 713 4765 3
729 4701 750 4744 ς
