3142 5118
371 338 436 401 222
678 339 716 402 B.
740 337 959 424 CYRIIJIJI¹
981 337 1269 402 ALEXANDR.
1475 357 1509 398 x.

376 510 398 548 “
416 498 549 587 σκότος
577 501 689 610 Φῶς.”
718 501 741 604 ἢ
769 502 841 606 γὰρ
869 505 948 609 οὐχὶ
976 512 1082 583 τοῦτο
1111 506 1263 604 δρῶντες
1290 500 1510 594 ἁλώσονται,

376 625 467 705 κατὰ
495 624 666 726 ἀλήθειαν
690 633 778 733 φῶς,
798 626 973 722 τουτέστι,
993 625 1057 706 τὸν
1078 626 1212 728 Κύριον
1231 626 1331 724 ἡμῶν
1347 623 1494 722 Ἰησοῦν

375 749 541 854 Χριστὸν
573 750 727 836 τιθέντες
763 757 812 836 εἷς
848 749 989 849 σκότος,
1022 749 1081 830 διὰ
1113 759 1178 830 τοῦ
1207 749 1271 831 τὸν
1303 746 1441 852 ἀγαθὸν
1474 748 1510 846 ἧς

374 876 526 974 ποιμένα
553 883 627 960 τοῖς
658 875 905 982 ψευδωνύμως
934 875 1102 976 ποιμέσιν
1131 877 1173 955 ού
1203 879 1455 976 παραιτεῖσθαι
1487 906 1510 950 σ

375 999 524 1097 τάττειν,
553 1003 612 1080 καὶ
639 999 734 1104 τάχα
761 1004 825 1099 τῆς
853 1001 995 1080 ἐκείνων
1022 1004 1124 1099 τιμῆς
1153 1000 1273 1080 ὀπίσω
1300 999 1451 1095 πέμπειν
1479 999 1510 1076 ἀι

374 1131 539 1223 τολμᾶν,
577 1122 660 1208 τοῦς
698 1122 764 1222 μέν
797 1122 868 1226 γὰρ
903 1122 968 1204 τὸν
1001 1131 1095 1204 θεῖον
1128 1127 1264 1208 ἑαυτοῖς
1299 1121 1510 1227 ε’πιφημίᾷυν

342 1248 499 1349 ἆλόγον,
527 1253 585 1328 καὶ
613 1253 664 1356 τῷ
691 1251 755 1348 τῆς
782 1248 1003 1356 προφητείας
1031 1247 1178 1348 ὀνόματι
1206 1245 1484 1346 καταληίζεσθαι

375 1369 646 1472 μελετήσαντας
678 1378 751 1451 τιῦν
780 1370 960 1474 ἀγελαίων
991 1370 1055 1451 τὸν
1089 1381 1182 1467 νοῦν,
1213 1373 1271 1450 καὶ
1300 1372 1383 1449 ὁδοῦ
1415 1367 1483 1464 μέν

374 1495 465 1597 πρὸς
479 1495 651 1596 ἀλήθειαν
665 1495 986 1593 ῦπεκκλέπτοντας,
997 1499 1334 1590 ἀποβουκολοῦντιις
1353 1491 1394 1572 δέ
1404 1527 1466 1572 ποι
1486 1529 1510 1573 π

376 1618 417 1699 τὸ
446 1623 574 1700 δοκοῦν
599 1621 729 1718 αὐτοῖς,
748 1623 806 1700 καὶ
835 1621 914 1725 οὐχὶ
941 1619 1084 1703 ποίντως
1108 1624 1202 1727 Θεῷ,
1222 1617 1281 1698 διὰ
1307 1621 1452 1716 πολλῆς
1481 1613 1510 1695 εί

376 1749 495 1830 αἰδοῦς
533 1750 567 1824 οἱ
604 1746 662 1823 καὶ
698 1742 779 1824 τότε
817 1747 1001 1828 δοκοῦντες
1036 1751 1190 1847 κρατεῖν.
1245 1743 1386 1842 Σαμίας
1429 1749 1510 1844 γοῦν

378 1867 589 1966 Σαλαμίτης
607 1876 679 1951 τοῖς
699 1867 798 1971 παρὰ
818 1872 914 1948 Θεοῦ
939 1864 1061 1968 λόγοις
1086 1866 1152 1968 τὴν
1171 1867 1216 1976 ἐξ
1237 1869 1363 1948 ἑαυτοῦ
1388 1872 1509 1971 ψευδο

376 1993 456 2072 θίαν
481 1995 681 2088 ἀντιτιθεὶς,
706 1997 770 2091 τῆς
792 1991 961 2096 Ἱερεμίου
989 1991 1098 2099 δόξης
1125 1992 1422 2095 κατεθρασύνετο.
1465 1994 1487 2070 ὁ

376 2115 448 2220 γὰρ
477 2113 522 2216 ἦν
549 2119 588 2196 ε’ν
613 2120 771 2214 δεσμοῖς,
797 2118 816 2196 ὁ
845 2115 882 2196 δὲ
910 2115 976 2214 τὴν
1003 2115 1103 2217 παρὰ
1132 2119 1298 2196 Σεδεκίαν
1325 2114 1441 2214 τιμὴν,
1470 2149 1510 2216 γε

376 2237 446 2346 εἶχε
474 2245 538 2340 τῆς
566 2240 819 2347 ψευδηγορίας.
861 2245 1056 2343 Φαρισαῖοι
1085 2239 1123 2320 δὲ
1152 2249 1215 2320 νῦν
1243 2247 1277 2320 οἱ
1305 2241 1453 2319 δείλαιοι
1483 2275 1510 2320 π

347 2370 439 2464 ετῆς
466 2365 605 2445 ἐκείνων
632 2365 848 2458 δυσσεβείας·
874 2363 985 2448 ἰόντες
1010 2363 1176 2461 ἐπέκεινα,
1203 2367 1261 2443 καὶ
1287 2366 1510 2469 ἀσχημονοῦν

734 2486 916 2516 §Sel
1077 2496 1093 2512 Α

376 2489 635 2592 νεανικώτερον,
664 2491 743 2568 ούδε
771 2522 813 2568 το
843 2489 1007 2596 υπαρξιιν
1034 2523 1107 2572 τοις
1140 2487 1510 2596 ψευδοδιδασκαλήσι

375 2613 594 2712 ἀπονέμουσι
621 2620 673 2720 τῷ
701 2615 864 2721 Χριστῷ.
916 2613 954 2690 τί
977 2612 1049 2716 γὰρ
1078 2611 1122 2712 δὴ
1150 2615 1212 2693 κοί
1237 2623 1332 2719 φασι
1359 2617 1440 2715 περὶ
1470 2617 1509 2692 ai

375 2735 466 2840 πρὸς
493 2733 576 2820 τοῦς
604 2736 736 2836 ἥδιστα
768 2735 832 2817 τὸν
859 2739 943 2839 παρ’
974 2738 1083 2817 αὑτοῦ
1115 2737 1229 2840 λόγον
1256 2737 1509 2840 ἐποκροωμένο

209 2857 313 2974 mo.
376 2870 398 2906 “
417 2857 614 2960 Δαιμόνιον
632 2859 704 2964 ε”χιι
724 2863 781 2939 καὶ
800 2861 973 2957 μαίνεται·
1005 2863 1043 2940 τί
1067 2863 1175 2941 αὐτοῦ
1203 2860 1346 2942 ἀκούετε
1364 2861 1397 2956 ;”
1428 2859 1491 2939 διὰ

377 3018 432 3063 τοι
449 2993 555 3065 τοῦτο
580 2988 639 3065 καὶ
667 2981 774 3068 αὐτὸς
798 2983 856 3064 διὰ
880 2995 945 3066 τοῦ
968 2986 1158 3090 προφήτου
1184 2989 1302 3093 φησὶν
1319 2984 1483 3064 Ἠσαίου
1503 3021 1508 3064 ·.

209 3111 323 3240 {³3⁰*m
365 3110 494 3204 ,abrah
522 3121 543 3156 “
563 3111 657 3189 Οῦαὶ
685 3111 814 3208 αὐτοῖς,
844 3109 898 3190 ὅτι
930 3108 1170 3209 ἀπεπήδησαν
1198 3112 1259 3190 ἀπ’
1289 3112 1386 3208 ἐμοῦ·
1431 3113 1507 3188 δείλ

378 3244 400 3280 “
419 3237 520 3330 εἰσιν,
538 3232 592 3314 ’ότι
611 3233 803 3334 ἠσέβησαν
821 3239 869 3318 είς
887 3231 959 3332 ε’μέ·
992 3233 1063 3336 ἐγὼ
1088 3233 1126 3312 δὲ
1150 3233 1413 3337 ε’λυτρωσάμην
1433 3236 1507 3312 αῦτἸ

210 3375 327 3435 em.
348 3367 401 3430 ο“
420 3358 518 3436 αὐτοὶ
555 3355 592 3438 δὲ
632 3356 891 3457 κατελάλησαν
926 3359 1001 3436 κατ’
1040 3360 1125 3455 ἐμοῦ
1161 3360 1313 3464 ψευδῆ.”
1362 3361 1421 3437 καὶ
1468 3393 1507 3438 πι

210 3493 300 3545 lb·¹⁶·
379 3491 400 3526 “
421 3485 623 3559 Πεσοῦντιιι
649 3485 687 3561 ἐν
704 3482 867 3588 ῥομφαίᾳ
890 3486 924 3561 οὶ
948 3481 1117 3586 ἄρχοντες
1143 3485 1261 3563 αὐτῶν
1280 3484 1322 3562 δι’
1343 3485 1506 3562 ἀπαιδευι

378 3614 399 3650 “
418 3601 599 3706 γλώσσης
626 3603 792 3687 αῦτῶν.”,
819 3612 897 3687 πῶς
924 3603 996 3708 γὰρ
1024 3606 1092 3710 οὐχ
1120 3607 1267 3706 ἁπάσης
1295 3607 1390 3713 ἄξιοι
1419 3609 1504 3708 δίκη

376 3734 548 3830 γλῶτταν
575 3729 667 3806 οὕτω
696 3732 854 3830 δριμεῖαν
882 3729 1041 3830 ἀνοήτως
1072 3731 1355 3830 ἐπασκήσαντες,
1385 3733 1433 3812 ὡς
1468 3735 1505 3809 ἐκ

378 3850 490 3962 φάναι
519 3855 703 3951 τολμῆσαι
735 3851 825 3932 κατὰ
857 3858 1033 3956 Χριστοῦ,
1063 3853 1153 3955 ἅπερ
1185 3855 1270 3953 ἡμῖν
1300 3852 1366 3953 μέν
1399 3853 1505 3950 οῦδαρ

377 3975 500 4078 μόνοις
519 3976 557 4057 δὲ
576 3973 729 4080 ἁρμόσει
748 3985 822 4060 τοῖς
843 4011 911 4058 κατ
940 4013 1067 4063 αυτους
1086 4011 1193 4077 ακοης
1216 4011 1254 4056 τε
1276 3981 1340 4077 τῆς
1362 3984 1477 4085 σφῶν
1497 4017 1504 4056 ι

375 4095 616 4204 ποιήσασθαι,
638 4103 696 4181 καὶ
713 4100 974 4208 ῥιψοκινδύνως
992 4107 1124 4196 είπεῖν;

415 4385 440 4422 τ.
458 4370 505 4423 τὸν
515 4369 562 4422 alt.
574 4376 745 4439 assumptum
757 4385 790 4422 ex
804 4367 835 4422 B.
928 4386 954 4434 ⁴·
972 4368 1094 4436 ποιμέσιν
1106 4367 1257 4422 emendavit
1268 4376 1300 4422 ut
1311 4365 1424 4422 adnotat
1436 4367 1500 4437 ipse

380 4436 461 4496 Quod
474 4439 580 4501 retinui,
593 4456 757 4510 quamquam
769 4438 835 4492 mihi
848 4455 904 4492 non
917 4439 1052 4495 satisfacit.
1066 4440 1136 4508 ὑμεῖς
1149 4440 1182 4494 Β.
1192 4439 1288 4494 Ηολει.
1374 4455 1415 4494 11.
1435 4446 1503 4508 Σσμι

380 4507 563 4576 (δήδ-Αυα.)
578 4511 690 4577 σομοίας
704 4509 754 4564 Ed.
869 4525 910 4563 12.
931 4512 1075 4579 Σολομίτης
1088 4511 1120 4565 Β.
1133 4510 1269 4580 αἶλτιμίτης
1282 4509 1334 4564 Ed,
1455 4527 1499 4584 17.

379 4577 638 4646 δοδιδοσκολίησασιν
652 4579 683 4633 Β.
697 4579 952 4652 ψευδοδιδοσκάλοις
968 4579 1017 4636 Ht.
1031 4580 1083 4635 Ed.
1191 4599 1234 4637 τι.
1251 4579 1309 4652 ἀπ’]
1323 4579 1363 4636 ἐπ’
1376 4581 1451 4636 Aub.
