3248 5112
116 320 262 385 xiv.11.
320 321 377 386 IN
407 325 442 390 S.
466 326 718 395 JOANNEM.
764 329 860 395 LIB.
884 329 944 396 IX.
990 331 1144 396 CARI.
1264 333 1330 398 44⁷

117 490 287 590 στηκοίς·
316 553 339 590 ,,
356 495 436 576 ἐπεί
459 529 520 577 σοι
548 501 726 578 δοκεῖκαὶ
754 499 869 601 ὀρθῶς
895 497 987 604 ἔχειν
1006 499 1169 606 φαίνεται
1193 493 1235 578 τό
1262 498 1329 578 Ἐν

117 675 142 712 ,,
165 619 259 722 Θεῷ
277 613 366 698 εἶναι
384 623 443 699 καὶ
461 627 621 702 νοεῖσθαι
632 621 706 702 Διά
725 627 833 720 Θεοῦ,
850 623 889 704 τί
902 621 1021 724 μάτην
1037 627 1325 728 καταφλυαρεῖς;

117 799 142 838 ,,
163 740 208 818 τί
232 739 273 820 δὲ
298 749 372 827 τοῖς
397 745 604 851 δυσφημίας
627 746 855 846 ἐγκλήμασιν
874 747 1054 846 ὑποτίθης,
1072 746 1160 828 ὅταν
1176 751 1326 847 πεποιῆ-

119 925 143 962 ,,
165 871 263 944 σθαι
288 864 348 946 διά
374 877 439 948 τοῦ
468 867 613 973 Πατρὸς
640 870 892 969 διατεινιίμεθα
918 870 983 951 τὸν
1001 871 1114 970 Υίάν;
1152 869 1229 952 ίδοδ
1257 869 1330 976 γάρ

87 1015 144 1086 5,,
167 989 281 1076 αι’ττός
314 998 441 1098 φησιν,
469 994 527 1074 ὅτι
557 993 628 1097 ἐγὼ
656 996 694 1076 ἐν
721 1001 772 1102 τῷ
802 998 931 1098 Πατρὶ,
959 997 1039 1076 ἀντὶ
1070 1004 1135 1076 τοῦ
1163 995 1236 1076 Διά
1266 1004 1330 1077 τοῦ

119 1175 145 1212 ,,
170 1114 334 1219 Πατρὸς,
352 1115 446 1197 κατά
470 1152 512 1220 γε
534 1117 598 1200 τὸν
619 1116 738 1199 obv&
763 1120 867 1204 οὗτος
889 1119 1014 1221 λόγον,
1034 1123 1091 1200 καὶ
1116 1119 1182 1220 τὴν
1201 1122 1331 1223 ἀρτίως

120 1301 147 1336 ,,
168 1239 258 1338 ἡμῖν
276 1242 316 1320 έκ
332 1249 406 1321 τῶν
423 1247 525 1346 ίερῶν
541 1243 764 1346 γραμμάτων
781 1251 1064 1348 παρενεχθεῖσαν
1082 1243 1309 1343 σννήθειαν.”

183 1361 290 1467 Έγάι
307 1363 345 1446 δὲ
363 1364 454 1469 πρὸς
470 1365 575 1448 τοῦτο’
595 1374 688 1474 φημι
707 1373 779 1450 δεῖν
797 1366 1106 1472 ἀπολογήσασθαι
1123 1367 1250 1465 πάλιν,
1271 1373 1360 1450 naza
1379 1388 1496 1448 795&

121 1486 193 1572 τάς
212 1489 355 1569 ἐκείνων
373 1493 586 1595 κακουργίας
610 1495 873 1594 ἀπογυμνῶσαι
896 1496 955 1573 καὶ
978 1489 1119 1592 βλάβη.
1162 1492 1329 1597 θαυμάζω

73 1644 111 1684 ιο
123 1613 203 1715 γὰρ
228 1610 328 1699 ὅπως
350 1615 515 1716 ἀσμένως
532 1615 753 1700 ἀκούσαντες
774 1616 829 1697 ὅτι
848 1617 887 1696 εὐ
905 1622 1000 1725 Θεῷ,
1020 1615 1078 1696 διά
1098 1621 1194 1696 Θεοῦ
1211 1617 1330 1719 λέγειν

123 1737 212 1822 ἔθος
230 1742 278 1843 τῇ
296 1739 374 1847 θείᾳ
392 1745 529 1847 γραφῇ,
547 1743 606 1820 καί
625 1739 685 1820 διά
701 1739 813 1841 μόνον
831 1739 873 1820 τὸ
900 1741 1077 1821 δυύασθαι
1101 1748 1277 1822 κατειπεῖν
1294 1777 1330 1823 τι

124 1868 194 1962 τῆς
220 1861 331 1970 δόξης
353 1873 417 1945 τοῦ
437 1871 677 1968 Μονογενοῖις,
697 1864 972 1950 συναινέσαντές
996 1901 1036 1946 τε
1061 1869 1120 1946 καὶ
1144 1864 1210 1967 τῆν
1228 1867 1330 1974 λέξιν

123 1987 428 2094 παραδεξάμενοι,
446 1998 639 2093 ληροῦντες
663 1988 718 2069 ὅτι
743 1987 857 2070 πάλιν
875 1987 977 2070 οὐδὲν
995 1990 1104 2091 ἧττον
1122 1991 1331 2072 ἁλώσονται

124 2111 369 2212 διεγνώκασιν
385 2115 558 2213 οὐδαμῶς,
576 2114 689 2194 καίτοι
717 2112 920 2220 φάσκοντες
948 2111 1036 2195 εἶναι
1063 2117 1180 2222 σοφοί
1205 2149 1243 2194 τε
1270 2118 1330 2195 καὶ

77 2257 112 2317 ¹5
125 2241 279 2339 δριμεῖς.
319 2242 349 2316 εί
366 2237 432 2337 μὲν
450 2235 523 2340 γάρ
546 2236 668 2336 μόνοις
693 2240 829 2344 ἐφεῖται
854 2245 928 2324 τοῖς
952 2241 997 2319 δι’
1016 2241 1175 2324 ἐναντίας
1198 2240 1240 2319 τὸ
1265 2245 1330 2339 τῆς

123 2359 374 2441 θεοπνεύστου
392 2367 537 2469 γραφῆς
555 2365 608 2443 ἀεὶ
630 2362 788 2467 τειχίζειν
807 2363 886 2447 ἔθος
911 2369 957 2467 τῇ
983 2363 1090 2470 οάσίηι
1115 2372 1179 2444 τοῦ
1199 2370 1362 2446 Move-b

124 2493 267 2587 γενοῦς,
296 2489 355 2566 καὶ
384 2485 444 2566 διά
470 2496 576 2567 τοῦτο
602 2490 822 2581 πεποιῆσθαι
852 2487 971 2590 λέγειν
999 2487 1107 2568 αὐτὸν
1133 2486 1233 2592 παρά
1264 2497 1329 2570 τοῦ

127 2608 292 2712 Πατρδς,
316 2613 459 2716 ε’πείπερ
485 2609 574 2692 εἶναι
600 2609 666 2711 μὲν
689 2613 726 2690 ἐν
746 2616 829 2718 Θεῷ
854 2617 982 2717 φησιν·
1017 2611 1059 2691 τὸ
1085 2611 1128 2690 δέ
1144 2615 1210 2692 Ἐν
1227 2618 1326 2721 Θεῷ,

125 2731 191 2815 διά
220 2739 317 2815 Θεοῦ
345 2741 504 2816 νοεῖσθαι
531 2735 743 2834 δεδοίκαμεν,
765 2735 887 2842 ἔδοξεν
911 2732 956 2814 ἀν
980 2735 1072 2816 κατά
1098 2771 1140 2839 γε
1167 2735 1209 2817 τὸ
1238 2735 1329 2822 είκὸς

75 2889 112 2931 20
126 2857 247 2960 λόγον
265 2858 356 2965 ἔχειν
380 2860 499 2944 αὐτοῖς
523 2861 603 2964 οὐχὶ
627 2860 711 2939 λίαν
731 2860 852 2959 ἀμαθῆ
876 2857 918 2940 τὸ
944 2859 1188 2964 κακούργημα.
1232 2868 1262 2941 εί
1290 2861 1329 2942 δὲ

125 2981 174 3082 δὴ
208 2981 252 3062 τὸ
284 2983 426 3064 κωλάον
457 2983 558 3065 οὐδὲν
588 2985 646 3062 καὶ
682 2983 775 3082 ἡμᾶς
806 2981 944 3082 αὐτοῖς,
976 2985 1035 3065 διά
1071 2989 1135 3084 τῆς
1171 2984 1329 3087 μείζονος

124 3107 283 3192 ἀτοπίας
314 3107 522 3212 ἀνατρέπειν
554 3105 746 3192 ἐθέλοντας
778 3105 844 3209 τῆν
870 3115 943 3188 τῶν
974 3109 1058 3210 παρ’
1088 3109 1206 3192 αὐτοῖς
1237 3113 1325 3210 δογ-

124 3227 255 3330 μάτων
273 3229 492 3336 σαθράιητα,
512 3235 570 3312 καὶ
597 3233 651 3313 ἐπ’
671 3231 781 3312 αὐτὸν
801 3230 990 3340 ἀναφέρειν
1007 3231 1071 3312 τὸν
1091 3231 1237 3334 Πατέρα
1263 3241 1328 3312 τοῦ

124 3358 395 3458 σημαινομένου
415 3357 482 3458 τὴν
500 3357 659 3456 δύναμιν,
678 3363 787 3438 εἰπεῖν
804 3391 843 3438 τε
867 3363 1008 3463 σαφῶς,
1029 3359 1075 3443 ὡς
1101 3357 1243 3460 ἐπείπερ
1268 3359 1328 3438 καὶ

75 3507 112 3569 ²⁵
125 3481 236 3564 τοῦτό
256 3490 381 3590 φησιν,
400 3481 455 3563 ὅτι
478 3485 498 3562 ὁ
517 3481 646 3586 Πατὴρ
664 3484 702 3562 ἐν
719 3483 799 3581 ἐμοί
821 3485 910 3580 ε’στι,
928 3481 1103 3586 προσήκει
1128 3488 1230 3578 νοεῖν,
1248 3484 1357 3562 ἀντὶο

125 3616 193 3688 τοῦ
211 3608 256 3688 δι’
276 3609 372 3706 ἐμοῦ,
390 3606 448 3686 ἵνα
465 3605 596 3686 λοιπὸν
614 3604 761 3708 γενητὸς
778 3605 923 3708 γένηται
941 3608 999 3685 καὶ
1018 3605 1124 3690 αὐτὸς
1142 3608 1163 3687 ὁ
1183 3606 1325 3712 Πατὴρ,

124 3739 206 3816 πῶς
234 3731 278 3810 οὐ
305 3731 389 3810 λίαν
413 3729 599 3814 ἀσυνέτως
626 3728 936 3833 ἐπιθαρσῆσαντες
963 3737 1165 3833 λογισμοῖς,
1184 3730 1250 3830 τὴν
1272 3733 1325 3812 ἐπ’

123 3853 274 3962 ἀκράτῳ
310 3855 427 3961 μωρίᾳ
464 3857 595 3961 ψῆφον
627 3853 867 3952 ἀποίσονται;
913 3852 1039 3958 ὥσπερ
1075 3854 1147 3957 γάρ
1182 3855 1202 3932 ὁ
1239 3853 1328 3939 Υίὸς

123 3977 255 4062 ἑαυτὸν
273 3975 365 4058 εἷναί
387 3984 503 4083 φησιν
521 3980 558 4058 έν
576 3982 627 4085 τῷ
647 3979 777 4080 Πατρὶ,
795 3979 908 4062 οὕτως
926 3977 997 4084 ἔφη
1015 3980 1074 4058 καὶ
1096 3977 1161 4057 τὸν
1181 3976 1327 4078 Πατέρα

78 4133 111 4191 30
124 4101 216 4184 εἶναι
239 4103 278 4182 ἐν
294 4103 419 4209 ἑαυτῷ·
448 4107 478 4182 εί
502 4100 540 4182 δὲ
565 4101 609 4182 τὸ
634 4103 672 4182 ἐν
693 4107 822 4205 Πατρὶ,
839 4099 897 4182 διὰ
921 4109 984 4181 τοῦ
1004 4098 1149 4204 Πατρδς
1168 4105 1326 4179 νοεῖσθαι

124 4228 336 4325 βούλονται,
355 4225 394 4305 τί
408 4223 450 4306 τὸ
469 4227 640 4331 ἀπεῖργον
658 4230 768 4306 είπεῖν
787 4225 841 4306 ὅτι
860 4227 918 4306 καὶ
937 4222 980 4305 τό
996 4223 1062 4306 Ἐν
1073 4229 1162 4332 Υίῷ,
1177 4223 1220 4304 δι’
1235 4227 1326 4304 Υίοῖι

162 4451 189 4506 3.
208 4429 341 4488 ὑποτιθείς
353 4429 385 4484 Ε.
398 4429 528 4487 ὑποτιθείς
538 4448 566 4500 ρ.
676 4431 717 4484 16.
736 4429 805 4486 θείας
817 4428 946 4484 πνεῦστου
959 4428 1021 4498 (εἰς)
1035 4427 1067 4483 E.
1174 4440 1216 4498 17.
1234 4447 1324 4482 πεποι-

125 4505 215 4561 ιῖσθαι
229 4503 262 4558 Ε.
323 4517 366 4557 πι.
378 4499 410 4572 δι)
422 4518 476 4556 ιιι.
489 4519 522 4556 ex
535 4501 567 4557 E.
630 4517 673 4571 29.
685 4501 726 4555 ὅτι
738 4503 752 4554 ὁ
764 4500 848 4568 πατὴρ
861 4500 889 4553 ἐν
900 4499 957 4568 ε’μυί
968 4499 1041 4555 ἐστιν
1052 4515 1101 4626 Ero
1113 4498 1141 4556 ίν
1152 4501 1188 4572 τῷ
1200 4499 1279 4570 πατρὶ
1292 4497 1325 4554 Ε.

124 4593 171 4650 30.
189 4575 223 4632 τό
235 4573 301 4632 Η.
314 4572 367 4629 Ed.
380 4590 436 4646 mg.
448 4575 485 4647 τῷ
497 4571 549 4628 Ed.
656 4588 701 4644 31.
718 4570 860 4636 βούλονται
872 4569 905 4626 E.
915 4568 1040 4636 βούλεται
1077 4569 1104 4626 d.
