3118 5132
73 311 156 400 ειη.
352 318 410 384 ον
440 319 474 385 s.
499 317 757 384 JOANNEM.
804 319 900 384 mn.
923 319 984 385 rx.
1203 317 1268 382 ινα

70 477 183 580 λεγέτω
210 515 270 566 τις
300 489 383 563 τῶν
404 485 519 564 ἐκεῖνα
546 480 889 592 δεδνσφημηκότιον,
913 482 981 584 τὴν
1003 485 1069 584 τῆς
1096 483 1269 583 ἀληθείας

69 604 394 710 εοτασοφιζόμενος
421 606 583 708 δύναμιν,
611 611 659 693 ὡς
691 609 835 712 ἐπείπερ
866 605 938 713 ἔχει
970 605 1038 708 τὴν
1065 605 1178 715 δόξαν
1203 615 1270 688 τοῦ

69 729 144 806 θεοῦ
160 732 220 809 καί
242 729 415 836 Πατρός,
434 730 502 830 τήν
518 765 559 813 τε
582 731 736 832 δύναμιν
753 733 812 812 καί
835 729 903 832 τὴν
920 729 1059 840 σοφίαν
1077 733 1188 812 αῦτοῦ
1211 732 1271 811 καί

19 906 22 933 ε
66 847 117 948 τήν
131 851 357 956 άγαθότητα
375 859 434 936 καί
451 854 495 936 τό
513 852 780 959 παντονργικόν
798 857 858 936 κοιί
880 852 924 936 τό
949 855 1128 937 δύνασθαι
1145 854 1266 959 παρά·

19 992 21 1052 ξ
49 993 126 1072 ὅγειν
149 976 197 1056 τὰ
225 980 302 1058 οῦκ
335 977 423 1061 ὄντα
448 978 547 1080 ποτὲ,
576 978 635 1060 διὰ
663 988 770 1062 τοῦτο
797 983 857 1060 καί
886 978 991 1060 εἰκάν
1017 982 1118 1060 ε’στιν
1145 981 1267 1060 αὐτοῦ·

68 1097 147 1178 ι’λλῦ
168 1102 357 1184 δεικνύτω
381 1101 568 1208 πρότερον,
587 1110 617 1185 εἰ
645 1102 739 1190 θεός
763 1102 857 1184 κατὰ
882 1102 998 1210 φύσιν
1017 1103 1190 1210 φαίνεται,
1209 1107 1269 1184 καί

68 1223 160 1308 οἴσεις
192 1227 513 1331 ι’τσαραλλάκτως,
542 1232 591 1330 ὡς
619 1225 732 1331 μηδὲν
759 1224 848 1309 εἰναι
875 1225 919 1310 τό
948 1229 1094 1309 ἀδικοῦν
1121 1226 1188 1329 τὴν
1213 1234 1267 1310 εἰ·

68 1345 174 1430 σάτον
196 1355 263 1432 καί
294 1353 481 1439 ὁλοτελῶς
506 1354 698 1460 ἐμφέρειαν
719 1357 784 1454 τῆς
811 1352 946 1439 εἰκόνος
972 1353 1065 1458 πρός
1088 1350 1132 1434 τό
1156 1353 1265 1460 ἀρχέ-

67 1501 172 1554 τιοςον·
217 1475 472 1580 ἀπορήσαντα
509 1477 548 1559 δὲ
583 1480 642 1557 καί
674 1486 781 1559 τοῦτο
819 1477 988 1558 δεικνύειν
1021 1477 1089 1582 οῦχ
1124 1476 1301 1576 ἑκόντα,ἰι

42 1619 61 1658 ¹0
69 1595 215 1700 δεύτερον
237 1599 448 1702 αἰτήσομεν
469 1607 591 1700 εἰπεῖν,
608 1591 711 1687 πόῖος
739 1598 784 1680 ἂν
806 1601 984 1708 ε’πιτράίκη
1010 1599 1134 1703 λόγος,
1152 1602 1267 1682 καίτοι

71 1718 142 1798 εοτιί
172 1722 303 1828 φύσιν
330 1725 396 1806 οῦκ
427 1725 515 1807 ὄντα
542 1723 650 1823 θεόν,
678 1722 772 1806 κατά
800 1758 843 1828 γε
872 1720 939 1824 τήν
967 1727 1121 1806 ἐνοῦσαν
1148 1727 1267 1813 αὐτοῖς

72 1846 261 1948 Βδςλνρίαν,
282 1846 333 1929 τὰ
353 1853 416 1950 τῆς
435 1847 602 1951 θεότητος
625 1849 715 1953 ἔργα
740 1848 919 1932 δύνασθαι
944 1857 1121 1952 πληροῦν.
1159 1859 1266 1931 τοῦτο

72 1965 127 2068 γάρ
151 1973 236 2053 ε’στι
268 1972 316 2054 τό
347 1973 469 2080 φέρειν
495 1973 562 2075 τὴν
589 1971 709 2055 εἰκόνα
734 1982 800 2055 τοῦ
829 1972 988 2078 Πατρός.
1039 1978 1070 2054 εἰ
1101 1971 1167 2073 μὲν
1193 1972 1267 2076 γάρ

74 2089 191 2174 οἰκοθεν
218 2099 293 2177 οῦκ
320 2097 413 2202 ἔχων
437 2095 504 2198 τὴν
528 2101 714 2202 ἀρκοῦσαν
739 2103 788 2182 εἰς
815 2105 923 2180 τοῦτο
951 2097 1102 2195 δύναμιν
1129 2097 1150 2175 ό
1178 2096 1267 2180 Υἰός

47 2233 65 2290 ¹5
74 2216 248 2320 δανείζεται
269 2217 340 2320 τήν
356 2219 457 2325 παρὰ
477 2221 712 2326 Πατρός,καί
737 2229 943 2327 χορηγεῖται
968 2222 1053 2325 παρ’
1074 2222 1185 2302 αὑτοῦ
1209 2221 1268 2300 καί

76 2345 193 2446 σοφίαν
211 2348 279 2425 καί
297 2341 417 2450 ἰσχῦν,
431 2346 489 2426 ἵνα
507 2344 654 2446 δύνηται
673 2352 876 2449 κατορθοῦν
894 2343 919 2424 ἀ
936 2347 994 2425 καί
1011 2342 1104 2452 μόνη
1121 2343 1268 2449 προήκειν

77 2463 202 2568 ἐροῦμεν
224 2475 276 2577 τῇ
305 2477 370 2550 τοῦ
398 2467 545 2573 Πατρός
571 2468 694 2578 Φύσει,
719 2469 958 2577 διαψεύσεται
988 2471 1082 2551 οὕτω
1113 2472 1172 2550 καί
1201 2466 1269 2570 τὴν

75 2589 171 2672 εἰκόνα
195 2597 261 2675 καί
287 2590 355 2693 τήν
377 2593 563 2694 ὁμοίωσιν.
602 2600 633 2675 εἰ
659 2593 698 2674 δὲ
723 2594 925 2702 ψεύδεσθαι
949 2591 1015 2693 μὲν
1037 2595 1079 2674 οῦ
1103 2593 1298 2694 δάσομενο

76 2714 174 2816 οἰτόν,
196 2722 318 2803 οὕτως
343 2717 473 2824 ἔχοντα
499 2719 662 2823 καθάπερ
690 2717 889 2823 εἰρήκαμεν,
913 2721 962 2804 ὡς
990 2716 1028 2799 δὲ
1055 2718 1269 2821 ἀληθεύοντι

51 2844 335 2942 λενονοινείτομεν,
357 2841 468 2944 αὐτὴν
493 2840 718 2944 άλιοσόμεθα
744 2841 811 2942 τὴν
835 2839 947 2950 δόξαν
972 2845 1175 2928 ἀδικοῦντες
1202 2850 1268 2924 τοῦ

77 2965 154 3046 Θεοῦ
177 2971 242 3048 καί
262 2966 420 3071 Πατρός,
437 2971 496 3047 καί
520 2965 629 3064 ὅπως,
647 2969 730 3070 ε’ρῶ.
770 2964 886 3068 ἢγοίρ
904 2963 1044 3069 ἀνάγκη
1062 2967 1192 3069 λέγειν,
1211 2965 1267 3046 ὅτι

77 3087 231 3188 ἰϊῦδετιιι
258 3089 327 3190 τήν
349 3087 466 3172 εἰκόνα
489 3099 554 3171 τοῦ
579 3095 676 3170 Θεοῦ
701 3092 760 3170 καί
784 3087 941 3192 Πατρός,
959 3088 1099 3170 οἴκοθεν
1117 3085 1184 3188 μὲν
1202 3090 1267 3170 οῦκ

76 3211 149 3316 ἕχον
179 3213 253 3317 τήν
284 3221 359 3300 τοῖς
394 3213 512 3319 ἔργοις
544 3213 771 3322 ἔξαρκοῦσαν
803 3209 923 3318 ἰσχῦν,
954 3213 1039 3318 παρ’
1075 3212 1195 3315 ἑτέρον
1227 3211 1268 3293 δὲ

77 3337 190 3439 ονἰην
209 3337 492 3444 χορηγούμενος·
522 3336 663 3442 οὐγὰρ
688 3339 783 3418 οῦτοι
807 3334 851 3418 τό
874 3337 1089 3444 ἀρχέτιοτον·
1119 3333 1142 3438 ἢ
1168 3335 1267 3440 εἰπερ

51 3457 157 3542 zievi»
183 3461 331 3564 ἀληθής
361 3465 400 3544 ἒν
429 3464 544 3570 ἑαυτῷ
577 3462 699 3565 λέγων
731 3463 888 3566 δρᾶσθαι
918 3459 984 3543 τόν
1017 3459 1176 3566 Πατέρα,
1207 3463 1266 3542 καί

77 3583 157 3666 οῦδὲν
190 3587 292 3674 ὅλως
323 3583 411 3668 εἰναι
445 3585 489 3668 τό
526 3585 749 3668 διαλλάττον
781 3583 805 3687 ἢ
837 3583 881 3667 τό
913 3585 1052 3694 μεταξὺ
1085 3584 1108 3688 ἢ
1141 3621 1263 3692 παρο-

77 3711 244 3811 χοράττον
269 3711 335 3813 τήν
361 3718 411 3796 εἰς
438 3708 536 3796 ὅταν
563 3711 764 3818 ἐμφέρειαν,
790 3709 929 3814 ἀνάγκη
955 3709 1088 3794 λοιπόν
1113 3715 1173 3792 καί
1197 3711 1299 3816 οῦχᾰ
1341 3813 1343 3821 Ι

77 3831 185 3920 ἔεόισα
206 3843 325 3937 εἰπεῖν,
344 3839 399 3918 ὅτι
423 3840 482 3918 καί
506 3834 614 3920 αὐτὸς
634 3837 655 3915 ὁ
675 3833 805 3938 Πατὴρ
824 3833 982 3937 ε’πακτίην
1000 3835 1073 3942 ἔχει
1096 3839 1155 3916 καί
1177 3835 1263 3936 παρ’

76 3955 176 4061 ἕτερον
195 3959 264 4062 τήν
280 3959 441 4061 δύναμιν.
480 3961 574 4041 οῦτοι
599 3959 672 4063 γάρ
694 3959 778 4060 ἡμῖν
795 3957 923 4040 ἑαυτὸν
940 3962 1042 4063 ε’ντῇ
1068 3955 1175 4038 εἰκόνι
1198 3960 1264 4056 τῆς

52 4083 146 4172 δίδίος
165 4083 327 4194 φύσεως,
345 4086 425 4188 ἤτοι
441 4089 505 4186 τῆς
524 4083 644 4192 δόξης,
662 4081 853 4185 ἠβουλήθη
872 4079 1055 4163 δεικνύειν.

111 4207 193 4316 'Ap'
213 4210 277 4292 οῦν
294 4210 363 4316 οὐχ
380 4211 497 4314 ὁρᾶτε,
514 4207 666 4318 φήσειεν
682 4207 728 4288 άν
745 4241 799 4293 τις
824 4203 917 4311 πρός
941 4204 1094 4288 ἐκείνους
1113 4198 1260 4301 λοιπόν,

103 4479 124 4538 ⁶.
139 4483 164 4538 εἰ
176 4482 244 4539 θεὸς
255 4481 290 4538 Ε.
301 4479 397 4538 cuim
407 4479 462 4538 Ed.
532 4497 613 4608 ἦρ.
623 4493 686 4548 4³4,
700 4493 715 4534 ι
728 4477 793 4534 eim
803 4493 832 4550 p.
910 4471 955 4532 τό.
971 4471 987 4544 Q
999 4473 1033 4528 τὸ
1043 4471 1107 4545 Ep.
1119 4469 1148 4528 ἰν
1158 4472 1196 4546 τᾷ
1209 4469 1264 4528 Ed.

82 4549 111 4606 ιδ.
123 4557 178 4628 ἔχει
190 4553 254 4626 ΠΡ.
266 4553 337 4626 ἰχειτ
349 4549 402 4608 Ed.
413 4548 454 4608 ἰσ.
465 4549 521 4624 ἰχει
578 4567 655 4622 ang.
