3200 5092
435 329 479 391 50
738 325 777 390 B.
800 323 1012 388 CYRILLI
1039 322 1329 388 ALEXANDR.

435 489 499 570 τὸν
529 495 681 571 Παῦλον
708 491 728 568 ό
758 488 966 574 Σιλουανάς.
1018 487 1072 592 ἀρ’
1104 491 1167 569 οῦν
1198 490 1264 594 οὐχ
1296 487 1408 586 ὅμοιοι
1439 519 1480 563 κα

435 614 561 720 φάσιν,
588 611 612 714 ἢ
643 613 802 720 ὑπερέξει
832 611 923 692 κατὰ
953 612 1016 692 τὸν
1044 614 1169 696 οὐσίας
1197 608 1311 714 λόγον
1338 613 1358 690 ὁ
1387 614 1480 688 Παῦλ

435 735 645 834 Σιλουανὸν,
664 737 806 840 ἐπείπερ
828 735 920 837 ἔγνω
938 733 1104 838 μειςῦνοις
1121 733 1144 836 ἦ
1164 737 1238 814 κατ’
1259 739 1388 815 ἐκεῖνον
1406 739 1468 812 τοῦ

434 864 512 964 ρίου
539 857 582 941 τῦ
609 858 723 956 βάθος
735 892 746 957 ;
780 861 864 939 ἀλλ’
885 859 1010 938 οὐδένα
1038 865 1160 961 ληρεῖν
1185 863 1234 943 εἷς
1260 856 1480 937 τασοῦτονῦ

267 1001 381 1060 52η
404 983 546 1082 ιβάνιο,
575 987 623 1067 ὡς
651 984 797 1083 νομίσαι
824 979 912 1063 ποτὲ
940 980 1160 1088 διηλλάχθαι
1186 981 1253 1081 τὴν
1281 979 1394 1086 φύσιν
1421 978 1480 1056 αῦτ

434 1106 476 1186 τὸ
504 1109 542 1187 ἐν
569 1107 705 1210 γνώσει
732 1105 849 1209 μεῖζον
877 1103 900 1205 ἢ
928 1103 1093 1185 ἐ’λαττον.
1134 1106 1193 1185 ὅτε
1220 1105 1339 1184 τοίνυν
1363 1103 1425 1182 οῦκ
1453 1103 1480 1178 ἐι

433 1236 560 1330 μαθεῖν
597 1228 619 1330 ἢ
660 1227 813 1332 διδάξαι,
849 1227 895 1308 τά
936 1233 999 1328 τῆς
1037 1228 1161 1312 οὐσίας
1198 1232 1353 1330 ἀκριβῶς
1392 1229 1480 1322 δοκιρ

434 1353 595 1456 καθάπερ
627 1351 824 1454 εἰρήκαμεν,
855 1350 956 1431 οὐδὲν
985 1350 1147 1451 ἀδικήσει
1178 1351 1242 1432 τὸν
1269 1348 1360 1429 Υίὸν
1389 1354 1437 1432 εἰς
1469 1381 1480 1424 ι

433 1477 525 1558 κατὰ
551 1478 666 1585 φύσιν
685 1472 791 1572 Θεὸν,
810 1475 897 1555 ὅταν
922 1509 956 1555 τι
982 1474 1073 1580 λε’γῃ
1100 1479 1159 1554 καὶ
1183 1480 1310 1574 μαθεῖν
1329 1470 1428 1574 παρὰ
1451 1504 1480 1548 τι

434 1599 593 1703 Πατρός.
638 1601 679 1679 οῦ
705 1598 777 1702 γάρ
803 1597 863 1677 διά
886 1607 992 1678 τοῦτο
1016 1603 1080 1697 τῆς
1104 1597 1195 1701 πρὸς
1220 1599 1328 1678 αὐτὸν
1353 1599 1480 1692 ὀμοουο

431 1723 668 1832 ἐξοιχήσεται,
691 1723 787 1822 με’νει
815 1721 853 1803 δὲ
880 1721 1024 1806 πάντως
1052 1721 1138 1825 ὅπερ
1165 1724 1257 1818 ε’στὶ,
1277 1718 1480 1816 τουτίστηί

432 1852 539 1944 Θεοῦ,
559 1852 639 1952 φῶς
657 1848 695 1924 ἐκ
715 1844 846 1954 φωτός.
960 1949 961 1952 ¹

486 1970 596 2049 Ἀλλ’
617 1968 706 2052 ἴσως
733 1969 821 2070 ε’ρεῖς
846 1973 933 2054 Παῖς
959 1970 1047 2066 οῦν;
1079 1971 1116 2048 ἐν
1135 1969 1270 2070 γνώσει
1294 1965 1421 2069 μείζων
1443 1965 1463 2042 ὁ

431 2091 489 2173 διά
517 2090 589 2195 γάρ
617 2099 724 2171 τοῦτο
751 2091 913 2172 διδάσκει
941 2091 1005 2172 τὸν
1031 2093 1134 2172 Υῖόν.
1186 2094 1332 2193 ε’ροῦμεν
1361 2086 1400 2167 δὲ
1432 2085 1480 2166 πά

397 2213 594 2316 δμάλιστα
611 2213 677 2314 μὲν
694 2213 763 2314 ἤδη
792 2213 851 2294 διά
873 2222 1026 2295 πολλῶν
1044 2213 1277 2321 ἀπεδείξαμεν
1296 2211 1418 2315 λόγων
1437 2209 1480 2289 ὅτ,

430 2371 525 2422 σεως
544 2341 601 2416 καὶ
626 2337 861 2422 διδασκαλίας
886 2337 1091 2441 ἀπροσδεὴς
1116 2339 1137 2437 ἡ
1163 2338 1280 2444 σοφία
1304 2343 1368 2416 τοῦ
1389 2340 1480 2435 Πατγ

430 2459 593 2545 πολλοῦς
631 2461 689 2541 ἐπὶ
723 2461 838 2568 τούτῳ
875 2464 1098 2565 συνείροντες
1136 2457 1350 2564 λογισμοῦς,
1389 2465 1438 2542 εῖς
1476 2497 1480 2534 ι

431 2583 644 2690 δυσφημίαν
674 2584 973 2690 καταστρέφοντα
1004 2585 1068 2664 τὸν
1098 2581 1212 2686 λόγον
1245 2582 1480 2690 ἐξηλέγχομει

429 2741 491 2786 σοι
511 2709 650 2787 κάκεῖνο
674 2704 766 2810 πρὸς
790 2706 928 2790 τούτοις
953 2713 1061 2787 εἰπεῖν
1079 2711 1273 2809 ἀναγκαῖον
1290 2707 1358 2806 ἤδη
1378 2707 1480 2811 φαίυε

429 2829 573 2930 σπουδὴ
606 2837 658 2937 τῷ
688 2835 766 2936 mg>
797 2835 855 2909 καὶ
890 2831 1015 2929 πολλὴ
1052 2831 1136 2910 λίαν
1169 2831 1190 2929 ἡ
1222 2829 1432 2932 ἐπιτήρησις
1464 2861 1480 2906 π

429 2962 610 3048 κολοβοῦν
637 2955 690 3032 ἀεὶ
718 2953 761 3032 τὸ
788 2953 877 3033 ἴδιον
905 2955 1057 3060 ἀξίωμα,
1086 2957 1145 3034 καὶ
1174 2956 1216 3032 οῦ
1245 2951 1394 3059 σφόδρα
1425 2956 1480 3030 θεε

429 3077 660 3178 διαλέγεσθαι
688 3075 746 3156 διά
775 3075 841 3175 τὴν
864 3084 928 3155 τοῦ
956 3076 1088 3156 δούλου
1114 3075 1270 3184 μορφὴν,
1294 3079 1352 3155 καὶ
1381 3073 1448 3174 τὴν
1471 3109 1480 3153 ι

429 3203 472 3280 δι’
493 3202 586 3300 ἡμᾶς
612 3203 889 3306 ἀναληφθεῖσαν
907 3201 1135 3282 ταπείνωσιν.
1173 3209 1244 3280 ποῦ
1267 3197 1339 3302 γάρ
1367 3205 1480 3291 καταρ

399 3320 452 3423 οῆ
486 3327 525 3402 ἐκ
555 3323 669 3404 ποίων
696 3329 744 3406 είς
777 3323 834 3403 offa
863 3325 1019 3423 μετέστη
1053 3323 1192 3420 λοιπὸν,
1221 3330 1250 3403 εἰ
1283 3321 1333 3422 μὴ
1365 3328 1477 3400 λαλεῖ

429 3445 706 3546 ἀποβεβηκότος
732 3450 789 3525 καὶ
814 3451 878 3546 τῆς
903 3453 1121 3548 θεοπρεποῦς
1147 3447 1255 3552 δόξης
1279 3447 1321 3525 οὐ
1346 3446 1431 3523 λίαν
1449 3447 1480 3522 ἐκ

428 3568 487 3649 διὰ
519 3568 591 3673 γάρ
624 3603 680 3648 τοι
712 3570 849 3649 τούτων
880 3569 1070 3666 πολλάκις,
1101 3574 1159 3649 καὶ
1193 3569 1284 3672 άπερ
1315 3565 1410 3648 οἶδεν
1441 3571 1480 3650 ὡς

426 3696 570 3794 ἀγνοεῖν
592 3695 640 3776 ὡς
664 3693 853 3794 ἅνθρωπος
879 3691 1146 3797 σχηματίζεται.
1186 3692 1272 3798 ὄφει
1298 3689 1336 3772 δὲ
1363 3698 1471 3770 τοῦτο

426 3820 464 3897 ἐν
490 3817 633 3922 ἱστορίᾳ
660 3821 706 3919 τῇ
734 3815 825 3895 κατὰ
852 3815 916 3896 τὸν
934 3815 1100 3920 Λάζαρον
1118 3816 1182 3897 τὸν
1200 3819 1238 3896 ἐκ
1257 3816 1438 3915 Βηθανίας
1465 3841 1480 3919 q

426 3943 485 4018 καὶ
503 3937 700 4046 παραδόξῳ
719 3937 866 4038 δυνάμει
884 3945 942 4019 καὶ
961 3939 1255 4045 θεοπρεπεστάτη
1279 3944 1384 4046 φωνῇ
1411 3945 1480 4040 τεθγ

425 4063 513 4142 ὄντα
539 4065 597 4142 καὶ
623 4060 794 4158 ὀδωδότα,
812 4060 941 4142 λοιπὸν
963 4067 1257 4166 παλινδρομῆσαι
1280 4061 1372 4166 πρὸς
1398 4061 1480 4165 ζωὴν

462 4289 487 4326 2.
505 4274 550 4327 τὸν
562 4270 651 4343 prius]
668 4274 757 4340 -Ι-τῆς
771 4272 861 4326 Holst.
875 4271 926 4325 Ed.
1027 4273 1053 4326 8.
1072 4273 1300 4329 είςτδοω.ΑυῙ).
1407 4291 1433 4344 9.
1453 4295 1480 4326 τε

424 4365 450 4396 τι
462 4343 526 4412 λέγῃ
539 4342 691 4396 emendavit
705 4343 753 4396 Ht.
870 4343 938 4395 18-
959 4357 1020 4408 .51,
1033 4359 1074 4396 ιο.
1095 4342 1168 4397 Haec
1181 4344 1245 4398 citat
1258 4342 1373 4397 Severus
1385 4353 1480 4396 eontra

425 4411 645 4475 Grammaticum,
658 4413 755 4466 citatur
769 4411 877 4482 Syriaco
894 4413 922 4465 in
978 4412 1005 4465 d.
1018 4412 1090 4466 Add.
1107 4429 1148 4467 ια.
1164 4427 1223 4483 157,
1241 4413 1288 4466 sol.
1303 4429 1348 4496 νη,
1360 4415 1425 4484 (sec.
1441 4415 1480 4466 vii¹

424 4481 453 4532 in
467 4480 541 4559 Mus.
556 4479 625 4561 Brit:
637 4491 780 4534 asservato.
914 4498 957 4552 οη.
976 4481 1039 4551 ὄψει
1052 4483 1081 4536 δὲ
1093 4483 1122 4536 δὲ
1134 4483 1243 4608 (sichB.
1255 4493 1363 4553 conjlelt
1375 4484 1404 4537 δι’
1417 4484 1480 4563 δὴλ

423 4548 533 4602 exh1bet
545 4548 606 4618 Syr.
617 4549 646 4603 ld
658 4551 730 4620 quod
743 4549 816 4604 Aub.
906 4567 949 4622 29.
968 4551 1125 4624 τεθρήμερον
1137 4553 1169 4608 Β.
1214 4562 1234 4610 t.
1246 4553 1413 4625 τετριίγμερον
1426 4555 1480 4624 (ch
