3184 5104
80 341 203 420 «πμ.
359 347 421 410 IN
454 348 491 412 s,
510 347 780 447 μολῦναι.
826 348 998 414 mvl.
1229 351 1291 412 ιον

79 507 150 586 ἀντὶ
169 517 231 588 τοῦ
247 513 537 612 σνγκατανεύει,
555 515 716 594 πείθεται
734 518 791 593 καὶ
816 520 865 599 είς
890 522 974 593 νοῦν
992 511 1211 616 ἀποκρύπτει
1229 509 1323 591 τόνθ

78 631 205 728 imao,
235 633 330 714 κατά
365 635 413 715 τὸ
448 637 643 740 εἰρημένον
675 639 713 716 ἐν
744 621 867 745 βίβλφ
898 643 1098 740 παροιμιῶν
1132 647 1155 684 “
1168 635 1292 742 Σοφός
1337 637 1448 754 {rom

78 767 98 800 ⁴
113 759 236 862 καρδία
261 759 412 866 &ferat
440 760 635 845 έντσλάς.”
661 760 728 860 τὴν
745 759 811 860 μεν
830 759 902 866 γάρ
927 768 1001 841 τῶν
1019 759 1193 862 ἀνοήτων,
1214 761 1291 861 ἤτοι

78 887 372 986 ιπαφρσνητῶν,
415 883 589 986 καθάπερ
623 919 677 968 τις
715 885 857 985 ἄσημος
893 882 965 989 ἠχὴ
1001 888 1234 990 περιενεχθεὶς
1271 886 1291 963 ό

51 1001 190 1103 Ξλύγσς,
206 1009 266 1085 καί
284 1003 428 1109 ὥσπερ
448 1042 507 1092 τις
527 1007 660 1092 κτύπος
679 1006 960 1113 παρενοχλήσας
977 1014 1053 1113 εἰκῇ
1071 1011 1292 1113 παραχρῆμα

77 1133 142 1204 τάν
158 1129 358 1224 λαβόντων
378 1129 676 1230 ἀπαλλάττεται,
695 1131 848 1212 είσδύνει
867 1131 904 1212 δὲ
924 1131 1086 1236 καθάπερ
1106 1138 1154 1215 είς
1180 1131 1289 1234 ἀρου-

78 1285 138 1350 ραν
159 1255 286 1355 εὐγενῆ
316 1261 402 1334 τῶν
429 1261 598 1335 συνετῶν
624 1253 692 1355 τὴν
718 1257 877 1357 καρδίαν.
915 1261 1044 1363 σοφῶς
1072 1254 1116 1356 δὴ
1144 1253 1292 1360 σφόδρα

80 1373 134 1458 τάς
156 1383 229 1458 τῶν
246 1378 454 1459 Ἰουδαίων
476 1380 649 1464 ἀπονοίας
673 1379 873 1484 έλέγχωνό
897 1381 1041 1483 Κύριος,
1059 1383 1118 1460 καὶ
1143 1384 1288 1485 δυσφη-

81 1509 221 1593 μοῦντας
253 1502 399 1602 ἀνέδην
431 1500 639 1601 ἐπιδεικνύς,
668 1501 750 1587 τοῦς
782 1505 909 1584 ἑαυτοῦ
938 1503 1073 1605 λόγους
1104 1511 1168 1583 τοῦ
1196 1508 1292 1583 Θεοῦ

56 1625 202 1724 Ιςλόγους
229 1622 332 1705 ἀνά
360 1633 479 1733 φησι.
520 1627 767 1726 μεταπαιδεύει
795 1627 866 1731 γάρ
893 1662 982 1726 πως,
1011 1635 1137 1734 φησίν,
1165 1627 1322 1712 αὐτοῦςα
1341 1647 1408 1702 568
1418 1645 1459 1701 A.

83 1755 123 1830 είς
142 1747 183 1827 τῦ
207 1755 370 1856 φρονεῖν
394 1753 452 1830 ἐπ’
473 1751 571 1858 αὐτῷ
598 1748 646 1830 τά
671 1751 959 1854 πρεττωδέστερο,
978 1754 1037 1830 καὶ
1064 1750 1114 1851 μὴ
1130 1749 1293 1854 ινομίζειν

83 1871 221 1980 ίασὴφ,
247 1873 377 1976 ἤγουν
406 1873 532 1977 ἑτέρου
559 1872 654 1960 τινὸς
682 1881 755 1955 τῶν
779 1877 837 1955 ἐπὶ
864 1879 929 1974 τῆς
956 1879 1034 1976 γῆς,
1060 1874 1293 1978 ἐκπεφυκέναι

87 1995 163 2074 τατά
189 1999 390 2098 ἀλήθειαν,
418 1999 506 2077 ἀλλ’
531 2001 571 2077 εκ
597 2002 661 2097 τῆς
689 1998 814 2082 οὐσίας
841 2007 906 2078 τοῦ
934 2003 1029 2078 Θεοῦ
1059 2002 1117 2078 καὶ
1147 1997 1293 2100 Πατρῦς

87 2120 169 2198 edu
202 2125 243 2202 ἐκ
281 2128 392 2202 Θεοῦ
430 2120 628 2228 πεφηνέναι
665 2121 857 2214 πιστεύειν,
893 2120 913 2202 ό
950 2121 994 2221 δὴ
1031 2125 1091 2202 καὶ
1127 2121 1293 2206 συνέντες

54 2243 331 2348 ῑὸὐσχάλλσυσι,
373 2249 437 2326 καὶ
476 2246 700 2348 θερμοτέροις
737 2245 1012 2351 καταφλέγουσι
1053 2253 1127 2330 τοῖς
1168 2250 1294 2344 θυμοῖς

88 2367 339 2468 προστιθέντες
375 2381 401 2417 “
419 2369 573 2468 ἀνομίαν
608 2373 667 2450 ἐπὶ
702 2368 767 2469 τὴν
804 2370 956 2468 ἀνομίαν
993 2367 1168 2466 ἑαυτῶν,”
1199 2366 1293 2449 καθά
1373 2469 1379 2483 Ι
1456 2403 1461 2416 ·

90 2491 291 2594 γέγραπται,
311 2495 361 2572 δι’
383 2489 438 2572 ῶν
456 2493 507 2572 ἔτι
530 2492 698 2597 μειζόνως
723 2493 940 2596 ὑβρίζουσιν.

122 2710 372 2799 ’λπεκρίθιιοαν
396 2705 553 2776 Ἰουδαῖοι
581 2711 634 2776 καί
661 2705 753 2776 εἷπον
780 2711 871 2794 αὐτῷ
898 2710 944 2775 Οὐ
972 2709 1083 2774 καλῶς
1109 2709 1244 2785 λὲτομεν
1307 2719 1345 2789 48

205 2833 308 2912 ιίμεῖο
336 2839 394 2903 ὅτι
421 2835 630 2924 Σαμαρεῖται
657 2829 687 2901 εί
712 2837 749 2902 οὺ
778 2835 831 2900 καί
859 2835 1026 2912 δαιμόνιον
1053 2833 1158 2921 ἔχεις,

42 3033 72 3070 2³
134 3005 438 3104 Καταθρηνῆσαι
464 2997 578 3079 πόλιν
599 2997 801 3079 ἀκόλουθον
821 2997 888 3098 τὴν
906 3005 979 3080 τῶν
996 2997 1179 3078 Ἰουδαίων
1198 2999 1290 3076 ἀπο·

81 3125 253 3230 τληξίων,
273 3127 338 3203 καὶ
365 3127 433 3222 τῆς
457 3125 616 3223 εὐηθείας
640 3123 707 3224 τὴν
726 3121 943 3226 ὑπερβολήν.
980 3131 1058 3206 ταῖς
1085 3121 1158 3224 γὰρ
1185 3127 1296 3226 σφῶν

80 3251 197 3326 αὐτῶν
219 3250 448 3326 ἁλίσκονται
475 3253 622 3353 φωναῖς,
645 3246 806 3350 καθάπερ
834 3252 867 3326 οί
896 3251 1011 3350 θῆρες,
1032 3245 1090 3325 ὅτε
1118 3251 1195 3327 ταῖς
1223 3248 1296 3323 τῶν

79 3371 334 3474 σφαττόντων
361 3369 564 3468 ε’ττιπηδῶσι
591 3373 727 3474 χερσὶν,
756 3371 855 3450 αὐτοὶ
884 3370 967 3449 καθ’
989 3371 1122 3448 ἑαυτῶν
1145 3366 1209 3451 τὰς
1238 3369 1296 3447 ε’πὶ

78 3497 129 3600 τῷ
166 3495 320 3602 σιδήρῳ
362 3501 551 3598 κιχρῶντες
586 3493 711 3595 ὁρμάς.
767 3493 998 3599 ἐλεγχόμενοι
1031 3491 1104 3595 γάρ
1136 3496 1184 3576 ὡς
1216 3491 1324 3576 έθοςο

32 3649 65 3704 ²5
78 3621 203 3702 αὐτᾶς
234 3621 299 3698 καὶ
333 3617 468 3717 μελέτη
497 3618 704 3722 σύντροφος
736 3616 778 3698 τό
813 3622 1063 3723 φενδομυθεῖν,
1093 3615 1225 3717 ἀληθες
1254 3613 1297 3696 όν

79 3747 313 3848 παραχρῆμα
341 3740 554 3841 δεικνύουσι,
577 3744 636 3821 καὶ
660 3742 884 3846 διαπριόνται
911 3739 976 3840 μέν
998 3743 1047 3825 ῶς
1074 3741 1138 3821 οῦκ
1165 3737 1233 3819 εἷεν
1257 3741 1297 3820 ἐκ

82 3873 180 3948 Θεοῦ
217 3865 328 3972 παρὰ
365 3873 430 3946 τοῦ
462 3870 632 3967 Σωτῆρος
664 3865 862 3949 ἀκούοντες.
914 3862 1056 3948 οὐδενός
1090 3863 1127 3944 δὲ
1159 3858 1297 3968 μεταξύ

85 3989 343 4094 δαγεγονότος
360 3989 505 4096 χρόνον,
524 3993 589 4088 τῆς
612 3997 677 4068 τοῦ
696 3987 871 4085 διαβόλου
890 3989 1013 4072 κακίας
1032 3984 1298 4089 ἀκριβεστάτην

88 4119 123 4194 ἐν
152 4121 293 4202 ἑαυτοῖς
328 4115 579 4222 ἀποφαίνουσι
612 4112 677 4213 τὴν
705 4109 835 4193 εἰκόνα.
889 4115 1105 4220 Σαμαρείτην
1134 4107 1207 4210 γάρ
1239 4107 1298 4186 καὶ

126 4327 147 4366 1.
162 4309 361 4384 πρωτεύει,
375 4307 496 4364 πείθεται
510 4305 570 4392 Bt*
583 4304 780 4430 πιέκσρσνεόηιν
792 4303 833 4358 καί
845 4299 982 4358 πείθεσθαι
996 4300 1087 4355 Hoht.
1100 4297 1152 4386 Εδ.
1198 4297 1298 4386 Βίαίὶαη

100 4382 306 4510 W&
320 4379 602 4508 ἔπαυον.
615 4373 959 4502 ιτιακωίετᾱ·
1000 4441 1041 4496 m.
1060 4367 1299 4495 ιιιιιλωι

106 4521 141 4578 δι
150 4525 195 4582 m
323 4525 371 4580 ιδ.
391 4519 525 4575 Ἰουδαῖοι
539 4515 571 4574 Β.
584 4517 608 4570 σί
619 4516 739 4572 Ἰουδαῖοι
753 4515 803 4570 Ht.
817 4514 869 4570 Ed.
989 4527 1032 4566 20.
1051 4511 1251 4582 Κατοθρηνῆσαι
1264 4509 1297 4566 Β.

107 4593 180 4672 ungu
190 4597 385 4670 Ιηθηιῆπαι
401 4589 481 4647 Aub.
593 4600 634 4658 25.
653 4588 682 4644 δν
692 4582 863 4658 παραχρῆμα]
878 4581 967 4639 αὐτίκα
979 4583 1009 4637 τδ
1021 4583 1108 4654 χρῆμα
1119 4599 1145 4638 α.

680 4691 698 4734 P
716 4690 735 4734 2
