3238 5114
333 348 398 412 730
637 347 676 411 Β.
698 341 908 412 CYRILLI
939 344 1230 412 ALEXANDR.
1322 343 1405 409 xvii.
1421 361 1474 421 ιο,
1487 361 1534 409 21.

331 505 439 609 μέλη.
480 511 538 590 καί
565 517 653 612 γοῦν
671 511 724 592 ἐπ’
745 507 836 592 αῦτά
862 507 928 611 τὴν
952 507 1011 590 διά
1038 517 1102 591 τοῦ
1126 509 1337 610 Πνεῦματος
1366 507 1537 607 εὐλογίαν

332 634 390 713 καί
408 631 592 736 ἁγιασμόν
611 635 909 732 καταπέμπεσθαι
926 631 1027 737 παρά
1045 642 1110 714 τοῦ
1129 633 1218 715 ἰδίου
1237 631 1388 736 Πατρός
1408 632 1534 735 ἐρωτᾷ,

332 757 375 836 δι’
394 758 519 837 ἐαυτοῦ
539 755 576 838 δέ
594 756 748 842 πάντως·
779 759 821 838 οῦ
839 755 911 862 γάρ
928 755 972 858 ἦν
991 755 1127 861 ἐτέρως,
1145 757 1288 860 ἐπείπερ
1308 757 1415 836 ἐστίν
1434 751 1537 837 αὐτός

331 878 354 977 ἡ
392 879 493 983 ζῦσά
529 915 568 960 τε
600 886 658 962 καί
690 880 828 981 ἀληθὴς
860 884 918 961 καί
951 880 1193 986 παντουργικὴ
1225 883 1285 961 καὶ
1318 878 1537 984 δραστήριος

166 1027 284 1086 om.
303 1003 448 1108 ισοφία
480 1005 539 1082 καί
572 1003 719 1104 δύναμις
750 1011 814 1084 τοῦ
843 1001 1085 1104 γεννήσαντος
1116 1001 1235 1084 αὐτόν.
1279 1005 1366 1083 ἀλλ’
1397 1002 1462 1082 ἵνα
1489 1001 1561 1101 μήὸ

332 1161 422 1210 τινες
449 1135 523 1208 τῶν
547 1129 588 1208 οῦ
616 1129 699 1208 λίαν
723 1127 980 1229 ἐπιεικέστερον
1003 1126 1135 1208 ἐπαΐειν
1155 1124 1455 1227 μεμελετηκότων
1476 1131 1538 1224 τῆς

331 1251 572 1332 θεοπνεύστου
589 1255 733 1356 γραφῆς
752 1255 900 1351 οἰηθεῖεν
918 1250 963 1358 ἐξ
983 1251 1157 1358 ἐλοφρίας
1174 1253 1231 1331 ἐπί
1249 1247 1382 1350 μόνους
1401 1254 1534 1349 κεκλῆ-

330 1381 420 1456 σθαι
444 1373 526 1459 τοῦς
550 1373 713 1476 μαθητὰς
736 1373 803 1474 τὴν
820 1381 885 1453 τοῦ
910 1373 1005 1454 θείου
1023 1373 1233 1474 Πνεῦματος
1255 1374 1535 1479 καταφοίτησιν,

331 1496 432 1578 οὐδὲν
450 1497 489 1580 δὲ
507 1501 588 1601 περὶ
606 1498 708 1598 ἡμῶν
725 1503 798 1578 τῶν
816 1495 891 1597 μετ’
912 1499 1063 1583 ἐκείνους
1082 1497 1221 1598 δηλαδὴ
1242 1501 1301 1578 καί
1322 1499 1362 1577 ἐν
1379 1499 1538 1601 τρόποις

330 1619 534 1726 γεγονότων
551 1629 695 1727 καιροῖς,
714 1621 735 1702 ὃ
759 1626 856 1701 θεοῦ
884 1623 942 1701 καί
970 1621 1170 1725 ἀνθρώπων
1190 1622 1340 1722 μεσίτης
1366 1622 1387 1700 ό
1413 1619 1533 1725 παρά·
1551 1655 1579 1697 ιο

331 1756 464 1846 κλητος
491 1748 549 1826 καί
577 1741 757 1852 ἀρχιερεῦς
783 1750 857 1825 τῶν
882 1744 1062 1848 ἡμετέρων
1083 1750 1226 1852 ψυχῶν,
1244 1744 1452 1846 ἀναγκαίως
1479 1747 1537 1824 καί

330 1867 395 1953 τάς
422 1875 495 1949 τῶν
516 1867 686 1950 τοιούτων
708 1866 1021 1973 προανασειράζων
1043 1869 1238 1952 ἀσυνέτους
1265 1867 1445 1965 ὑπονοίας,
1463 1873 1538 1950 τοῖς

330 1991 523 2096 εἰρημένοις
540 1991 710 2096 ἐπήνεγκε
727 1991 770 2073 τὸ
786 1991 1028 2096 προκείμενον,
1047 1991 1234 2073 τουτέστιν
1250 1997 1304 2074 Οὐ
1323 2001 1398 2098 περὶ
1418 1991 1537 2072 ταίτωι

297 2111 367 2198 1)δέ
392 2115 496 2222 ίρωτιῦ
520 2117 613 2224 μόνον
631 2113 735 2196 ἀλλά
762 2123 821 2198 καί
848 2123 922 2224 περὶ
949 2114 1011 2196 τῦν
1033 2117 1246 2197 πιστευόντων
1264 2109 1324 2196 διίι
1347 2115 1404 2195 τοῦ
1430 2117 1537 2216 λόγου

329 2237 437 2320 αῦτῦι
466 2247 512 2326 εἰς
540 2237 611 2346 ἔρι’.
661 2241 721 2320 καί
751 2237 823 2343 γὰρ
852 2237 897 2339 ἦν
924 2273 1001 2323 πως
1029 2239 1176 2336 ἀτοπον,
1204 2236 1248 2318 δι’
1272 2234 1349 2322 ἐνῦς
1376 2235 1444 2337 μέν
1471 2245 1536 2318 τοῦ
1551 2265 1582 2326 15

328 2361 483 2466 πριότον,
507 2365 601 2470 φημὶ
629 2359 673 2463 δή
701 2371 765 2443 τοῦ
783 2359 914 2460 Ἀδάμ,
933 2359 1065 2463 διήκειν
1086 2364 1145 2442 ἐπὶ
1171 2360 1309 2445 πόντος
1336 2358 1403 2459 τὴν
1425 2359 1536 2440 κατό-

328 2517 459 2588 κρισιν,
482 2487 540 2566 καί
568 2485 722 2590 φορέσαι
748 2484 814 2584 μέν
840 2493 904 2566 τοῦ
930 2494 1055 2592 χοϊκοῦ
1082 2483 1148 2586 τήν
1170 2481 1393 2592 ἀδοξοτάτην
1415 2482 1535 2564 εἰκόνα

328 2611 387 2689 καί
409 2607 491 2693 τοῦς
512 2607 563 2708 μὴ
589 2611 882 2713 ἁμαρτήσαντας,
899 2611 975 2690 κατ’
997 2611 1107 2690 ἐκεῖνο
1135 2607 1173 2690 δέ
1197 2607 1365 2710 δηλονότι
1391 2617 1529 2712 καιροῦ,

328 2729 455 2812 καθ’
440 2767 482 2811 ον
510 2735 531 2812 ό
558 2731 757 2837 προπάτωρ
786 2737 851 2833 τῆς
885 2734 982 2842 αὐτῷ
1012 2735 1179 2834 δοθείσης
1206 2732 1490 2837 παρόλισθευ’
1470 2767 1529 2813 ευ·

326 2859 450 2955 τολῆς·
482 2853 768 2957 ἐπιδημήσαντος
795 2855 833 2937 δέ
860 2889 925 2937 του
909 2855 1161 3006 Χριστοῦ,
1145 2892 1184 2941 ος
1213 2855 1257 2957 δὴ
1285 2858 1343 2936 καί
1372 2855 1533 2962 πέφηνεν
1547 2891 1579 2931 20

326 2977 488 3082 οῦράνιος
515 2980 713 3081 ἅνθρωπος,
741 2977 791 3080 μὴ
821 2983 879 3060 καί
910 2978 977 3080 τὴν
1004 2981 1114 3061 αὐτοῦ
1146 2979 1259 3061 πόλιν
1287 2977 1403 3060 εἰκόνα
1437 2980 1533 3078 σύμ-

326 3136 464 3189 παντας
483 3103 751 3203 ἀναμάττεσθαι
769 3100 852 3188 τοῦς
872 3101 977 3182 διΗ
936 3113 1045 3184 αυτοῦ
1065 3103 1301 3204 κεκλημένους
1326 3109 1375 3188 εἰς
1399 3108 1532 3183 δικαιο

163 3236 240 3286 ¹⁰⁰¹·
246 3252 287 3286 xv.
327 3227 453 3327 σόνην,
480 3227 668 3376 πρόδηλον
695 3225 782 3306 δέ
762 3261 818 3308 οτι
844 3226 911 3327 τὴν
939 3225 997 3308 διά
1024 3228 1192 3312 πίστεως.
1239 3225 1365 3330 ὥσπερ
1397 3225 1436 3306 δέ
1465 3235 1533 3306 τοῦ

161 3315 201 3367 ⁴⁹
297 3359 450 3456 οχοῖκοῦ
473 3347 540 3451 τὴν
561 3349 889 3450 ἀκαλλεστότην’
861 3347 987 3448 εικόνα,
1007 3349 1132 3432 διά’
1088 3385 1211 3433 τυπων
1229 3353 1388 3455 ὁρᾶσθαί
1409 3357 1533 3458 φαμεν

326 3477 386 3553 καί
411 3475 505 3559 ἰδέας
532 3471 748 3575 τοιαῦτης,ή
773 3476 832 3554 καὶ
857 3477 922 3573 τῆς
946 3473 1120 3578 ἁμαρτίας
1145 3476 1217 3581 ἔχει
1243 3475 1307 3558 τὸν
1327 3474 1453 3580 ῥῦιτον,
1474 3479 1532 3556 καί
1546 3497 1575 3556 ²5

327 3596 483 3677 θανάτου
507 3601 565 3678 καί
591 3604 731 3704 φθορᾶς
756 3595 824 3695 τήν
841 3597 1030 3678 ἀσθένειαν
1048 3602 1106 3679 καί
1126 3601 1338 3706 φιληδονίας
1355 3604 1533 3701 σαρκικῆς

326 3723 386 3799 καί
408 3719 639 3826 φρονήματος
666 3720 820 3822 ἐπιγείου
848 3719 914 3820 τὴν
936 3723 1173 3825 ἀκαθαρσίαν·
1204 3725 1316 3806 οὕτως
1343 3723 1389 3800 αῦ
1416 3720 1533 3802 πόλιν

327 3842 532 3947 διαπρέπειν
568 3842 714 3942 οἰόμεθα
751 3842 817 3944 τὴν
856 3842 973 3924 εἰκόνα
1009 3853 1073 3926 τοῦ
1111 3846 1330 3949 ἐπουρανίου,
1362 3845 1532 3926 τουτέστι

327 3971 503 4070 Χριστοῦ,
532 3966 748 4072 καθαρότητι
777 3968 836 4048 καί
865 3969 1076 4077 εἰλικρινείη,
1105 3975 1151 4075 τῇ
1184 3966 1276 4048 κατά
1306 3975 1382 4049 πῦν
1410 3969 1531 4050 ὁτιοῦν

327 4093 519 4198 ἀφθαρσίᾳ
542 4095 600 4171 καί
626 4091 696 4196 ζωῇ
722 4093 781 4170 καί
805 4091 988 4199 ἁγιασμῷ.
1029 4093 1115 4172 ἀλλ’
1136 4089 1181 4191 ἦν
1198 4091 1323 4195 ἐτέρως
1343 4091 1531 4197 ἀμήχανον
1542 4131 1571 4189 30

327 4218 376 4297 εἰς
407 4212 450 4295 τὸ
480 4217 540 4294 ἀπ’
570 4217 683 4318 ἀρχῆς
715 4215 807 4314 ἡμᾶς
836 4212 1112 4317 ἀνοκομίζεσθαι
1145 4214 1284 4298 κόλλος
1314 4213 1398 4300 τοῦς
1430 4213 1532 4322 ἅπαξ

327 4336 597 4420 ἐκπεπτωκότας
626 4336 684 4417 διά
709 4336 775 4438 τήν
794 4341 830 4418 ἐν
852 4345 903 4445 τῷ
930 4339 1062 4448 πρώτῳ
1090 4337 1314 4444 παράβασιν,
1333 4345 1363 4420 εἰ
1389 4337 1442 4440 μὴ
1467 4344 1529 4439 τῆς

328 4574 355 4628 ὁ,
367 4503 407 4628 ἱῦ.
426 4505 460 4631 δέ
472 4505 503 4561 Ε.
517 4505 544 4560 δέ
559 4505 610 4560 Ed.
721 4519 816 4578 17-19.
836 4508 1103 4579 χοϊκοῦ-προπάτωρ
1116 4525 1171 4564 om.
1185 4507 1218 4564 E.
1331 4524 1430 4582 21-23.
1449 4509 1526 4578 τήν-

344 4597 355 4627 (
386 4593 422 4630 m.
463 4615 469 4630 ι
853 4617 856 4624 v
