3248 5112
279 350 344 412 458
584 353 622 416 B.
647 351 857 418 CYRILLI
887 351 1177 417 ALEXANDR.
1284 347 1348 414 xiv.
1362 363 1412 426 ιι,
1428 361 1477 429 13.

281 517 339 594 καί
366 514 545 623 ε’ξουσίαν,
568 515 669 596 ἀλλά
694 516 759 617 τὴν
786 518 843 598 ε’πί
870 519 980 598 πολύ·
1011 517 1148 626 μείζονα
1174 513 1257 617 γάρ,
1280 513 1407 620 φησίν,
1430 505 1481 588 ὧν

280 637 351 742 ἐγὼ
375 640 551 741 πεποίηκα
575 642 717 734 ποιήσει.
759 643 845 749 ὁρᾷς
872 641 935 722 οὖν
957 640 1054 724 ὅπως
1078 637 1269 720 ἀνακόπτει
1294 633 1480 742 χρησίμως

280 769 353 842 τῶν
371 765 413 842 δι’
434 765 594 848 ἐναντίας
611 762 655 844 τὸ
674 762 897 867 θράσος,καί
916 761 1138 866 ἀνασειράζει
1156 760 1291 866 τρόπον
1308 756 1389 840 τινὰ
1407 762 1482 840 τοῖς

279 886 441 992 ἐλέγχοις
468 885 679 991 έρχομέιιονς
706 886 797 968 κατὰ
822 895 988 990 πετρῶν;
1021 891 1095 991 ἐρεῖ
1118 884 1190 991 γάρ
1217 921 1271 971 τις
1298 884 1417 965 αὐτοῖς
1427 876 1481 960 Ὠ

279 1007 423 1110 ἀνόητοι
448 1015 507 1091 καί
531 1015 675 1116 τυφλοί,
695 1009 806 1113 μηδέν
824 1013 867 1120 ἐξ
890 1014 1016 1094 ἑαυτοῦ
1041 1015 1257 1112 δεδυνῆσθαι
1283 1011 1514 1111 κατορθοῦνῠ

115 1153 233 1211 803Δ,
250 1131 516 1240 ιιίπειληφότες
548 1133 613 1215 τόν
640 1133 742 1234 Υἰὸν,
773 1140 1043 1241 κεχορηγῆσθαι
1075 1133 1113 1215 δέ
1146 1142 1292 1233 μᾶλλον
1313 1121 1391 1232 ρτὴν
1423 1129 1480 1236 ἐφ’

279 1253 396 1336 ἅπασι
421 1265 496 1342 τοῖς
518 1255 734 1365 παραδόξως
759 1259 1025 1357 τετελεσμένοις
1050 1258 1199 1358 δύναμίν
1219 1293 1259 1338 τε
1288 1258 1346 1337 καί
1373 1254 1479 1362 ἐξου-

278 1381 364 1498 σίαν
383 1379 453 1461 ἀπὸ
474 1389 539 1460 τοῦ
559 1380 717 1485 Πατρός·
748 1389 826 1466 πῶς
844 1387 901 1462 καί
921 1385 1058 1491 μείζονα
1077 1389 1275 1483 κατορθοῦν
1294 1375 1477 1480 ἐπαγγέλ-

279 1515 382 1584 λεται
401 1505 532 1584 δώσειν
546 1512 620 1590 τοῖς
638 1505 873 1587 πιστεύουσιν
889 1512 938 1591 εἰς
956 1505 1083 1602 αύτόνς
1110 1513 1187 1590 πῶς
1206 1503 1227 1585 ἰ)
1244 1501 1295 1603 μὴ
1313 1502 1482 1605 δέδρακεν

279 1627 396 1728 αὐτὸς,
434 1628 553 1732 ἕτερος
589 1630 823 1732 κατορθώσει,
860 1629 926 1730 τὴν
962 1628 1048 1735 παρ’
1084 1631 1194 1710 αὑτοῦ
1229 1625 1481 1724 δανεισάμενος
1498 1652 1539 1694 10

278 1751 454 1850 δύναμιν;
488 1751 553 1832 θέα
580 1751 652 1856 γὰρ
678 1753 775 1839 ὅπως
804 1756 869 1835 οὐκ
896 1754 1033 1857 εἴρηκεν
1057 1757 1096 1834 έν
1117 1751 1255 1837 τούτοις
1283 1754 1338 1832 ὅτι
1355 1781 1477 1854 ,χορη-

278 1875 385 1976 γήσει
418 1883 493 1962 τοῖς
524 1876 741 1958 πιστεύουσι
772 1877 922 1978 δύναμιν
953 1879 973 1958 ὁ
1009 1876 1149 1980 Πατὴρ,
1181 1876 1267 1956 ἀλλ’
1294 1874 1346 1955 Ὅ
1373 1909 1406 1953 τι
1440 1870 1482 1954 ιίι

280 2003 435 2094 αἰτήσητε
455 2001 484 2080 ἑν
503 2011 549 2109 τῷ
568 2005 706 2109 ἰιίματί
729 2039 796 2106 μου
820 2004 960 2097 ποιήσω.
1001 1999 1078 2082 ὁδί
1100 2009 1175 2084 τοῖς
1199 2001 1328 2083 ἄλλοις
1353 2001 1412 2077 καί
1436 1996 1483 2078 τὰ

246 2123 385 2228 ομείζω
412 2123 589 2206 δύνασθαι
616 2133 813 2230 κατορθοῦν
832 2129 878 2209 ὡς
899 2123 993 2210 θεὸς
1010 2123 1196 2222 ἐπιδιδούς,
1215 2130 1293 2207 πῶς
1311 2120 1356 2201 ἂν
1374 2119 1482 2205 αὐτὸς

278 2247 482 2352 έχορηγήθη
509 2250 593 2352 παρ’
613 2249 734 2352 ἑτέρου
757 2247 799 2329 τὸ
828 2247 1028 2346 δύνασθαι;
1066 2251 1194 2329 οὐκοῦν
1213 2251 1322 2352 λῆρος
1348 2243 1413 2345 μέν
1434 2243 1482 2325 τά
1497 2279 1538 2340 15

278 2371 418 2450 ἐκείνων
442 2379 629 2457 παντελῶς
659 2376 718 2453 καί
749 2375 859 2456 ὕθλος
892 2377 1019 2456 εἰκαῖος
1047 2375 1105 2451 καί
1134 2370 1387 2470 δαιμονιώδους
1413 2372 1479 2449 δυ·

278 2493 457 2597 στροπίας
495 2495 688 2599 εὑρήματα.
741 2493 1016 2598 πεπερασμένην
1047 2494 1086 2576 δέ
1118 2497 1282 2593 οὐδαμῶς
1319 2491 1385 2594 τὴν
1417 2501 1482 2574 τοῦ

277 2623 369 2698 Υἰοῦ
398 2618 548 2716 δύναμιν
573 2618 755 2720 θεωρῆσαι
782 2653 836 2702 τις
864 2618 920 2714 ἀν,
943 2617 1024 2699 οὐδὲ
1050 2617 1245 2720 διήκουσαν
1269 2615 1335 2717 μέν
1362 2617 1424 2697 έπί
1447 2649 1482 2696 τι

278 2747 351 2820 τῶν
369 2739 492 2838 ὄντων,
512 2744 576 2821 οὐκ
600 2743 785 2844 ἀρκοῦσαν
807 2739 844 2822 δὲ
870 2749 945 2826 τοῖς
969 2743 1020 2823 έτι
1044 2743 1216 2846 μείζοσιν,
1235 2743 1319 2821 ἀλλ’
1340 2739 1481 2844 ὅσαπερ

279 2863 323 2944 ἂν
340 2863 513 2960 βούλοιτο
531 2864 645 2946 ταῦτά
662 2899 700 2945 τε
720 2871 867 2969 δρῶσαν
884 2864 1051 2964 εὐκόλως,
1071 2871 1130 2947 καί
1149 2874 1223 2952 τοῖς
1241 2865 1355 2972 ἀξίοις
1372 2897 1478 2969 χαρι-
1495 2897 1541 2940 20

277 2987 427 3091 ῷμένην
452 2987 494 3070 τὸ
522 2997 597 3074 τοῖς
623 2989 717 3075 ἴσοις
744 2989 867 3096 τυχὸν,
890 2990 1003 3093 ἤγουν
1028 2995 1087 3070 καί
1115 2988 1373 3091 ύπερκειμένοις
1401 2991 1480 3068 ένα-

277 3111 475 3216 βρύνεσθαι
512 3113 649 3198 θώκοις.
700 3117 759 3194 καί
794 3111 846 3213 μή
883 3147 936 3199 τις
973 3115 1104 3196 οἰέσθω
1140 3113 1258 3218 λέγειν
1293 3112 1388 3212 ἡμᾶς
1425 3111 1481 3193 ὅτι

250 3239 463 3339 οπεριέσται
489 3237 578 3319 ποτὲ
605 3236 648 3318 τό
676 3237 857 3318 δύνασθαί
877 3273 946 3318 τινι
972 3245 1045 3318 τῶν
1066 3237 1133 3338 τὴν
1155 3244 1204 3322 εἰς
1228 3235 1338 3317 αὐτὸν
1354 3238 1482 3317 πίστιν

278 3361 518 3462 τετιμηκότων
546 3366 810 3465 δημιουργῆσαι
839 3361 905 3462 μέν
934 3360 1094 3466 οὐρανόν,
1123 3363 1228 3463 ἥλιον
1255 3358 1293 3442 δέ
1322 3363 1381 3440 καὶ
1410 3393 1478 3439 σε·

278 3483 404 3582 λήνην,
427 3483 540 3585 ἤγουν
565 3484 629 3564 τὸν
654 3490 833 3592 περιφανῆ
862 3492 935 3566 τῶν
959 3483 1121 3588 ἀστέρων
1144 3484 1255 3591 χορὸν
1279 3482 1477 3590 ἀναδεῖξαι,
1496 3520 1540 3581 ²5

279 3607 337 3685 καί
356 3607 478 3686 κτίσαι
501 3605 612 3712 τυχὸν
630 3603 809 3710 ἀγγέλους
833 3606 856 3709 ἢ
882 3613 952 3710 γῆν
971 3607 993 3709 ἢ
1018 3608 1064 3690 τά
1089 3611 1126 3689 έν
1145 3611 1247 3714 αὐτῇ.
1287 3607 1481 3709 τέτραπται

278 3728 351 3832 γάρ
378 3731 442 3808 οὐκ
468 3731 507 3808 έν
535 3730 673 3816 τούτοις
701 3731 722 3810 ὁ
749 3740 813 3811 τοῦ
841 3731 957 3834 λόγου
983 3731 1132 3830 σκοπός,
1158 3733 1243 3811 ἀλλ’
1271 3728 1327 3836 ἐφ’
1354 3728 1406 3814 οἶς
1434 3728 1481 3831 ἦν

278 3851 370 3936 εἰκὸς
393 3852 624 3948 συντείνεται,
645 3857 702 3933 καί
727 3859 792 3954 τῆς
813 3857 1140 3959 ἀνθρωποπρεποῦς
1164 3851 1418 3958 λαμπρότητος
1441 3855 1481 3933 έν

279 3975 370 4083 δόξῃ
389 3978 482 4082 φημὶ
499 3980 558 4057 καί
577 3978 748 4086 ἁγιασμῷ
773 3977 816 4057 τὸ
841 3979 1057 4083 μέτρονοιίχ
1078 3977 1292 4084 ὑπερτρέχει.
1331 3976 1389 4056 διὰ
1408 3975 1480 4081 γάρ

278 4135 333 4180 τοι
351 4110 457 4181 τοῦτο
473 4098 727 4204 περιστέλλων
745 4098 871 4204 ὥσπερ
889 4111 954 4182 τοῦ
971 4102 1086 4204 λόγου
1103 4101 1167 4184 τόν
1184 4103 1240 4208 ἐφ’
1256 4100 1344 4204 ὅπερ
1362 4100 1408 4181 ἀν
1425 4135 1480 4186 τις
1496 4139 1544 4198 30

278 4223 452 4319 βούλοιτο
481 4223 626 4328 δρόμον,
659 4229 718 4305 καί
750 4223 872 4325 μόνοις
904 4233 978 4310 τοῖς
1008 4229 1092 4330 παρ’
1124 4228 1233 4307 αὐτοῦ
1264 4225 1480 4332 παραδόξως

246 4349 543 4450 δτετελεσμένοις
570 4351 626 4430 έπί
654 4353 717 4449 τῆς
745 4353 823 4452 γῆς,
846 4349 905 4429 ὅτε
933 4350 1081 4453 γέγονεν
1109 4351 1308 4454 ἅνθρωπος,
1329 4356 1404 4430 τῶν
1428 4349 1481 4430 έτι

685 4577 727 4636 2⁶.
746 4580 787 4634 καὶ
800 4587 969 4652 assumptum
983 4597 1015 4634 ex
1029 4579 1061 4634 E.
