3238 5114
100 361 241 427 xvii.11.
280 363 339 428 IN
369 363 401 428 S.
426 363 685 428 JOANNEM.
732 363 828 430 LIB.
852 365 912 430 XI.
959 365 1060 431 cAP.
1084 365 1144 430 IX.
1233 365 1296 430 697

100 525 235 634 θρύπιρ
262 525 305 610 τὸ
332 532 396 626 τῆς
422 527 518 611 θείας
547 525 656 634 δόξης
684 525 790 634 ύνιμά
817 563 855 608 τε
883 533 942 610 καὶ
969 536 1130 634 πρᾶγμα.
1161 527 1231 610 νόει
1259 529 1297 609 δέ

99 649 224 748 πόλιν,
243 654 300 730 καὶ
330 649 437 736 σύνες
460 653 628 754 ἀκριβῶς,
657 650 754 736 ὅπως
779 650 905 734 ἑαυτὸν
931 651 998 754 τὴν
1025 651 1147 757 ζῶσάν
1173 687 1211 734 τε
1239 656 1298 734 καὶ

100 771 348 854 ένιπύστατον
366 773 515 871 δύναμιν
533 773 642 882 ἔδειξε
661 783 725 856 τοῦ
744 780 840 856 θεοῦ
858 778 917 856 καὶ
938 777 1094 882 Πατρός,
1113 777 1156 858 δι’
1183 777 1225 877 ἧς
1251 773 1298 856 τά

100 893 222 978 πάντα
240 895 433 1002 ἐργάζεται.
464 905 697 1004 προσφωνῶν
714 899 786 1002 γάρ
805 903 863 980 καὶ
880 899 998 1003 λέγων
1011 903 1149 1010 Τῆρησιν
1167 897 1297 996 αὐτούς,

59 1053 84 1113 5
102 1020 183 1126 ούχὶ
208 1019 252 1121 δὴ
269 1021 406 1106 τούτοις
434 1021 592 1122 ἠρκέσθη
617 1019 738 1120 μόνον,
756 1019 882 1104 ἑαυτὸν
907 1023 945 1104 δέ
966 1023 1079 1106 πόλιν
1095 1021 1296 1128 παρακεκό-

101 1177 205 1242 μικεν
224 1145 371 1250 εὐφυῶς,
390 1147 439 1228 ῶς
457 1144 601 1247 ἐνεργὸν
620 1151 668 1229 είς
685 1143 838 1250 τήρησιν
855 1149 914 1227 καὶ
933 1147 1082 1248 δύναμιν
1101 1149 1215 1228 οὖσαν
1232 1143 1300 1246 τὴν

102 1273 162 1350 καὶ
192 1257 241 1356 είς
267 1280 372 1352 τοῦτο
398 1271 614 1375 δραστήριον
641 1280 706 1352 τοῦ
733 1270 985 1382 γεγεννηκότος
1012 1270 1132 1354 αὐτόν·
1172 1273 1300 1379 τήρησον

102 1392 175 1496 γάρ
203 1395 321 1481 αὐτούς
349 1401 465 1500 φησιν
493 1396 523 1474 ἑν
551 1402 597 1503 τῷ
624 1396 760 1500 ὀνόματί
786 1431 845 1476 σου
872 1389 1075 1505 ᾧάέθωκάς
1102 1431 1173 1498 μοι.
1213 1395 1301 1500 ὁρᾷς

102 1525 169 1597 τοῦ
197 1515 309 1620 λόγον
335 1516 402 1617 τὴν
419 1515 637 1626 ἀσφάλειαν.
675 1517 864 1616 ἀπονέμων
887 1517 959 1622 γάρ
981 1515 1105 1620 ῶσπερ
1131 1519 1188 1597 καὶ
1213 1518 1329 1596 ἀνα-ο
1350 1540 1465 1598 om

39 1669 89 1712 ¹0
104 1643 176 1723 θεὶς
203 1643 397 1745 διαπρέπον
424 1641 516 1747 μόνῃ
542 1648 587 1748 τῇ
615 1645 679 1740 τῆς
702 1638 869 1742 θεότητος
892 1639 1002 1748 φύσει
1026 1640 1091 1741 τὴν
1118 1645 1191 1721 τῶν
1220 1639 1298 1721 καθ

103 1764 196 1862 ἡμᾶς
227 1763 427 1865 ἐπισκοπὴν
459 1768 517 1845 καὶ
548 1766 761 1864 οἰκονομίαν,
793 1766 907 1873 ἑαυτῷ
939 1763 1108 1844 δεδόσθαι
1140 1763 1206 1863 τὴν
1237 1767 1301 1864 τῆς

102 1886 270 1988 θεότητος
288 1887 399 1995 δόξαν
416 1893 636 1993 παραχρῆμα
659 1887 918 1994 διισχυρίζεται,
936 1886 995 1968 διά
1012 1885 1055 1968 τὸ
1075 1891 1138 1986 τῆς
1163 1889 1300 1991 ἀνθρω-

102 2012 259 2116 πύτητος
286 2020 423 2121 σχῆμα,
444 2013 548 2096 δοτὸν
570 2012 658 2096 εἶναι
685 2016 804 2116 λέγων
828 2013 871 2096 τὸ
897 2015 1007 2122 φύσει
1028 2013 1170 2118 προσὸν
1195 2017 1300 2121 αύτῷ,

102 2137 268 2219 τουτέστι
293 2149 315 2187 “
328 2137 371 2220 τὸ
389 2137 502 2235 ὄνομα
522 2138 565 2220 τὸ
589 2137 676 2243 ύπέρ
694 2146 768 2220 πᾶν
785 2137 932 2236 ὅνομα·”
968 2137 1051 2220 ὅθεν
1069 2141 1127 2219 καὶ
1151 2145 1299 2243 προσεῖ-
1346 2112 1413 2244 {m
1426 2112 1452 2162 st

44 2293 89 2354 15
104 2261 167 2342 ναί
188 2268 308 2368 φαμεν
326 2269 377 2370 τῷ
395 2269 473 2369 Υίφ
498 2269 663 2370 φυσικῶς
689 2262 754 2360 μὲν
772 2266 820 2348 ῶς
838 2265 877 2343 ἐκ
897 2260 1054 2368 Πατρός,
1071 2263 1302 2366 ἀνθρωπίνως

103 2383 144 2464 δέ
169 2384 261 2465 κατά
283 2383 399 2484 δύσιν,
417 2383 508 2489 ἀπερ
530 2389 579 2472 ῶς
604 2386 791 2489 ἅνθρωπος
818 2385 966 2491 δέχεται,
985 2386 1075 2466 ὅσον
1092 2391 1141 2469 εἰς
1165 2384 1304 2489 ἀνθρύ-

102 2541 175 2589 που
195 2505 308 2612 λύγον
334 2517 399 2590 τοῦ
418 2511 499 2590 καθ’
519 2508 621 2608 ἡμᾶς·
651 2510 693 2588 ού
720 2507 791 2612 γὰρ
811 2509 921 2615 φύσει
940 2507 1033 2594 θεὸς
1056 2510 1077 2589 ὁ
1105 2508 1303 2611 ἅνθρωπος,

104 2629 199 2716 Θεὸς
226 2631 263 2712 δέ
288 2631 399 2738 φύσει
417 2630 580 2737 Χριστός
608 2638 639 2712 εί
664 2636 720 2713 καὶ
746 2637 862 2714 νοοῖτο
887 2633 970 2713 καθ’
991 2632 1083 2732 ἡμᾶς
1106 2630 1165 2712 διὰ
1191 2629 1234 2713 τὸ
1262 2632 1306 2740 ἐξ

104 2755 218 2854 ἡμῶν·
977 2760 980 2769 '

46 2921 91 2960 το
160 2883 360 2984 Τηρεῖσθαι
387 2878 501 2983 γεμὴν
524 2883 628 2988 ε’ντῇ
656 2879 738 2961 καθ’
768 2879 935 2979 ὁμόνοιάν
954 2915 993 2962 τε
1021 2883 1080 2961 καὶ
1107 2887 1304 2976 ταυτοβου-

105 3003 190 3082 λίαν
211 3001 337 3084 ένῶσει
363 3003 532 3098 βούλεται
561 3002 642 3090 τούς
666 3004 829 3104 μαθητὰς
856 3005 1152 3107 ἀνακιρναμείιονς
1179 3001 1304 3107 ῶσπερ

105 3125 283 3226 ἀλλήλοις
301 3131 405 3234 ψυχῇ
422 3133 480 3209 καὶ
498 3127 673 3226 πνεύματι
696 3131 754 3208 καὶ
768 3134 824 3246 τῷ
845 3131 909 3226 τῆς
927 3124 1064 3230 είρὴνης
1082 3131 1140 3207 καὶ
1160 3134 1337 3234 φιλαλ·ῑι
1439 3144 1454 3152 “

105 3249 238 3349 ληλίας
255 3256 389 3360 θεσμῷ,
407 3252 498 3355 πρὸς
516 3255 655 3358 ἀῤῥαγῆ
683 3285 764 3332 τινα
781 3255 847 3352 τῆς
869 3249 1013 3354 ἀγάπης
1037 3249 1173 3350 δεσμόν
1192 3284 1302 3330 κατοι-

105 3374 342 3478 σφίγγεσθαι,
361 3379 410 3461 ὡς
437 3375 539 3482 μέχρι
558 3375 735 3456 τοσούτου
752 3381 942 3479 προελθεῖν
959 3371 1026 3474 τὴν
1050 3372 1190 3472 ἕνωσιν,
1209 3371 1305 3454 ῶστε

49 3529 91 3589 ²5
106 3500 165 3578 καὶ
194 3495 311 3580 είκόνα
340 3503 404 3599 τῆς
434 3503 592 3606 φυσικῆς
621 3497 795 3598 ἑνότητος,
824 3503 887 3597 τῆς
918 3499 956 3577 έν
987 3500 1108 3602 Πατρὶ
1140 3501 1199 3578 καὶ
1228 3501 1307 3606 m

108 3621 305 3722 νοουμένης,
323 3621 390 3724 τὴν
416 3619 664 3726 προαιρετικὴν
691 3617 861 3723 γενέσθαι
887 3619 1100 3726 συνάφειαν,
1127 3620 1306 3702 ἀδιάσπα-

107 3777 199 3824 στον
227 3743 394 3845 δηλονότι
428 3749 486 3826 καὶ
516 3743 775 3850 ἀκατάσχετον,
805 3744 875 3826 ύπὸ
905 3741 1055 3844 μηδενὸς
1083 3741 1126 3824 τὸ
1155 3743 1307 3842 σύμπαν

107 3873 179 3950 τῶν
198 3869 236 3948 έν
253 3875 305 3976 τῷ
326 3865 454 3978 κόσμῳ
476 3865 710 3971 πραγμάτων,
729 3869 806 3970 ἤτοι
826 3873 1055 3973 φιληδονιῶν,
1075 3873 1123 3950 είς
1141 3863 1306 3965 ἀνομοιό-

108 4025 199 4092 τητα
227 3991 439 4094 θελημιίτων
466 3989 714 4099 ε’ξελκομένην,
745 3991 996 4095 διασύζουσαν
1026 3988 1064 4070 δέ
1094 3996 1239 4089 μᾶλλον
1269 3991 1307 4070 έν

51 4157 96 4216 30
109 4115 247 4216 ε’νότητι
272 4121 318 4223 τῇ
339 4117 415 4197 κατ’
435 4116 620 4213 εὐσέβειαν
639 4119 697 4196 καὶ
723 4113 917 4218 ἁγιασμόν,
936 4114 1045 4212 ἀσινῆ
1072 4117 1137 4212 τῆς
1164 4111 1308 4216 ἀγάπης

109 4239 175 4340 τὴν
203 4239 361 4338 δύναμιν,
389 4237 409 4320 ίι
438 4244 496 4320 καὶ
523 4237 693 4342 γενέσθαι
720 4237 964 4338 συμβέβηκεν.
1006 4239 1054 4320 ὡς
1079 4235 1152 4339 γάρ
1174 4237 1212 4318 ε’ν
1229 4242 1336 4320 ταῖςο

108 4361 267 4472 πράξεσι
303 4369 375 4444 τῶν
407 4362 626 4444 ἀποστόλων
658 4362 860 4464 ἀνέγνωμεν
896 4371 918 4408 “
930 4365 1008 4441 Τοῦ
1040 4359 1203 4460 πλήθους
1234 4365 1307 4440 τῶν
1352 4344 1474 4478 ffifa

1353 4491 1392 4542 3³·

183 4592 277 4648 16-18.
297 4593 410 4652 είς-δελ
422 4600 561 4665 assumpta
572 4607 605 4648 ex
618 4589 651 4646 E.
794 4605 837 4646 αν.
856 4587 981 4660 ἀλληλοις
995 4588 1024 4646 Ε.
1039 4587 1170 4659 είλλίγλονς
1183 4587 1235 4646 Ed.

153 4693 225 4739 νου.
240 4695 278 4740 11,
690 4693 711 4752 4
727 4691 748 4735 υ
