3238 5114
137 369 213 436 xvii.
229 388 344 446 20,21.
369 367 441 431 'IN
472 368 506 431 S.
527 365 786 431 JOANNEM.
832 365 928 430 LIB.
945 367 1006 430 XI.
1044 365 1146 430 cAP.
1167 365 1227 428 XI.
1275 366 1337 429 737

138 534 264 639 ἑαυτῷ.
296 527 421 634 ὥσπερ
440 529 511 634 γάρ
530 535 592 629 τῆς
612 532 714 630 άγιάς
734 529 870 632 σαρκὸς
896 530 917 628 ἡ
944 529 1089 628 δύναμις
1112 527 1339 640 συσσώμους

137 658 308 736 ἀποτελεῖ
329 653 410 739 τοῦς
435 657 471 734 ἐν
491 654 541 740 οἷς
566 653 611 734 ἀν
639 654 786 756 γίνοιτο,
806 652 869 734 τὸν
892 653 999 748 αὐτὸν
1022 651 1118 752 οἶμαι
1146 651 1280 757 τρόπον
1302 653 1340 732 ἓν

138 777 181 860 τὸ
200 781 237 859 ἐν
253 785 368 860 πᾶσιν
387 777 581 882 ἀμέριστον
599 782 786 878 ἐνοικῆσαν
801 783 948 876 Πνεῦμα
966 783 1062 858 Θεοῦ
1080 777 1170 879 πρὸς
1191 775 1339 876 ἑνότητα

140 902 205 1002 τὴν
234 901 473 1002 πνευματικὴν
504 903 652 1004 συνάγει
684 901 766 986 τοῦς
798 901 945 984 πάντας.
997 901 1057 982 διά
1087 909 1193 982 τοῦτο
1225 900 1339 982 πάλιν

141 1160 163 1196 “
182 1161 259 1230 λων
295 1154 332 1230 ἐν
369 1151 503 1256 ἀγάπη,
536 1149 795 1254 σπουδάζοντες
832 1158 950 1253 τηρεῖν
987 1149 1053 1249 τήν
1070 1189 1072 1194 ·
1089 1149 1237 1250 ἑνότητα
1275 1159 1338 1230 τοῦ

142 1283 163 1320 “
184 1275 391 1373 Πνεῦματος
418 1276 454 1353 ἐν
477 1280 527 1382 τῷ
551 1275 745 1382 συνδέσμῳ
771 1279 833 1374 τῆς
858 1275 1007 1376 εἰρήνης,
1027 1273 1064 1354 ἓν
1085 1280 1194 1372 σῶμα
1218 1277 1276 1354 καί
1302 1272 1340 1354 ἓν

142 1408 163 1444 “
180 1405 330 1496 πνεῦμα,
351 1395 468 1482 καθὼς
496 1401 553 1478 καί
582 1397 753 1500 ἐκλήθητε
783 1402 819 1478 ἐν
845 1405 910 1504 μιᾷ
937 1399 1055 1478 ἐλπίδι
1083 1402 1147 1496 τῆς
1175 1397 1374 1498 κλήσεωςί)

141 1532 163 1568 “
184 1523 295 1620 ὑμῶν·
329 1519 377 1606 εἰς
406 1522 533 1625 κύριος,
555 1523 618 1622 μία
645 1523 778 1620 πίστις,
802 1521 840 1602 ἓν
864 1519 1066 1621 βάπτισμα,
1086 1519 1133 1607 εἰς
1162 1521 1255 1607 Θεὸς
1283 1526 1341 1602 καί

86 1679 127 1719 ιο
141 1654 163 1692 “
180 1644 300 1748 πατήρ
332 1644 488 1744 πάντων,
521 1649 541 1724 ὁ
572 1648 630 1727 ε’πί
663 1644 809 1727 πάντων
841 1650 897 1726 καί
929 1645 993 1726 ’διά
1029 1643 1175 1726 πάντων
1207 1650 1265 1727 καί
1303 1648 1342 1726 ἐν

142 1779 163 1818 “
181 1769 327 1851 πῦισιν.”
357 1767 433 1853 ἑνὸς
451 1768 523 1872 γάρ
541 1770 624 1870 ἡμῖν
643 1767 909 1881 ἐναυλιζομίνυυ
930 1776 994 1848 τοῦ
1014 1768 1234 1869 Πνεῦματος,
1252 1768 1302 1854 εἶς
1321 1772 1341 1849 ὀ

142 1899 214 1972 τῶν
233 1891 330 1973 ὅλων
351 1893 478 1996 Πατήρ
500 1896 538 1972 ἐν
556 1895 640 1994 ἡμῖν
658 1895 760 1974 ἔσται
780 1893 873 1978 Θεὸς
898 1891 940 1972 δι’
961 1899 1052 1973 Υἰοῦ
1076 1893 1167 1997 πρὸς
1193 1890 1342 1994 ἑνότητα

143 2017 315 2122 σννίχων,
329 2016 394 2116 τήν
412 2023 460 2102 εἰς
479 2017 628 2117 ἀλληλα
646 2021 703 2097 καὶ
722 2015 812 2120 πρός
830 2017 964 2114 ἑαυτὸν,
976 2015 1029 2096 Ἰτιί
1047 2025 1111 2096 τοῦ
1132 2017 1342 2116 Πνεῦματος

143 2139 286 2245 με’τοχα.
325 2141 379 2221 ὅτι
405 2140 442 2221 δὲ
469 2149 520 2250 τῷ
543 2143 657 2250 Ἀγίῳ
683 2140 867 2238 Πνεῦματι
892 2139 983 2220 κατά
1010 2139 1152 2246 με’θεξιν
1174 2141 1342 2221 σννενοά-

12 2291 41 2342 ·.·
91 2301 128 2360 ¹5
143 2270 243 2364 μεθα,
275 2264 388 2364 δῆλόν
416 2301 493 2350 πως
529 2266 631 2345 ἔσται
664 2268 722 2345 καί
751 2263 809 2343 διὰ
842 2263 979 2346 τούτου.
1029 2270 1058 2344 εἰ
1089 2263 1161 2368 γάρ
1194 2263 1343 2370 ἀφέντες

144 2385 186 2467 τῦ
218 2388 471 2470 πολιτεύεσθαι
503 2395 677 2496 φνχικιῦς,
705 2395 779 2473 τοῖς
809 2396 873 2467 τοῦ
904 2389 1112 2488 Πνεῦματος
1145 2387 1266 2488 νόμοις
1300 2387 1343 2470 τὸ

144 2508 306 2618 εἰσάπαξ
327 2521 466 2616 κρατεῖν
484 2512 843 2618 παρακεχωρήκαμεν,
861 2518 938 2598 πῶς
957 2513 998 2592 οῦ
1015 2512 1127 2592 παντί
1142 2547 1194 2620 τερ
1214 2511 1372 2618 λοιπὸνο

144 2635 406 2742 ἀναμφίλογον,
435 2637 490 2718 ὅτι
522 2636 586 2737 τήν
613 2637 703 2717 ἰδίαν
731 2635 857 2738 ὥσπερ
885 2633 977 2738 ζωὴν
1005 2634 1255 2740 ἀρνησάμενοι,
1285 2639 1343 2715 καὶ

144 2768 209 2841 τοῦ
233 2761 509 2859 συμπλακέντος
535 2762 618 2860 ἡμῖν
634 2761 762 2863 Ἀγίου
782 2759 991 2859 Πνεῦματος
1015 2759 1081 2859 τὴν
1101 2759 1343 2862 ῦιτερκόσμιον

71 2919 131 2965 ·νο
145 2884 389 2979 ἀναλαβόντες
420 2882 623 2990 μόρφωσιν,
657 2886 846 2988 μονονουχὶ
885 2886 943 2964 καὶ
979 2889 1027 2968 εἰς
1062 2883 1184 2985 ἑτὲραν
1218 2880 1343 2988 ὥσπερ

144 3005 390 3106 μεθιστάμεθα
423 3007 549 3112 φάσιν,
582 3009 645 3087 οῦκ
681 3007 863 3110 ἄνθρωποι
895 3007 1015 3106 μόνον,
1044 3005 1144 3086 ἀλλὰ
1182 3011 1239 3088 καί
1277 3010 1343 3088 υἰοί

145 3135 242 3210 Θεοῦ
260 3134 317 3210 καί
338 3125 491 3233 υῦράνιοι
511 3130 783 3235 χρηματίζοντες
801 3130 992 3235 ἀνθρωττοι,
1012 3129 1071 3211 διὰ
1094 3129 1136 3211 τό
1160 3136 1224 3231 τῆς
1248 3131 1344 3215 θείας

146 3252 292 3360 φάσεως
325 3253 579 3361 ἀποπεφάνθαι
608 3253 821 3351 κοινωνοάς;
863 3253 901 3334 ἓν
929 3263 1118 3358 τοιγαροῦν
1149 3261 1181 3334 οἰ
1213 3254 1345 3339 πάντες

145 3376 254 3475 ἐσμὲν
277 3381 315 3458 ἐν
336 3383 454 3480 Πατρί
482 3381 540 3457 καί
568 3383 646 3486 Υἰῲ
674 3382 731 3458 καί
759 3379 873 3486 Ἀγίῳ
903 3380 1096 3477 Πνεῦματι,
1120 3379 1158 3459 ἓν
1185 3377 1227 3458 δέ
1251 3383 1345 3484 φημι

94 3533 109 3575 2
115 3533 132 3592 5
147 3505 204 3582 καί
229 3507 275 3608 τῇ
303 3503 384 3583 καθ’
404 3501 480 3608 ἕξιν
498 3501 698 3600 ταυτότητι·
730 3505 857 3607 χρῆναι
877 3499 948 3604 γάρ
967 3499 1063 3600 οἶμαι
1082 3505 1345 3602 διαμεμνῆσθαι

146 3631 219 3706 τῶν
238 3629 275 3706 ἐν
295 3629 433 3733 ἀρχαῖς·
468 3629 525 3706 καί
552 3627 590 3705 ἐν
616 3626 805 3731 μορφάσει
833 3631 878 3732 τῇ
906 3627 981 3734 κατ’
1002 3626 1186 3721 εὐσέβειαν
1214 3629 1271 3706 καί
1299 3627 1378 3731 τήᾱ

148 3750 311 3856 κοινωνίᾳ
327 3753 390 3850 τῆς
409 3751 512 3852 ἁγίας
529 3745 665 3851 σαρκός
684 3757 747 3829 τοῦ
766 3754 941 3851 Χριστοῦ,
962 3751 1018 3828 καί
1036 3783 1080 3854 τη
1100 3753 1263 3858 κοινωνίᾳ
1281 3757 1344 3830 τοῦ

147 3870 225 3957 ἑνὸς
243 3877 301 3952 καί
320 3873 424 3975 ἁγίου
444 3871 663 3972 Πνεῦματος,
682 3874 841 3976 καθάπερ
859 3873 927 3974 ἤδη
944 3875 1162 3978 προείρηται.

183 4057 243 4112 6-8.
262 4057 508 4129 τηρεῖν-ίιιλήθητε
521 4059 576 4113 oin.
589 4077 616 4130 p.
771 4076 813 4114 21.
833 4059 1009 4128 μεθιστάμεθα
1022 4059 1055 4114 Ε.
1077 4101 1083 4114 .
1096 4060 1279 4130 μεθιστάμενοι
1292 4059 1342 4114 Ed.

150 4145 192 4183 22.
211 4130 256 4197 τῆς
269 4146 321 4183 om.
337 4129 367 4183 E.
476 4129 725 4200 25.ταυτότηταΕ.
834 4077 1094 4200 &finandi

592 4425 703 4474 ΔΟΞΑ
737 4424 900 4471 ΧΡΙΣΤΩ.
