3238 5114
307 258 372 326 σοι
416 233 418 244 ’
610 259 883 326 acutum
914 257 1203 326 ALEXANDR.
1302 229 1518 326 κελαι,

308 431 331 470 “
349 421 590 506 πιστευόντων
607 423 652 526 ἦν
674 425 697 525 ἡ
722 425 849 529 καρδία
876 429 934 505 καὶ
959 425 981 526 ἡ
1003 421 1107 530 ψυχὴ
1125 423 1218 523 μιἀ,”
1243 421 1281 499 ἐν
1300 415 1438 498 ἐνοῦσει
1457 417 1520 510 δη-

309 543 433 626 λονότι
452 553 498 652 τῇ
515 556 580 630 τοῦ
599 547 819 647 Πυεόματος.
858 557 966 630 τοῦτο
990 547 1061 652 γάρ
1079 535 1159 628 ἐστί
1180 547 1238 625 καὶ
1265 541 1309 622 τὸ
1337 541 1383 620 δι’
1404 537 1519 618 αὐτοῦ

310 667 423 750 πάλιν
450 673 633 774 εἰρημένον
656 681 719 752 τοῦ
749 671 902 752 Παύλου
925 668 1025 752 “Ἒυ
1052 677 1161 770 σῶμα
1184 671 1243 749 καὶ
1267 665 1322 746 ἐνι
1331 661 1518 758 πνεῦμα·”

312 802 334 840 “
352 789 390 871 ἐν
408 791 479 897 γὰρ
498 801 607 892 σῶμα
634 801 667 875 οἱ
689 794 829 876 πολλοί
853 797 964 895 ἐσμεν
985 798 1022 875 ἐν
1040 799 1204 901 Χριστῷ,
1222 797 1256 872 οἱ
1282 787 1358 891 γὰρ
1381 785 1519 868 πάντες

312 925 335 964 “
351 917 390 996 ἐκ
417 926 481 998 τοῦ
509 916 585 1003 ἐνὸς
610 919 719 1024 ἄρτου
741 919 964 1024 μετεηομενΪ
985 921 1043 998 καὶ
1056 917 1187 1001 πάντες
1206 918 1244 996 ἐν
1262 916 1313 994 ἐνὶ
1333 909 1542 1014 διακεχρί-5

311 1046 431 1140 σμεθα
452 1040 635 1138 Πνεῦματι
657 1050 709 1151 τῷ
732 1052 796 1122 τοῦ
814 1049 991 1146 Χριστοῦ.
1025 1045 1073 1126 ὡς
1100 1043 1164 1121 οῦν
1191 1037 1388 1138 ἐσομένους
1416 1067 1516 1114 συσ-

310 1163 466 1262 σῶμους,
492 1163 570 1250 ἐνός
597 1201 636 1246 τε
664 1171 722 1247 καὶ
749 1175 813 1246 τοῦ
838 1167 947 1246 αὐτοῦ
975 1163 1266 1272 συμμεθέξοντας
1285 1158 1516 1259 Πυεόματος,

310 1293 359 1372 είς
384 1287 531 1390 ἑνότητα
556 1290 756 1390 πνεύματος
784 1286 850 1388 τὴν
876 1289 1073 1390 οὐδαμόθεν
1095 1285 1351 1386 διασπωμένην
1376 1285 1441 1362 καὶ
1470 1288 1516 1365 είς

276 1418 297 1484 d
311 1408 479 1510 ὁμόνοιαν
493 1415 631 1517 ἀῤῥαγῆ
651 1417 893 1516 διατηρεῖσθαι
908 1410 1078 1507 βούλεται
1090 1411 1173 1495 τοῦς
1187 1412 1312 1490 ἐαυτοῦ
1330 1403 1513 1507 μαθητάς.

309 1540 339 1614 εἰ
366 1535 409 1615 δέ
431 1570 483 1620 τις
510 1536 588 1637 δοίη
616 1538 675 1616 καὶ
702 1537 777 1616 κατ’
809 1539 940 1616 ἐκεῖνον
969 1535 1035 1634 τὴν
1063 1535 1197 1637 τρόπον
1224 1535 1397 1613 ἐνοῦσθαι
1432 1529 1515 1612 τοὺς
1528 1557 1556 1598 1⁰

309 1657 483 1758 μαθητὰς,
530 1657 654 1763 ὥσπερ
683 1658 802 1740 οὖνέν
829 1665 922 1739 εἰσιν
950 1661 970 1739 ὁ
997 1657 1128 1762 Πατὴρ
1164 1660 1222 1736 καὶ
1250 1657 1271 1735 ὁ
1299 1655 1402 1752 Υἱός,
1434 1655 1514 1758 οὐχὶ

309 1778 420 1881 μόνον
438 1781 529 1862 κατὰ
556 1779 622 1883 τὴν
649 1784 787 1882 οὐσίαν,
807 1781 984 1863 ἀλλὰκαὶ
1012 1779 1105 1862 κατὰ
1127 1780 1193 1882 τὴν
1211 1779 1411 1879 βούλησιν·
1450 1777 1517 1876 μία

310 1903 382 2008 γὰρ
401 1904 551 2006 θέλησις
568 1909 606 1986 ἐν
624 1913 669 2012 τῇ
688 1907 773 2014 ἁγία
788 1906 907 2013 φύσει,
925 1909 982 1985 καὶ
995 1905 1038 1985 τὸ
1051 1911 1099 1990 εἷς
1116 1912 1190 1986 πᾶν
1208 1907 1326 1984 ὁτιοῦν
1339 1901 1515 2000 βούλημα

311 2028 454 2109 τοῦτόν·
496 2030 618 2110 νοείτω
637 2033 696 2111 καὶ
721 2031 845 2114 οὕτως.
885 2030 928 2110 οῦ
953 2027 1025 2132 γὰρ
1047 2029 1117 2136 ἔξω
1136 2033 1309 2124 βαδιεῖται
1327 2031 1516 2127 λογισμοῦ

311 2161 377 2234 τοῦ
404 2152 632 2254 καθήκοντος,
652 2155 779 2234 ἐπείτοι
803 2155 862 2233 καὶ
881 2152 923 2233 τὸ
942 2156 980 2233 ἐν
1004 2151 1152 2253 θελήσει
1173 2149 1304 2232 τοῦτὸν
1329 2149 1515 2251 θεωρῆσαι
1529 2167 1558 2226 ¹5

312 2310 365 2360 τις
394 2273 439 2356 ἂν
465 2277 566 2380 παρά
593 2312 636 2380 γε
663 2285 736 2362 τοῖς
764 2277 875 2362 ὅντως
893 2283 1135 2381 Χριστιανοῖς,
1158 2283 1187 2356 εί
1215 2277 1272 2355 καὶ
1300 2273 1351 2374 μὴ
1378 2275 1419 2352 ἐν
1444 2273 1514 2378 ἴσῳ

311 2399 413 2508 τόπῳ
441 2399 483 2481 τὸ
508 2403 701 2500 ὁμοοιίσιον
724 2403 780 2510 ἐφ’
800 2401 893 2500 ἡμῖν,
922 2400 1082 2504 καθάπερ
1109 2403 1166 2481 ἐπὶ
1185 2397 1331 2502 Πατρός
1360 2400 1422 2477 καὶ
1450 2405 1513 2476 τοῦ

312 2523 356 2630 ἐξ
372 2524 481 2604 αῦτοῦ
499 2558 537 2604 τε
558 2527 616 2604 καὶ
634 2527 672 2604 ἐν
690 2527 786 2633 αὐτῷ
805 2531 902 2605 Θεοῦ
921 2523 1053 2627 Λόγου.

265 2739 389 2817 ηὈτε
420 2741 506 2818 ιίμιιν
540 2743 609 2819 μετ’
646 2745 765 2826 αὐτῶν,
800 2745 867 2820 esd>
903 2745 1042 2836 ὲτιίρουυ
1077 2743 1195 2810 αὐτοὺς
1224 2741 1259 2809 ἐν
1290 2745 1339 2826 τῷ
1373 2737 1511 2818 ὀνόματί

364 2889 422 2933 σου
457 2863 486 2954 ᾦ
517 2867 667 2936 δὲδωκάο
701 2893 767 2952 μοι,
803 2869 857 2936 καί
893 2871 1043 2958 ἐφύλαξα
1080 2869 1208 2949 αὐτοὺς,
1241 2869 1294 2933 καὶ
1329 2866 1440 2933 οὐδεὶς
1477 2868 1553 2934 ἔξεο

363 2991 473 3059 αὐτῶν
501 2993 666 3076 ἀπώλετο,
696 2994 724 3061 εἰ
753 2998 797 3073 μῦ
826 2999 844 3064 ὁ
874 2993 943 3065 υἷὸα
974 3000 1034 3063 τῦε
1065 2993 1244 3074 ἀπωλείας,
1268 2993 1322 3059 ἵνα
1350 2993 1369 3058 ἐι
1403 2993 1509 3082 τροφὴ

264 3153 301 3211 13
364 3125 537 3210 πληρωθῇ·
574 3125 630 3186 νῦν
657 3119 693 3186 δὲ
722 3123 806 3212 πρός
833 3127 869 3188 οέ
895 3121 1041 3211 ἔρχομαι.

148 3307 303 3368 mm
371 3277 526 3383 Πρόεισί
553 3317 630 3366 πως
662 3283 754 3362 κατὰ
784 3282 905 3388 βραχὺ
931 3281 1023 3387 πρὸς
1049 3281 1319 3387 ἐμφανεστέραν
1349 3280 1511 3381 δήλωσιν

313 3410 379 3483 τοῦ
394 3407 560 3509 Σωτῆρος
585 3407 605 3486 ὁ
631 3405 751 3509 λόγος,
771 3407 1050 3506 διεσκιασμένως
1075 3406 1114 3487 δέ
1133 3411 1180 3491 ὡς
1199 3409 1236 3486 ἐν
1254 3409 1392 3510 α’ρχαῖς,
1413 3408 1511 3506 διαγ-

314 3524 484 3628 γέλλεται
517 3528 585 3628 ἤδη
618 3533 676 3609 καὶ
704 3532 972 3628 ἐκκαλύπτεται,
1002 3529 1163 3634 καθάπερ
1195 3532 1234 3610 ἐκ
1262 3534 1437 3635 χειμῶνος
1467 3535 1510 3611 εἷς
1523 3556 1548 3614 ²5

314 3650 431 3728 εὐδίαν
449 3651 676 3748 μεταβαλών·
708 3652 822 3761 ᾤοντο
839 3653 995 3759 μὲνγὰρ
1014 3659 1047 3734 οἱ
1064 3653 1230 3756 μακάριοι
1249 3656 1407 3752 μαθηταὶ
1425 3651 1510 3755 πρὸς

313 3778 457 3874 πολλῆς
483 3777 601 3860 αῦτοΐς
620 3776 770 3857 ἔσεσθαι
795 3775 918 3880 ζημίας
943 3787 1007 3858 τοῦ
1027 3781 1194 3878 Σωτῆρος
1217 3777 1318 3876 ἡμῶν
1340 3774 1408 3874 τὴν
1427 3774 1511 3855 ἀπό

314 3903 449 4005 λειψιν,
469 3899 637 3999 δῆλονδέ
663 3899 718 3980 ὅτι
743 3900 809 4001 τὴν
830 3901 922 3999 μετὰ
950 3899 1088 4006 σαρκὸς
1115 3900 1319 4000 νοουμένην·
1356 3907 1509 3980 συνεῖναι

315 4019 387 4122 γὰρ
406 4026 454 4106 ὡς
474 4023 567 4108 Θεὸς
590 4023 719 4127 οἷσπερ
739 4023 784 4103 ἂν
801 4025 979 4123 βούληται
1001 4023 1044 4104 τὸ
1070 4023 1210 4104 κωλῦον
1229 4021 1343 4104 οὐδέν·
1381 4059 1509 4128 προσε-

316 4143 432 4226 δόκων
451 4145 489 4226 δέ
514 4145 568 4226 ὅτι
588 4133 762 4228 διασώσει
788 4147 854 4248 μὲν
872 4145 999 4232 αὐτοῦς
1028 4149 1149 4244 οὐδεὶς,
1169 4147 1443 4252 ἀναληφθέντος
1469 4154 1543 4231 εἱςιΟ

282 4266 469 4371 δοῦρανὸν
487 4277 550 4350 τοῦ
568 4275 742 4373 Χριστοῦ,
762 4271 1013 4374 προκείσονται
1036 4269 1073 4351 δέ
1098 4278 1171 4356 τοῖς
1188 4269 1357 4350 ἐθέλουσι
1375 4280 1508 4366 κακοῦν,

356 4441 396 4478 11.
415 4425 487 4480 ὁαΙι.
500 4435 669 4496 assumptum
681 4444 713 4480 ex
727 4427 758 4480 E.
923 4445 963 4500 ¹9·
982 4427 1073 4483 αὐτοὺς
1085 4445 1138 4482 om.
1152 4427 1185 4482 Ε.
1207 4437 1209 4440 ’
1342 4445 1386 4496 τ4.
1405 4428 1507 4484 διεσιω-

318 4497 408 4559 σμένοι
422 4495 455 4550 Ε.
600 4509 641 4566 27.
661 4497 796 4568 ἀπόληψιν
808 4497 841 4552 Ε.
983 4515 1025 4570 29.
1045 4499 1104 4552 θεὸν
1117 4499 1149 4553 Ε.
