3118 5132
22 311 112 380 ximl.
166 316 247 382 IN
295 317 352 384 S.
390 319 423 383 J
434 318 689 386 OANNEM.
736 320 831 386 LIB.
855 319 915 387 IX.
962 320 1116 386 CARI.
1237 323 1298 384 441

27 477 125 584 λίριος
143 482 187 564 δὲ
212 484 375 572 αὐτός
398 519 415 581 ;
461 489 501 565 εἰ
520 483 596 589 γιίρ
614 487 672 566 καί
691 489 757 570 υἰοί
776 485 979 587 κεκλήμεθα
998 489 1106 582 Θεοῦ,
1126 482 1191 585 τὴν
1210 485 1302 564 ἰδίαν

31 603 114 708 θέσιν
140 609 273 690 οὐδὲν
317 611 481 711 ἧττον
518 610 823 712 ἐπιγινώσκοντες,
853 612 917 691 οὐκ
953 607 1201 714 αἰσχυνόμεθα
1236 607 1303 707 τὴν

34 727 127 837 ἰόῇν·
158 734 307 820 αὐτὸς
347 735 405 815 δὲ
445 733 536 814 εἰπέ
555 768 626 832 μοι,
646 734 705 814 διά
721 737 829 816 ποίαν
847 736 974 848 αἰτίαν,
992 734 1089 837 εἰπερ
1113 735 1192 813 ε’στί
1217 734 1300 813 καθ’

6 860 7 863 “
36 853 114 954 ἡμᾶς,
131 862 197 938 καὶ
222 861 333 940 κατ’
368 856 502 938 οὐδὲν
519 865 591 937 τῶν
608 857 815 958 κτισμάτων
833 863 872 940 έν
889 859 1063 956 ἀμείνοσι,
1081 856 1173 938 κατοί
1185 849 1237 961 Ιγε
1258 856 1336 938 τὸδ

22 975 75 1076 διο)
101 979 194 1064 εἰναι
240 982 378 1064 κατὰ
428 980 552 1088 φύσιν
581 983 686 1067 θεός·
729 991 837 1064 τοῦτο
870 982 943 1087 γάρ
974 989 1048 1066 τοῖς
1080 980 1303 1066 ἀπαιδεύτοις

44 1107 129 1185 δοκεῖ·
173 1110 222 1188 τί
263 1105 337 1208 μὴ
386 1107 484 1204 μεθ’
514 1106 614 1205 ἡμῶν
640 1107 816 1210 ὁμολογεῖ
842 1107 910 1208 τὴν
934 1108 1124 1204 δουλείαν;
1168 1105 1234 1205 τὴν
1265 1103 1304 1184 δέ

49 1230 267 1330 τρέπουσαν
299 1233 383 1311 καὶ
417 1228 651 1329 ἀνακειμένην
674 1232 792 1315 ἰδικῶς
819 1236 864 1336 τῇ
892 1232 969 1338 θείᾳ
998 1231 1109 1336 φύσει
1136 1228 1243 1328 τιμήν
1264 1262 1303 1308 τε

58 1358 102 1434 καί
127 1356 258 1464 δόξαν
295 1357 445 1460 ἑαυτῷ
473 1356 635 1457 περιθεὶς,
657 1361 731 1438 τοῖς
758 1356 873 1458 οἰγίοις
899 1360 1075 1454 μαθηταῖς
1103 1352 1302 1456 εὑρίσκεται

60 1479 168 1580 λέγων
189 1492 215 1528 “
231 1485 398 1578 Ὑμεῖς
420 1477 569 1557 καλεῖτέ
581 1511 626 1577 με
644 1477 693 1558 Ὁ
714 1477 833 1582 κύριος
858 1481 917 1558 καί
943 1480 964 1558 δ
988 1477 1221 1575 διδάσκαλος,
1243 1479 1302 1556 καί
1347 1484 1447 1613 {3³:⁸3

33 1614 79 1664 ¹³⁶⁶
94 1613 226 1690 καλῶς
257 1604 427 1706 λέγετε·
458 1603 527 1702 εἰμί
552 1600 658 1707 γιίρ.”
696 1606 754 1682 καί
780 1611 893 1683 ταῦτα
918 1600 983 1701 μέν
1003 1603 1023 1682 δ
1042 1601 1182 1704 Σωτήρ·
1213 1606 1246 1680 οἰ
1264 1597 1303 1680 δέ

65 1732 167 1810 καλοί
197 1764 247 1810 τε
284 1731 360 1807 καὶ
390 1727 522 1827 ἀγαθοὶ
549 1732 621 1806 τῶν
645 1729 722 1807 κατ’
746 1729 855 1807 αὑτοῦ
883 1722 1074 1829 δογμάτων
1098 1727 1301 1826 εἰσηγηταὶ,

64 1853 272 1934 ἐπαινοῦσι
304 1849 381 1950 μέν
401 1849 556 1952 λέγοντα
573 1853 632 1930 καὶ
650 1849 917 1950 διατεινόμενον,
936 1855 984 1935 ὡς
1009 1851 1061 1949 εἰη
1085 1855 1334 1950 παναληθῶςο

66 1977 319 2078 καλούμενος
360 1972 504 2078 Κύριος,
533 1978 596 2074 τῆς
633 1972 672 2056 δέ
704 1975 795 2056 κατὰ
827 1973 943 2081 φύσιν
974 1973 1179 2077 κυριότητος
1210 1973 1300 2079 ἔξω·

67 2105 228 2184 θοῦντες
264 2095 388 2180 αὐτὸν
416 2096 474 2177 διοί
500 2106 565 2178 τοῦ
593 2096 644 2198 μὴ
671 2099 874 2194 βούλεσθαι
901 2096 997 2178 Θεὸν
1024 2101 1063 2176 ἐκ
1091 2103 1186 2178 Θεοῦ
1212 2095 1305 2175 κατὰ

29 2243 55 2298 ¹5
68 2225 200 2327 φύσιν
241 2225 460 2322 ὁμολογεῖν,
493 2225 551 2302 καί
582 2227 647 2322 τῆς
682 2224 817 2302 ἑαυτῶν
847 2223 1039 2326 βδελυρίας
1077 2220 1123 2301 τά
1159 2220 1304 2302 πάντων

69 2349 281 2454 αἴσχιστα
311 2353 524 2448 κατηγορεῖν
551 2348 592 2426 οὐ
619 2345 864 2427 πιστεύουσιν.

123 2471 238 2553 Ὅτι
258 2467 340 2572 γάρ
358 2469 421 2548 οὐκ
439 2472 477 2550 έν
494 2477 568 2555 τοῖς
583 2469 649 2570 τὴν
667 2468 837 2570 δουλικὴν
856 2470 981 2575 έχουσι
999 2469 1114 2577 τάξιν,
1133 2468 1213 2550 οὐδὲ
1231 2475 1304 2556 τοῖς

69 2603 152 2675 τῶν
174 2592 401 2698 γεγονότων
419 2591 634 2696 καταλόγοις
652 2595 853 2696 ἐναρίθμιος
870 2591 958 2674 εἰναι
976 2595 1157 2693 βούλεται,
1177 2595 1306 2692 βλέπει

74 2721 114 2800 δὲ
135 2727 311 2822 μᾶλλον
329 2722 378 2802 εἰς
395 2715 462 2816 τὴν
480 2719 632 2798 ε’νοῦσαν
650 2719 747 2826 αὐτῷ
769 2716 860 2798 κατὰ
878 2719 993 2826 φύσιν
1010 2718 1226 2822 ἐλευθερίαν,
1247 2721 1306 2798 καί

43 2843 139 2924 ῑῡάτε
163 2845 335 2948 γέγονεν
353 2843 455 2946 ε’ντῇ
479 2849 544 2922 τοῦ
568 2841 699 2923 δούλου
717 2849 853 2950 μορφῇ,
872 2845 929 2922 καὶ
955 2842 1013 2923 διά
1037 2845 1165 2923 τούτου
1187 2842 1335 2942 συνῆ-ο
1363 2861 1425 2918 ’191
1434 2859 1475 2918 Α.

74 3003 180 3054 σεις.
226 2967 386 3072 ἀφίκετο
417 2963 483 3064 μέν
512 2965 583 3068 γάρ
615 2969 653 3046 ἐν
683 2965 944 3073 Καφαρναοὺμ,
973 2967 1134 3069 καθάπερ
1165 2969 1203 3046 έν
1231 2973 1305 3050 τοῖς

73 3092 329 3196 εὐαγγελίοις
361 3091 572 3192 ἀνέγνωμεν·
616 3095 649 3169 οἰ
680 3087 718 3170 δέ
750 3099 814 3170 τοῦ
845 3089 936 3170 κατὰ
969 3092 1079 3190 νόμον
1109 3087 1306 3194 διδράχμον

73 3217 318 3320 πράκτορες,
356 3211 483 3322 Πέτρῳ
518 3212 731 3316 προσιόντες
767 3215 930 3319 ἔφασκον
963 3225 984 3262 “
1001 3217 1049 3295 ‘O
1085 3212 1305 3298 διδάσκαλος
1349 3222 1475 3352 ξέξᾚλ·

75 3353 100 3388 “
119 3346 243 3442 ὑμῶν
265 3339 312 3418 αὖ
335 3344 435 3418 τελεῖ
456 3335 498 3418 τὸ
521 3339 718 3442 δίδραχμον
731 3338 762 3432 ;”
789 3341 848 3417 καί
874 3337 994 3439 ἐπειδὴ
1018 3346 1123 3419 τοῦτο
1141 3335 1306 3441 Χριστὸς

35 3487 63 3542 ³5
77 3465 305 3559 διεπάθετο,
340 3462 379 3540 τί
412 3457 504 3564 πρὸς
537 3461 601 3542 τὸν
633 3462 774 3565 Πέτρον
809 3461 1033 3564 ἀπεκρίνατο,
1072 3465 1206 3544 δίκαιον
1243 3463 1306 3544 οὖν

78 3597 178 3670 ἰδεῖν
204 3597 235 3636 “
251 3591 306 3665 Οἰ
331 3591 498 3680 βασιλεῖς
529 3589 594 3684 τῆς
625 3589 693 3688 γῆς
724 3584 796 3667 ἀπὸ
824 3587 931 3666 τίνων
959 3585 1193 3686 λαμβάνουσι
1222 3593 1306 3688 κῆν-
1351 3620 1441 3682 mas.

79 3725 103 3760 “
124 3747 209 3794 σον
233 3709 259 3810 ἢ
286 3707 402 3810 τέλη,
433 3707 506 3790 ἀπὸ
525 3716 598 3790 τῶν
617 3713 715 3808 υἰῶν,
736 3709 760 3812 ἢ
778 3709 850 3791 ἀπὸ
870 3719 942 3792 τῶν
960 3714 1165 3814 ἀλλοτρίων
1180 3711 1213 3811 ;”
1244 3723 1308 3794 τοῦ

81 3837 124 3916 δὲ
147 3833 309 3937 Πέτρου
326 3839 455 3941 σοφῶς
473 3868 512 3914 τε
530 3837 589 3913 καί
607 3841 782 3941 νουνεχῶς
799 3833 863 3916 τὸν
881 3839 946 3936 τῆς
970 3838 1163 3934 βασιλείας
1187 3839 1303 3917 ἀλλό-

83 3997 212 4066 τρων,
245 3958 339 4039 ὅσον
366 3964 414 4042 εἰς
441 3957 544 4060 γένος
571 3961 628 4039 καί
656 3956 723 4058 τὴν
750 3958 832 4040 καθ’
860 3961 952 4062 ἡμᾶς
980 3960 1172 4060 νοουμένην
1199 3966 1305 4063 ἀγχι-

42 4119 75 4172 3³
87 4088 245 4182 στείαν,
257 4085 467 4164 ἀποκεῖσθαι
486 4089 559 4164 δεῖν
576 4090 649 4168 τοῖς
667 4089 815 4182 θεσμοῖς
832 4083 855 4185 ἢ
874 4092 948 4168 τοῖς
966 4081 1113 4163 τέλεσιν
1126 4080 1307 4183 ὁμολογή-

90 4241 255 4306 σιυττος,
287 4207 388 4293 εὐθὺς
425 4205 604 4311 ε’ττήγαγεν
637 4209 657 4288 ὁ
688 4207 851 4311 Χριστὸς
883 4209 996 4312 ἑαυτῷ
1027 4205 1093 4306 τὴν
1128 4209 1339 4308 θεοπρεπῆι)

98 4333 308 4440 μαρτυρίαν
327 4335 375 4415 ὡς
399 4333 545 4432 ἀληθῶς
570 4335 723 4413 ε’νοῦσαν
740 4331 955 4434 προσνέμων
974 4327 1108 4432 “”Αρα
1133 4363 1174 4432 γε
1201 4331 1302 4410 έλειί-
1351 4357 1392 4408 lb.
1407 4357 1445 4409 ιο.

214 4567 261 4622 25.
279 4552 429 4625 ἀποκρίνων
442 4553 475 4610 Ε.
879 4551 922 4608 28.
941 4549 1046 4624 σοφῶς]
1061 4552 1154 4622 σαφῶς
1167 4551 1199 4610 Ε.

141 4657 222 4704 τοι..
239 4655 279 4702 11.
692 4659 711 4724 3
728 4657 746 4701 L
