3248 5112
84 337 227 405 xiv.11.
285 342 343 408 IN
373 345 406 410 S.
431 345 688 414 JOANNEM.
735 349 830 414 LIB.
855 347 914 412 IX.
961 346 1117 413 CARI.
1236 347 1300 410 449
1395 406 1402 417 .

1162 507 1295 540 λΙλ

88 500 226 602 ἀμέλει
245 511 305 588 καὶ
324 510 431 596 αὐτὸς
453 515 490 593 ε’ν
510 515 629 618 Πατρὶ
654 518 713 595 καὶ
736 515 756 594 ὁ
775 513 905 618 Πατὴρ
926 515 963 594 ἐν
981 515 1090 620 αύτῷ·
1120 514 1178 591 δια
1196 545 1231 590 τι
1250 544 1300 608 μη

91 627 242 731 μακρὸν
259 633 501 721 ἀνατείνοντες
524 636 588 719 τὸν
606 639 748 745 αὐχένα,
767 642 826 719 καὶ
850 635 997 745 ὑψηλὸν
1015 644 1089 721 τοῖς
1114 637 1301 716 ὑπαντῶσι

93 753 298 840 δεικνύντες
316 755 359 837 τὸ
377 759 588 862 πρόσωπον,
605 762 696 860 μετὰ
713 762 917 866 πορῤησίας
934 761 1054 868 φαμέν
1069 757 1170 862 Ἐγὼ
1194 759 1232 838 ε’ν
1250 763 1302 865 τῷ

94 880 259 986 Χριστῷ
283 884 342 960 καὶ
366 883 568 988 ὁΧριστὸς
591 889 628 968 ἐν
646 889 735 986 ε’μοί·
768 885 974 990 όὲωροικῶς
997 884 1058 984 ἐμὲ
1083 884 1215 988 ἑώρακε
1237 879 1302 962 τὸν

63 1017 82 1074 5
98 1002 288 1104 Χριστόν·
308 1005 379 1108 ε’γῶ
399 1011 457 1088 καὶ
475 1009 495 1088 ὁ
513 1010 676 1113 Χριστὸς
694 1012 732 1091 έν
749 1013 886 1110 ε’σμεν;
912 1007 988 1090 εἶτα
1005 1010 1042 1089 τί
1057 1007 1099 1088 τὸ
1118 1010 1299 1102 ἐντεῦθεν;

93 1127 163 1204 οὐκ
194 1123 242 1206 ἂν
273 1125 375 1229 οἶμαί
400 1166 454 1216 τις
482 1135 722 1215 καταδείσειεν
749 1137 874 1238 ὀρθῶς,
902 1135 978 1214 οὐδ’
1008 1132 1054 1213 ἂν
1081 1129 1332 1230 κατοκνήσαιο

93 1247 313 1350 πρεπόντως
335 1253 386 1334 ἔτι
411 1266 516 1337 τοῦτο
540 1257 627 1338 αὐτὸ
653 1257 765 1364 φάναι
788 1255 980 1360 τολμήσας
1005 1259 1063 1337 καὶ
1087 1259 1169 1360 περὶ
1193 1245 1303 1336 αὐτοῦ

94 1373 234 1456 λοιπὸν
254 1382 363 1458 εἰπεῖν
387 1389 451 1460 τοῦ
476 1381 621 1486 Πατρός
639 1382 738 1486 Ἐγὼ
763 1385 822 1463 καὶ
848 1385 868 1463 ὁ
895 1382 1023 1486 Πατὴρ
1049 1382 1086 1461 ἕν
1108 1384 1230 1479 ἐσμεν.
1272 1384 1302 1458 εί

95 1497 172 1602 γὰρ
193 1501 235 1579 ἕν
253 1503 355 1582 ε’στιν
373 1505 393 1582 ὁ
414 1505 543 1612 Πατὴρ
565 1507 655 1610 πρὸς
680 1507 744 1588 τὸν
761 1507 861 1606 Υὶὸν,
880 1515 957 1592 πῶς
975 1508 1038 1586 ούκ
1056 1507 1153 1613 αὐτῷ
1172 1501 1302 1583 λοιπὸν

52 1652 84 1693 ¹0
97 1625 333 1728 ίσομοιρήσει
360 1633 411 1734 τῷ
436 1634 565 1734 Πατρῖ,
584 1631 686 1712 εἰκῶν
710 1633 991 1734 ἀπαράλλακτος
1019 1626 1303 1732 ἀπαραλλάκτον

95 1747 263 1849 γεγονὼς
280 1749 423 1851 εἰκόνος,
441 1753 603 1835 τουτέστι
621 1765 685 1837 τοῦ
703 1761 818 1854 Υίοῦ;
848 1757 902 1840 τίς
920 1757 983 1835 οὖν
1000 1755 1071 1857 ἄρα
1088 1749 1179 1856 πρὸς
1197 1760 1304 1832 τοῦτο

96 1873 232 1967 μανίας
259 1875 516 1980 κατοιχήσετοιί
535 1913 634 1976 ποτε,
653 1883 702 1963 ῶς
727 1878 911 1978 τολμήσαι
938 1877 1057 1980 λέγειν
1074 1879 1122 1957 Ὁ
1141 1875 1304 1978 ἑωρακὼς

95 1996 159 2094 ἐμὲ
185 1997 321 2100 ε’ῶρακε
346 2000 409 2080 τὸν
429 2001 606 2105 Χριστόν·
645 2002 716 2107 ε’γῶ
740 2006 799 2084 καὶ
825 2001 1026 2106 ὁΧριστὸς
1050 2002 1088 2082 ἕν
1110 2003 1244 2100 ε’σρεν;
1273 2005 1303 2078 εί

95 2121 174 2225 γὰρ
195 2129 374 2226 σχετικῶς
392 2128 451 2206 καὶ
470 2129 512 2206 οὐ
530 2126 622 2208 κατὰ
640 2127 754 2235 φύσιν
771 2127 956 2227 ἀπονέμεις
977 2131 1028 2234 τῷ
1046 2130 1123 2232 Υὶῷ
1148 2123 1190 2204 τὸ
1214 2121 1336 2203 εἶναιᾱ

53 2273 85 2332 ¹5
97 2250 135 2326 ἐν
162 2253 218 2354 τῷ
250 2251 377 2352 Πατρὶ,
403 2249 496 2355 ἔχειν
519 2285 558 2332 τε
586 2254 624 2332 ἐν
648 2254 762 2360 ἐοντῲ
787 2251 851 2333 τὸν
874 2249 1030 2354 Πατέρα,
1059 2249 1151 2329 οὕτω
1179 2245 1217 2328 δὲ
1245 2249 1303 2327 καὶ

97 2374 204 2472 ἡμεῖς
223 2373 263 2450 ἓν
282 2376 435 2482 Χριστῷ
460 2378 519 2456 καὶ
537 2375 699 2481 Χριστὸς
723 2379 761 2456 ἐν
780 2377 874 2477 ἡμῖν·
903 2381 1047 2478 πρῶτον
1064 2372 1129 2474 μὲν
1148 2374 1186 2452 ἐν
1203 2369 1304 2479 τάξει

73 2501 148 2602 ’τῇ
179 2496 265 2608 καθ’
286 2495 378 2596 ἡμᾶς
406 2499 426 2577 ὁ
450 2498 548 2598 Υἱὸς,
566 2497 642 2581 εἶτα
669 2499 711 2580 τὸ
738 2498 879 2582 κωλύον
901 2497 1001 2580 οὐδέν
1025 2496 1305 2600 παρελάσαντας

98 2623 164 2700 καὶ
191 2618 313 2718 αὑτὸν,
332 2627 363 2700 εὶ
385 2624 615 2722 βουλοίμεθα,
634 2623 698 2705 τὸν
716 2622 815 2723 Υὶὸν,
835 2627 882 2710 ῶς
907 2622 965 2705 διὰ
988 2623 1102 2722 μέσον
1126 2622 1300 2720 κείμενον,

99 2745 159 2826 ἐπ’
180 2741 292 2824 αι’σόν
308 2741 433 2850 ῶσπερ
451 2747 676 2852 εύθυδρορεΐν
692 2748 756 2828 τὸν
776 2747 933 2852 Πατέρα,
952 2749 1009 2828 καὶ
1035 2748 1131 2854 αὐτῷ
1151 2779 1299 2848 προσω-

54 2907 88 2948 20
99 2873 289 2968 μοιῶσθαι
314 2869 433 2970 λέγειν
452 2871 543 2970 ἡμᾶς
568 2875 680 2956 οὕτως
705 2874 872 2974 ἀκριβῶς,
891 2875 938 2956 ῶς
960 2870 1070 2971 μηδὲν
1088 2872 1243 2972 ὁρᾶσθαι
1261 2866 1304 2947 τὸ

100 2991 340 3076 διαλλάττον.
378 2994 514 3100 τὸγὰρ
537 2996 575 3077 ἓν
593 2994 681 3076 εἶναι
704 2993 795 3100 πρός
817 3030 851 3075 τι
876 2996 1049 3098 λέγεσθαι
1074 2991 1241 3089 τοιαύτην
1259 2991 1304 3070 ῶν

102 3117 184 3222 ἔχοι
204 3115 274 3216 τὴν
292 3119 453 3220 δύναμιν.
492 3117 548 3224 ἆρ’
569 3123 631 3202 οὖν
650 3123 716 3227 οὐχ
734 3123 839 3223 ὁρᾶτε
857 3125 905 3203 είς
924 3119 1016 3220 ὅσην
1034 3119 1151 3200 αὐτοῖς
1168 3117 1333 3194 ἄσσα-θ

98 3241 193 3322 σίαν
221 3276 261 3322 τε
289 3244 379 3341 ὁμοῦ
406 3247 464 3324 καὶ
491 3244 661 3340 ἀσέβειαν
689 3245 893 3325 κατόλισθε
920 3241 966 3323 τὰ
993 3239 1216 3348 φρονήματα,
1245 3241 1303 3320 καὶ

104 3365 213 3446 ὅσων
231 3365 316 3465 ἡμῖν
333 3375 524 3470 λογισμῶν
539 3369 684 3450 ἀτόπων
701 3368 940 3474 εἷσπεπήδηκε
958 3367 1135 3468 θόρυβος;

55 3521 88 3580 ²5
158 3487 232 3574 Τίς
258 3491 363 3591 οὖνὴ
387 3491 574 3598 πρόφασις
601 3501 664 3574 τοῦ
692 3503 805 3574 ταῦτα
832 3495 949 3595 λέγειν
971 3493 1030 3570 καὶ
1057 3485 1302 3583 διατείνεσθαι,

101 3619 161 3694 καὶ
192 3621 269 3698 τοῖς
297 3617 408 3700 οὕτως
435 3615 560 3700 ἑώλοις
588 3617 821 3723 ἐπινήχεσθαι
848 3617 972 3718 λόγοις
999 3613 1137 3713 αὐτοὺς,
1161 3615 1229 3716 ε’ρῶ
1258 3612 1303 3713 δὴ

99 3737 232 3820 πόλιν.
271 3739 410 3824 σκοπὸς
437 3739 486 3824 εἷς
513 3743 640 3840 αὐτοῖς,
658 3739 854 3846 ἀλλότριόν
875 3775 913 3823 τε
941 3745 999 3821 καὶ
1027 3741 1186 3849 ἔκφυλον
1206 3773 1299 3819 παν-

100 3868 222 3946 τελῶς
239 3866 304 3961 τῆς
321 3871 385 3943 τοῶ
406 3861 551 3966 Πατρός
576 3866 701 3950 οὐσίας
725 3867 909 3974 ἀποφῆναι
930 3864 995 3944 τὸν
1013 3865 1115 3945 Υὶόν.
1156 3862 1209 3942 ὅτι
1232 3861 1304 3964 γὰρ

101 3983 343 4087 ἀληθεύοντες
370 3985 416 4067 τὰ
440 3987 587 4068 τοιαῦτά
614 4001 745 4096 φαμεν,
775 3992 913 4069 ἐκτῶν
940 3987 1071 4094 ἐφεξῆς
1100 3989 1158 4066 καὶ
1186 4018 1300 4086 παρε-

57 4107 307 4212 ιοζευγμένων
347 4119 424 4194 ταῖς
463 4112 652 4216 προτέραις
699 4115 807 4192 αὐτοῦ
853 4111 1071 4217 δυσφημίαις
1117 4107 1333 4208 είσόμεθο.ιι
1354 4131 1419 4188 ’197
1429 4131 1468 4186 A.

102 4233 233 4338 ε’πύγει
262 4233 335 4339 γὰρ
372 4237 484 4320 οὕτως
513 4298 535 4336 ,,
549 4237 659 4316 Ἀλλ’
690 4237 815 4340 ὥσπερ
847 4235 955 4335 ἡμεῖς,
986 4236 1111 4340 φησὶν,
1141 4233 1179 4312 ἐν
1206 4233 1302 4342 αὐτῷ

139 4463 168 4518 7.
185 4447 288 4518 πρῶτον
298 4449 334 4506 ὃς
346 4448 380 4504 Ε.
438 4448 533 4504 Statim
546 4443 584 4504 ἔτι
596 4461 764 4521 assumptum
777 4465 809 4502 ex
823 4448 855 4502 E.
1043 4461 1083 4501 ιο.
1101 4446 1303 4518 θπαραλλθκτου

103 4537 160 4574 om.
174 4519 208 4574 Ε.
408 4535 453 4608 ¹⁵:
468 4521 536 4598 ἶχιιι
549 4520 582 4576 Ε.
662 4521 689 4576 δι’
703 4529 871 4591 assumptum
884 4535 915 4572 ex
929 4517 962 4572 R
1160 4534 1201 4588 ¹9·
1218 4539 1303 4590 προο-
