3200 5092
418 319 461 382 76
721 323 760 389 B.
784 323 995 389 CYRILLI
1024 319 1313 388 ALEXANDR.

420 481 556 586 ζητεῖτε’
588 521 633 583 με
670 488 883 585 ἀποκτεῖναι,
914 491 972 567 καί
1001 486 1068 587 τὴν
1100 495 1164 568 τοῦ
1197 483 1343 588 Πατρὸς
1373 491 1482 582 παραυ1

420 607 596 710 ε’ντολήν;

476 733 600 814 Ἀλλὰ
629 740 687 815 καὶ
719 737 802 816 καθ’
837 736 956 838 ἕτερον
986 734 1100 817 πάλιν
1132 731 1347 840 ἐκδεξόμεθα
1380 729 1482 833 τρὸπι

422 860 517 961 ὑμεῖς
537 855 585 938 οὖν
603 856 630 940 οἰ
647 859 812 955 ἦκαιίσιιτε
831 858 929 966 παρίι
948 863 1003 940 τοῧ
1024 859 1156 964 Πατρὶς
1176 863 1311 938 ποιεῖτε·
1342 852 1482 950 λελάλη

253 967 374 1100 {achin
423 983 528 1082 φησί,
553 981 611 1061 διὰ
639 989 711 1063 τῶν
736 990 934 1089 προφητῶν
960 985 1052 1081 ύμῖν,
1075 982 1254 1083 ἠκούσατε
1282 979 1481 1083 λε’γοντοςι

423 1113 444 1148 “
463 1102 612 1209 σφόδρα
647 1107 802 1211 θύγατερ
837 1106 942 1205 Σιὼν,
975 1104 1138 1210 κήρυσσε
1175 1105 1330 1206 θύγατερ
1363 1102 1482 1204 Ἱερουι

392 1235 445 1284 ⁰“
464 1227 541 1308 ἰδού
568 1230 588 1307 ὁ
615 1230 792 1326 βασιλεύς
820 1265 890 1311 σου
915 1230 1057 1336 ἔρχεταί
1077 1264 1138 1309 σοι
1163 1229 1295 1311 δίκαιος
1319 1229 1378 1306 καί
1403 1224 1482 1326 σῶξ

424 1359 446 1397 “
463 1352 683 1454 ἐπιβεβηκὼς
707 1356 764 1434 ἐπὶ
785 1361 912 1435 πῶλον
932 1353 1015 1434 ὄνου
1033 1351 1109 1434 υἱὸν
1128 1349 1346 1454 ύιτοζυγίου,”
1367 1347 1467 1429 ἀλλὰ

254 1464 342 1596 gfff
424 1479 546 1579 φωνῆς
564 1476 724 1558 Ἡσαΐου
742 1476 855 1560 πάλιν
874 1489 896 1526 “
909 1480 990 1558 Ἐπ’
1011 1475 1094 1581 ὅρος
1119 1473 1266 1583 ὑψηλὸν
1284 1473 1439 1572 ἀνάβηθι
1465 1474 1482 1550 ὁ

424 1608 446 1646 “
464 1598 688 1703 γελιζόμευος
717 1602 822 1701 Σιὼν,
852 1604 1009 1709 ὕψωσαν
1035 1637 1081 1708 τῃ
1114 1601 1217 1706 ἰσχύϊ
1245 1597 1311 1698 τὴν
1341 1596 1467 1703 φωνήν

424 1733 445 1770 “
463 1723 776 1827 εὐαγγελιζόμενος
813 1725 1069 1828 Ἰερουσαλήμ·
1115 1725 1302 1831 ὑψώσατε,
1340 1718 1391 1822 μὴ
1429 1727 1482 1828 φο1

424 1856 445 1893 “
464 1846 539 1927 ἰδού
564 1849 583 1926 ὁ
609 1849 702 1934 Θεὸς
728 1852 836 1949 ὑμῶν,
860 1847 935 1930 ἰδού
962 1849 1095 1952 Κύριος
1121 1847 1213 1946 μετὰ
1241 1848 1366 1952 ἰσχύος
1394 1847 1482 1950 ἕρχε·Ι

425 1971 485 2049 “ὃ
509 1972 672 2077 βραχίων
690 1975 799 2054 αὐτοῦ
817 1973 908 2073 μετὰ
927 1975 1076 2077 κυρείας·
1108 1970 1185 2053 ἰδού
1209 1974 1229 2052 ὁ
1255 1969 1387 2074 μισθὸς
1412 1973 1482 2050 αύτι

425 2104 447 2141 “
466 2097 585 2194 αὐτοῦ,
604 2100 663 2177 καὶ
682 2096 723 2177 τὸ
740 2098 847 2201 ἔργον
865 2097 1015 2178 ἐνώπιον
1031 2099 1154 2178 αὐτοῦ·
1184 2100 1232 2180 ὡς
1250 2093 1382 2195 ποιμὴν
1400 2128 1482 2192 ποιμ

425 2227 447 2266 “
464 2221 629 2318 ποίμνιον
648 2221 769 2319 αὐτοῦ,
789 2224 847 2302 καί
872 2228 923 2330 τῷ
947 2222 1114 2326 βραχίονι
1131 2222 1240 2302 αὐτοῦ
1259 2217 1408 2326 συνάξει
1425 2217 1482 2320 ἅρι

426 2352 448 2390 “
464 2345 501 2422 ἐν
529 2347 663 2446 γαστρὶ
691 2346 846 2450 ἐχούσας
874 2344 1151 2448 παρακαλεσει.”
1185 2341 1476 2439 καταπειθόριευοι

256 2485 371 2546 547Δ.
394 2474 502 2550 amic
526 2476 590 2548 τοῦ
611 2467 757 2572 Πατρὸς
783 2472 953 2566 ἐντολαῖς,
972 2468 1228 2575 παραδέξασθε
1251 2465 1315 2547 τὸν
1335 2499 1482 2570 προαναι

425 2619 543 2689 μενον·
574 2592 749 2691 τιμήσατε
773 2599 818 2697 τῇ
842 2594 964 2674 πίστει
988 2591 1052 2672 τὸν
1070 2591 1413 2694 προκεκηρυγμείιον.
1454 2594 1481 2668 δι

425 2722 499 2799 τοῖς
514 2723 578 2795 τοῦ
598 2715 743 2819 [ἰατρὸς
762 2716 886 2819 λόγοις
903 2715 946 2802 τὸ
965 2723 1107 2820 κρατεῖν
1125 2717 1163 2794 ἐν
1181 2717 1274 2808 ὑμῖν.

481 2839 620 2918 Ἰστέον
638 2838 675 2919 δὲ
694 2839 749 2920 ὅτι
767 2851 831 2920 τοῦ
850 2846 946 2921 Θεοῦ
964 2845 1022 2920 καί
1044 2837 1189 2942 Πατρὸς
1207 2837 1271 2918 τὸν
1286 2835 1396 2936 νόμον
1413 2835 1481 2916 εἰυο

426 2963 540 3044 καίτοι
568 2965 774 3064 λαληθέντα
800 2966 885 3066 παρ’
907 2966 1016 3044 αὐτοῦ
1040 2965 1081 3042 δι’
1107 2960 1289 3064 ἀγγέλων,
1313 2963 1380 3066 ούχ
1407 2963 1481 3040 ἑαυτ

427 3095 491 3168 τοῦ
510 3091 748 3186 νομοθετῆσαι
765 3091 881 3186 τιθεὶς,
898 3087 998 3167 ἀλλὰ
1017 3095 1093 3170 ταῖς
1112 3087 1295 3166 Ἰουδαίων
1312 3091 1481 3188 συγχωριί

428 3212 537 3295 υοίαις
565 3213 676 3296 οὕτως
701 3212 793 3317 ἔχειν
818 3210 1121 3309 πεπιστευκότων,
1144 3213 1203 3289 καὶ
1231 3210 1273 3289 ού
1300 3207 1480 3312 διαμάχετι

427 3333 494 3434 τὴν
513 3332 682 3414 ὑπόνοιαν
700 3341 940 3436 οἰκονομικῶς·
972 3335 1149 3415 ἐδυσώπει
1175 3331 1248 3435 γὰρ
1275 3331 1454 3414 πολλάκις
1479 3385 1480 3402 ι

428 3457 570 3560 ἐπείπερ
599 3457 707 3538 αὐτὸν
729 3461 771 3538 ού
798 3460 1074 3566 παραδέχονται·
1104 3456 1146 3538 τὸ
1174 3456 1246 3561 γὰρ
1273 3465 1337 3536 τοῦ
1358 3455 1480 3563 Πατρὶς

428 3580 605 3684 παράγων
625 3587 672 3666 εἰς
694 3582 818 3681 μέσον·

380 3867 419 3925 39
439 3849 679 3941 Ἀπεκρίθησαν
707 3851 875 3936 αὐτῷκαὶ
903 3845 995 3918 εἶπον
1016 3850 1060 3917 ‘0
1087 3851 1196 3940 πατὴρ
1224 3849 1318 3928 ἡμῶν
1340 3849 1479 3938 Ἀβροιάρ

481 4037 534 4120 Ὦ
551 4043 694 4140 πολλῆς
717 4039 881 4139 ἀμαθίας,
900 4043 958 4132 καί
978 4050 1040 4121 νοῦ
1058 4039 1346 4142 κατεσκληκότος
1364 4047 1411 4126 εἰς
1429 4044 1479 4120 οἰπ

431 4165 489 4242 καὶ
518 4169 566 4248 εἰς
594 4161 709 4264 μόνην
737 4167 891 4266 ὁρῶντος
921 4167 1151 4272 φιλονεικίαν.
1199 4163 1479 4268 συγκατανεύουτ

469 4430 493 4467 ι.
512 4435 544 4478 με
556 4415 652 4482 ζητεῖτε
664 4415 771 4470 inverso
783 4416 876 4472 ordine
888 4435 913 4472 a.
1030 4433 1056 4488 5.
1074 4417 1198 4489 λέγοντος
1210 4436 1264 4474 om.
1278 4417 1350 4473 Aub.
1362 4417 1450 4474 invitis
1463 4417 1479 4472 Ε

435 4497 476 4534 ιο.
496 4481 553 4535 1λού
564 4481 623 4572 οἰκ]
641 4487 735 4565 ἡδο.
835 4503 886 4567 Ιτ3.
904 4488 984 4542 αὐτοῦ
996 4489 1137 4560 priunum.
1150 4507 1174 4545 ο.
1189 4487 1276 4560 (Vat.)
1328 4489 1478 4560 κυρῶσαι

434 4565 476 4604 20.
495 4551 580 4620 φησὶν
591 4573 653 4605 εινιιι
665 4571 772 4608 ιιιτοτοο
784 4555 877 4610 ordme
889 4573 914 4610 a.
1286 4571 1294 4586 ⁰
