3248 5112
302 305 367 372 532
605 309 645 374 B.
667 309 877 376 GYRILLI
907 307 1197 377 ALEXANDR.
1374 301 1517 384 fiV·3¹·

303 505 375 553 συν
405 474 502 582 αὐτῷ
537 481 652 556 πᾶσιν
683 475 768 575 ἡμῖν
799 475 973 577 ἐσομένην
1004 477 1257 575 κατασημήναι
1290 467 1432 564 θέλοιν,
1469 461 1518 544 τό

302 595 485 702 Ἐγείρεσθε
512 597 652 706 ι’ίγαμεν
676 597 809 681 ἐντεὶῖθεν
832 601 1014 706 ἐπιφανεῖ·
1048 599 1108 680 ἵνα
1136 631 1171 678 τι
1197 603 1359 677 τοιοῦτον
1389 593 1443 674 ὡς
1476 591 1519 668 ἐν

282 721 454 828 ’ἀληθείᾳ
471 725 600 822 νοῆσαι
618 721 824 824 μελλοιμεν,
846 721 918 804 ἀπὸ
936 722 1001 822 μέν
1020 721 1175 804 θανάτου
1192 719 1284 823 πρὸς
1301 713 1416 820 ζωὴν,
1437 713 1519 794 ἀπὸ

304 843 342 922 δέ
362 851 501 950 φθορᾶς
519 851 567 932 εῖς
584 848 804 952 ἀφθαρσίαν,
818 849 860 926 δι’
876 847 985 927 αὐτοῦ
1002 879 1042 927 τε
1060 851 1118 928 καὶ
1135 843 1207 925 σὺν
1224 844 1330 950 αι’πῷ,
1342 837 1519 940 καθάπερ

304 965 396 1073 ἔφην
424 971 563 1072 ἀρτίως,
594 975 641 1054 ὡς
671 969 744 1051 ἀπό
775 1003 869 1055 τινας
901 969 1013 1051 τόπου
1042 973 1259 1074 μεταχωρεῖν
1287 971 1337 1049 εὶς
1367 964 1548 1066 &epau-5

305 1098 426 1177 καλῶς
453 1094 516 1174 οὖν
538 1092 609 1198 ἀρα
636 1093 678 1175 τό
700 1093 883 1202 Ἐγείρεσθε
910 1091 1051 1200 ι’ίγαμεν
1074 1091 1207 1174 ἐντεῧθεί
1232 1099 1360 1196 φησιν·
1396 1086 1423 1188 ἢ
1452 1089 1520 1168 καὶ

305 1217 387 1294 καθ’
409 1214 527 1319 ἕτερόν
552 1251 630 1297 τινα
658 1215 794 1322 τρόπον
817 1218 874 1325 ἐφ’
894 1217 995 1316 ήμεῖεν
1019 1218 1137 1296 αὐτῶν
1160 1213 1306 1321 ἐκλήφη
1334 1209 1379 1292 τό
1410 1217 1516 1314 εῖρη·

304 1338 423 1438 με’νον.
468 1339 667 1440 ἐμέλλομεν
698 1342 766 1442 ήδη
798 1343 1042 1442 μεθίστασθαι
1074 1343 1113 1422 ἐκ
1140 1349 1205 1422 τοῦ
1239 1346 1361 1447 φιλεῖν
1391 1335 1443 1416 τὰ
1478 1339 1520 1415 ἐν

305 1459 434 1572 κόσμιρ
463 1469 607 1571 φρονεῖν
635 1471 683 1550 εἰς
710 1464 753 1546 τὸ
782 1465 931 1546 ἑλέσθαι
958 1469 1048 1568 δρᾶν
1075 1463 1208 1544 ἐθέλειν
1229 1461 1272 1544 τδ
1299 1465 1436 1542 δοκοῦν
1462 1466 1520 1567 τῷ

139 1595 205 1650 ⁸³⁶
214 1594 253 1651 A.
276 1591 390 1693 Ιῑθεερῖ
412 1590 471 1666 καὶ
496 1588 547 1668 ἐτι
572 1588 663 1692 πρὸς
687 1588 813 1696 ταότερ,
832 1591 871 1668 ἐκ
898 1579 1061 1672 δουλέίας
1085 1590 1284 1693 ἀναφανεῖν
1300 1593 1350 1671 εἰς
1373 1583 1421 1665 τὸ
1446 1588 1518 1679 τῆς
1535 1609 1569 1652 ¹⁰

305 1709 484 1795 υἱοθεσίας·
508 1711 660 1818 ἀξίωμα,
680 1711 751 1794 ἀπὸ
776 1716 845 1813 γῆς
870 1717 919 1797 εἷς
943 1711 1009 1812 ιήν
1027 1713 1102 1792 ἅνω
1126 1711 1246 1808 πόλιν,
1264 1711 1308 1818 ἐξ
1330 1710 1518 1813 ἁμαρτίας

305 1838 354 1917 εἰς
371 1836 610 1935 δικαιοσύνην,
629 1835 694 1935 τήν
713 1833 772 1916 διὰ
789 1837 947 1921 πίστεως
965 1834 1003 1916 δέ
1021 1833 1188 1936 δηλονότι
1207 1839 1272 1934 τῆς
1289 1837 1327 1914 ἐν
1340 1837 1516 1940 Χριστῷ,

304 1957 350 2063 ἐξ
374 1959 597 2062 ἀκαθαρσίας
624 1963 688 2058 τῆς
712 1960 937 2062 ἀνθρωπίνης
962 1965 1011 2044 εἰς
1035 1957 1099 2038 τὸν
1123 1957 1182 2038 διὰ
1208 1965 1273 2039 τοῦ
1296 1956 1517 2056 Πνεόματος

305 2081 499 2182 ἁγιασμόν,
517 2082 562 2189 ἐξ
578 2085 719 2183 ἀτιμίας
737 2089 786 2168 είς
805 2082 928 2190 δόξαν,
946 2083 990 2190 ἐξ
1006 2084 1159 2183 ἀμαθίας
1181 2087 1229 2166 εῖς
1254 2081 1417 2179 σύνεσιν,
1436 2078 1516 2160 ἀπό

305 2201 345 2284 δέ
363 2207 496 2291 δειλίας
514 2210 572 2286 καὶ
591 2207 782 2310 ἀνανδρίας
800 2213 849 2291 εῖς
866 2207 1059 2305 εὐτολμίαν
1077 2203 1144 2306 τὴν
1161 2206 1215 2286 ἐπ’
1231 2207 1391 2305 ἀγαθοῖς.
1531 2234 1563 2292 ¹5

363 2326 488 2410 Τόπον
507 2331 570 2410 οὖν
594 2327 720 2434 ὥσπερ
744 2338 818 2415 τοῖς
843 2332 901 2410 ἐπὶ
928 2333 996 2432 γῆς
1023 2329 1125 2429 ἡμῶν
1146 2324 1443 2428 πλημμελήμασι
1469 2323 1515 2405 τό

272 2449 428 2534 δένθόδε
456 2455 562 2537 τεθείς
583 2453 774 2564 Ἐγείρεσθέ
795 2461 912 2560 φησιν
939 2452 1078 2559 ἄγομεν
1106 2449 1248 2534 ἑντεῧθεε·
1288 2456 1319 2530 εῖ
1346 2447 1422 2553 γὰρ
1452 2451 1515 2528 καὶ

306 2571 397 2653 ὅσον
423 2575 508 2674 ἧκεν
535 2583 582 2660 εἰς
610 2576 652 2656 τὸ
681 2585 745 2658 τοῖν
773 2577 886 2680 λόγον
913 2581 1052 2683 σχῆμα,
1071 2579 1130 2658 καὶ
1159 2574 1286 2656 ἑαυτὸν
1311 2575 1396 2674 ἡμῖν
1420 2607 1511 2653 σνν-

307 2695 423 2795 δήσας
448 2699 622 2804 φαίνεται,
641 2703 725 2780 ἀλλ’
746 2700 848 2781 οὐδὲν
870 2701 962 2801 ἡμᾶς
988 2699 1150 2802 ἀδικήσει
1175 2707 1282 2780 τοῦτο
1306 2705 1510 2795 παιπελῶς,

307 2820 450 2924 ἐπείπερ
481 2823 577 2930 αὐτῷ
608 2831 715 2905 τοῦτο
751 2825 905 2926 σύνηθες
941 2829 1044 2930 δρᾶν.
1097 2829 1156 2906 καὶ
1187 2832 1277 2927 γοῦν
1308 2826 1346 2904 ἐν
1378 2823 1512 2926 ἐτέροις
1526 2859 1560 2899 ²0

205 3040 211 3053 .
307 2943 490 3024 ἀλοίσεται
527 2947 646 3049 λέγων
677 2948 767 3052 πρὸς
799 2947 883 3032 τοὺς
914 2949 1040 3030 ἑαυτοῦ
1074 2947 1238 3048 μαθητάς
1268 2957 1289 2996 “
1302 2949 1426 3045 Ἡμᾶς
1459 2949 1516 3024 δεῖ

307 3077 330 3115 “
347 3065 560 3171 ἐργάζεσθαι
579 3071 625 3152 τὰ
643 3072 730 3175 ἔργα
748 3080 813 3152 τοῦ
831 3071 1045 3177 πέμψαντος
1062 3072 1154 3172 ἡμᾶς
1171 3071 1236 3156 ἕως
1260 3069 1373 3173 ἡμέρα
1394 3071 1509 3149 ἐστίν·

307 3201 330 3238 “
348 3191 488 3297 ἔρχεται
526 3191 603 3300 νὺξ,
636 3193 695 3274 ὅτε
733 3196 846 3280 οὐδεὶς
882 3196 1028 3276 δύναται
1065 3193 1328 3299 ἐργόσασθαι.”
1373 3193 1510 3277 ἀκούεις

308 3315 405 3398 ὅπως
433 3313 558 3396 ἑαυτὸν
581 3317 665 3417 ἡμῖν
686 3323 733 3402 εἷς
758 3318 801 3398 τὸ
828 3317 1039 3422 ἐργάζεσθαι
1062 3318 1209 3424 πρέπειν
1229 3316 1506 3414 σνναναπλέκεε,

308 3440 421 3517 καίτοι
451 3441 502 3546 τῷ
533 3438 744 3543 ἐργάζεσθαι
777 3446 849 3522 δεῖν
879 3443 961 3524 καθ’
991 3443 1082 3544 ἡμᾶς
1114 3443 1156 3522 οὐ
1186 3442 1505 3540 συνωτοκείμενοςς
1523 3477 1558 3538 ²5

279 3561 393 3640 οάλλ’
424 3561 581 3665 εότριβές
613 3565 696 3662 ἡμῖν
722 3573 828 3646 τοῦτο
860 3575 924 3646 τοῦ
956 3566 1070 3668 λόγον
1102 3564 1144 3645 τὸ
1174 3569 1302 3670 σχῆμα
1333 3566 1392 3644 καὶ
1425 3565 1506 3665 παρ’

308 3685 392 3784 ἡμῖν
416 3685 534 3769 αὐτοῖς
562 3684 663 3766 οὐδὲν
690 3687 797 3788 ἧττον
825 3690 1035 3792 εὑρήσομεν·
1065 3693 1123 3770 καῖ
1151 3697 1241 3794 γοῦν
1268 3689 1288 3767 ό
1316 3688 1508 3770 θεσπέσιος

311 3813 461 3892 Παῦλος
479 3807 681 3916 ἐπιπλήξας
702 3814 904 3914 Κορινθίοις
928 3823 1036 3894 τοῦτο
1059 3811 1286 3914 τετόλμηκεν,
1304 3809 1508 3892 ἐπιστέλλει

309 3931 348 4013 δέ
368 3932 435 4013 ὡδί
449 3942 471 3980 “
485 3939 610 4014 Ταῦτα
632 3931 681 4032 δέ,
698 3937 855 4043 ἀδελφοί
875 3972 954 4037 μου,
973 3935 1270 4044 μετεσχημάτισα
1293 3941 1341 4020 εῖς
1358 3932 1508 4034 ἐμαννὸν

309 4071 331 4108 “
350 4062 409 4139 καὶ
426 4059 616 4158 Ἀπολλιῖ,
636 4059 694 4139 ἵνα
713 4061 750 4139 ἐν
768 4061 853 4160 ἡμῖν
871 4059 1008 4163 μάθητε
1027 4061 1069 4142 τὸ
1086 4059 1137 4162 μή
1157 4061 1244 4164 ὑπὲρ
1265 4058 1286 4140 δ
1309 4058 1507 4162 γε’γραπταε
1520 4092 1556 4150 30

309 4188 331 4226 “
349 4183 529 4286 φρονεῖν·”
559 4181 614 4262 ότι
639 4181 676 4263 δέ
698 4188 727 4264 εῖ
755 4187 813 4263 καῖ
837 4183 889 4285 μή
916 4187 1147 4268 σνννπαίτιον
1164 4191 1241 4270 ταῖς
1258 4185 1375 4264 αὐτῶν
1393 4184 1502 4263 ἀσθε-

349 4481 371 4518 1.
391 4472 571 4536 κατοπιρμεῖναι
586 4469 616 4522 E.
828 4487 870 4525 22.
890 4469 949 4542 ἕως]
965 4473 997 4527 ὡς
1011 4471 1043 4526 Ε.
1247 4487 1291 4542 31.
1310 4469 1393 4524 αάτῖιν
1406 4469 1439 4524 E.
1452 4473 1504 4525 ἐου·

311 4540 361 4588 τῶν
376 4536 424 4588 Ed.
