<?xml version="1.0" encoding="UTF-8"?>
<!DOCTYPE html PUBLIC "-//W3C//DTD XHTML 1.0 Transitional//EN"
    "http://www.w3.org/TR/xhtml1/DTD/xhtml1-transitional.dtd">
<html xmlns="http://www.w3.org/1999/xhtml" xml:lang="en" lang="en">
 <head>
  <title>
</title>
<meta http-equiv="Content-Type" content="text/html;charset=utf-8" />
  <meta name='ocr-system' content='tesseract 3.04.00' />
  <meta name='ocr-capabilities' content='ocr_page ocr_carea ocr_par ocr_line ocrx_word'/>
</head>
<body>
  <div class='ocr_page' id='page_1' title='image "./sanctipatrisnos02pusegoog_0660.png"; bbox 0 0 3274 5118; ppageno 0'>
   <div class='ocr_carea' id='block_1_1' title="bbox 320 325 1542 395">
    <p class='ocr_par' dir='ltr' id='par_1_1' title="bbox 320 325 1542 395">
     <span class='ocr_line' id='line_1_1' title="bbox 320 325 1542 395; baseline -0.006 -3"><span class='ocrx_word' id='word_1_1' title='bbox 320 329 385 392; x_wconf 77' lang='lat'>622</span> <span class='ocrx_word' id='word_1_2' title='bbox 625 330 664 394; x_wconf 88' lang='grc' dir='ltr'>Β.</span> <span class='ocrx_word' id='word_1_3' title='bbox 688 328 901 394; x_wconf 82' lang='lat' dir='ltr'>CYRILLI</span> <span class='ocrx_word' id='word_1_4' title='bbox 931 329 1221 395; x_wconf 80' lang='lat' dir='ltr'>ALEXANDR.</span> <span class='ocrx_word' id='word_1_5' title='bbox 1352 327 1420 391; x_wconf 86' lang='lat' dir='ltr'>xvi.</span> <span class='ocrx_word' id='word_1_6' title='bbox 1439 325 1542 388; x_wconf 88' lang='lat'>8-11.</span> 
     </span>
    </p>
   </div>
   <div class='ocr_carea' id='block_1_2' title="bbox 161 489 1625 4320">
    <p class='ocr_par' dir='ltr' id='par_1_2' title="bbox 161 489 1577 2688">
     <span class='ocr_line' id='line_1_2' title="bbox 322 489 1542 598; baseline -0.007 -24"><span class='ocrx_word' id='word_1_7' title='bbox 322 497 573 598; x_wconf 90' lang='grc' dir='ltr'>διερμηνεῦσαι</span> <span class='ocrx_word' id='word_1_8' title='bbox 601 499 674 575; x_wconf 83' lang='grc' dir='ltr'>δεῖν</span> <span class='ocrx_word' id='word_1_9' title='bbox 701 493 771 574; x_wconf 87' lang='grc' dir='ltr'>ἀνά</span> <span class='ocrx_word' id='word_1_10' title='bbox 797 493 902 596; x_wconf 81' lang='grc' dir='ltr'>με’ρος</span> <span class='ocrx_word' id='word_1_11' title='bbox 930 493 1195 594; x_wconf 72' lang='grc' dir='ltr'>ἀπολαμβάνω,</span> <span class='ocrx_word' id='word_1_12' title='bbox 1225 496 1285 573; x_wconf 78' lang='grc' dir='ltr'>καὶ</span> <span class='ocrx_word' id='word_1_13' title='bbox 1315 489 1542 592; x_wconf 76' lang='grc' dir='ltr'>λευκότερον</span> 
     </span>
     <span class='ocr_line' id='line_1_3' title="bbox 323 616 1056 721; baseline 0 -23"><span class='ocrx_word' id='word_1_14' title='bbox 323 624 432 700; x_wconf 80' lang='grc' dir='ltr'>εἰπεῖν</span> <span class='ocrx_word' id='word_1_15' title='bbox 449 627 513 702; x_wconf 89' lang='grc' dir='ltr'>τοῦ</span> <span class='ocrx_word' id='word_1_16' title='bbox 531 616 794 721; x_wconf 77' lang='grc' dir='ltr'>σημαινομένου</span> <span class='ocrx_word' id='word_1_17' title='bbox 811 617 877 718; x_wconf 75' lang='grc' dir='ltr'>τὴν</span> <span class='ocrx_word' id='word_1_18' title='bbox 894 619 1056 717; x_wconf 91' lang='grc' dir='ltr'>δύναμιν.</span> 
     </span>
     <span class='ocr_line' id='line_1_4' title="bbox 379 737 1536 848; baseline -0.008 -22"><span class='ocrx_word' id='word_1_19' title='bbox 379 743 542 826; x_wconf 84' lang='grc' dir='ltr'>Τέθειται</span> <span class='ocrx_word' id='word_1_20' title='bbox 562 745 681 824; x_wconf 84' lang='grc' dir='ltr'>τοίνυν</span> <span class='ocrx_word' id='word_1_21' title='bbox 704 745 742 824; x_wconf 92' lang='grc' dir='ltr'>ἐν</span> <span class='ocrx_word' id='word_1_22' title='bbox 759 741 914 845; x_wconf 79' lang='grc' dir='ltr'>πρώτως</span> <span class='ocrx_word' id='word_1_23' title='bbox 933 743 953 822; x_wconf 85' lang='grc' dir='ltr'>δ</span> <span class='ocrx_word' id='word_1_24' title='bbox 973 749 1046 848; x_wconf 70' lang='grc' dir='ltr'>περὶ</span> <span class='ocrx_word' id='word_1_25' title='bbox 1071 745 1135 842; x_wconf 82' lang='grc' dir='ltr'>τῆς</span> <span class='ocrx_word' id='word_1_26' title='bbox 1157 743 1340 848; x_wconf 73' lang='grc' dir='ltr'>ἁμαρτίας</span> <span class='ocrx_word' id='word_1_27' title='bbox 1360 737 1536 843; x_wconf 84' lang='grc' dir='ltr'>ἐλεγχος.</span> 
     </span>
     <span class='ocr_line' id='line_1_5' title="bbox 323 862 1533 976; baseline -0.007 -26"><span class='ocrx_word' id='word_1_28' title='bbox 323 873 402 953; x_wconf 89' lang='grc' dir='ltr'>πῶς</span> <span class='ocrx_word' id='word_1_29' title='bbox 428 869 492 948; x_wconf 82' lang='grc' dir='ltr'>οὖν</span> <span class='ocrx_word' id='word_1_30' title='bbox 519 865 650 976; x_wconf 74' lang='grc' dir='ltr'>ἐλάγξιι</span> <span class='ocrx_word' id='word_1_31' title='bbox 679 864 732 948; x_wconf 71' lang='grc' dir='ltr'>τὶν</span> <span class='ocrx_word' id='word_1_32' title='bbox 752 868 899 972; x_wconf 73' lang='grc' dir='ltr'>κίτρον,</span> <span class='ocrx_word' id='word_1_33' title='bbox 937 865 1024 946; x_wconf 83' lang='grc' dir='ltr'>ὅταν</span> <span class='ocrx_word' id='word_1_34' title='bbox 1051 862 1123 969; x_wconf 87' lang='grc' dir='ltr'>γάρ</span> <span class='ocrx_word' id='word_1_35' title='bbox 1141 872 1215 950; x_wconf 90' lang='grc' dir='ltr'>ταῖς</span> <span class='ocrx_word' id='word_1_36' title='bbox 1234 869 1417 968; x_wconf 82' lang='grc' dir='ltr'>ἀγαπῶσι</span> <span class='ocrx_word' id='word_1_37' title='bbox 1435 869 1533 964; x_wconf 87' lang='grc' dir='ltr'>Χρι-</span> 
     </span>
     <span class='ocr_line' id='line_1_6' title="bbox 324 986 1561 1099; baseline -0.006 -27"><span class='ocrx_word' id='word_1_38' title='bbox 324 991 427 1089; x_wconf 82' lang='grc' dir='ltr'>στὸν,</span> <span class='ocrx_word' id='word_1_39' title='bbox 449 995 497 1076; x_wconf 83' lang='grc' dir='ltr'>ὡς</span> <span class='ocrx_word' id='word_1_40' title='bbox 519 991 632 1099; x_wconf 84' lang='grc' dir='ltr'>ἀξίοις</span> <span class='ocrx_word' id='word_1_41' title='bbox 651 991 719 1092; x_wconf 80' lang='grc' dir='ltr'>ἤδη</span> <span class='ocrx_word' id='word_1_42' title='bbox 744 993 802 1070; x_wconf 79' lang='grc' dir='ltr'>καὶ</span> <span class='ocrx_word' id='word_1_43' title='bbox 824 989 1083 1072; x_wconf 81' lang='grc' dir='ltr'>πεπιστευκόσι</span> <span class='ocrx_word' id='word_1_44' title='bbox 1101 989 1256 1092; x_wconf 72' lang='grc' dir='ltr'>γεἰηται,</span> <span class='ocrx_word' id='word_1_45' title='bbox 1278 987 1364 1068; x_wconf 90' lang='grc' dir='ltr'>τότε</span> <span class='ocrx_word' id='word_1_46' title='bbox 1383 986 1433 1088; x_wconf 80' lang='grc' dir='ltr'>δὴ</span> <span class='ocrx_word' id='word_1_47' title='bbox 1452 987 1561 1073; x_wconf 74' lang='grc' dir='ltr'>τότεε</span> 
     </span>
     <span class='ocr_line' id='line_1_7' title="bbox 324 1110 1535 1214; baseline -0.003 -17"><span class='ocrx_word' id='word_1_48' title='bbox 324 1115 389 1197; x_wconf 84' lang='grc' dir='ltr'>τὸν</span> <span class='ocrx_word' id='word_1_49' title='bbox 420 1112 572 1214; x_wconf 84' lang='grc' dir='ltr'>κόσμον,</span> <span class='ocrx_word' id='word_1_50' title='bbox 601 1115 778 1212; x_wconf 80' lang='grc' dir='ltr'>τουτείττι,</span> <span class='ocrx_word' id='word_1_51' title='bbox 810 1110 894 1198; x_wconf 89' lang='grc' dir='ltr'>τοῦς</span> <span class='ocrx_word' id='word_1_52' title='bbox 924 1111 1155 1198; x_wconf 67' lang='grc' dir='ltr'>ἀπαιδεύτους</span> <span class='ocrx_word' id='word_1_53' title='bbox 1187 1147 1226 1194; x_wconf 89' lang='grc' dir='ltr'>τε</span> <span class='ocrx_word' id='word_1_54' title='bbox 1258 1115 1317 1192; x_wconf 80' lang='grc' dir='ltr'>καὶ</span> <span class='ocrx_word' id='word_1_55' title='bbox 1348 1111 1535 1193; x_wconf 87' lang='grc' dir='ltr'>ἀπίστους</span> 
     </span>
     <span class='ocr_line' id='line_1_8' title="bbox 326 1236 1534 1346; baseline -0.006 -26"><span class='ocrx_word' id='word_1_56' title='bbox 326 1239 376 1322; x_wconf 85' lang='grc' dir='ltr'>ἐτι</span> <span class='ocrx_word' id='word_1_57' title='bbox 400 1242 460 1320; x_wconf 80' lang='grc' dir='ltr'>καὶ</span> <span class='ocrx_word' id='word_1_58' title='bbox 483 1244 560 1323; x_wconf 89' lang='grc' dir='ltr'>ταῖς</span> <span class='ocrx_word' id='word_1_59' title='bbox 583 1241 621 1319; x_wconf 88' lang='grc' dir='ltr'>ἐν</span> <span class='ocrx_word' id='word_1_60' title='bbox 644 1237 773 1346; x_wconf 86' lang='grc' dir='ltr'>κόσμερ</span> <span class='ocrx_word' id='word_1_61' title='bbox 797 1239 1021 1346; x_wconf 89' lang='grc' dir='ltr'>φιληδονίαις</span> <span class='ocrx_word' id='word_1_62' title='bbox 1046 1237 1321 1340; x_wconf 79' lang='grc' dir='ltr'>κεκρατημένους</span> <span class='ocrx_word' id='word_1_63' title='bbox 1352 1236 1399 1315; x_wconf 86' lang='grc' dir='ltr'>δι’</span> <span class='ocrx_word' id='word_1_64' title='bbox 1422 1236 1534 1314; x_wconf 90' lang='grc' dir='ltr'>αὐτοῦ</span> 
     </span>
     <span class='ocr_line' id='line_1_9' title="bbox 327 1359 1530 1470; baseline -0.007 -25"><span class='ocrx_word' id='word_1_65' title='bbox 327 1365 520 1470; x_wconf 82' lang='grc' dir='ltr'>κατακρίνῃ</span> <span class='ocrx_word' id='word_1_66' title='bbox 542 1370 607 1444; x_wconf 89' lang='grc' dir='ltr'>τοῦ</span> <span class='ocrx_word' id='word_1_67' title='bbox 631 1359 854 1466; x_wconf 87' lang='grc' dir='ltr'>πράγματος,</span> <span class='ocrx_word' id='word_1_68' title='bbox 873 1365 921 1447; x_wconf 86' lang='grc' dir='ltr'>ῶς</span> <span class='ocrx_word' id='word_1_69' title='bbox 940 1359 1085 1466; x_wconf 83' lang='grc' dir='ltr'>ἐνόχους</span> <span class='ocrx_word' id='word_1_70' title='bbox 1106 1363 1164 1442; x_wconf 86' lang='grc' dir='ltr'>ἐπὶ</span> <span class='ocrx_word' id='word_1_71' title='bbox 1184 1367 1260 1445; x_wconf 90' lang='grc' dir='ltr'>ταῖς</span> <span class='ocrx_word' id='word_1_72' title='bbox 1279 1362 1386 1444; x_wconf 81' lang='grc' dir='ltr'>ἰδίαις</span> <span class='ocrx_word' id='word_1_73' title='bbox 1407 1362 1530 1462; x_wconf 85' lang='grc' dir='ltr'>ἀμαρ-</span> 
     </span>
     <span class='ocr_line' id='line_1_10' title="bbox 161 1482 1531 1592; baseline -0.005 -22"><span class='ocrx_word' id='word_1_74' title='bbox 161 1509 271 1566; x_wconf 73' lang='lat' dir='ltr'>om.</span> <span class='ocrx_word' id='word_1_75' title='bbox 296 1523 315 1562; x_wconf 72' lang='lat' dir='ltr'><strong>a</strong></span> <span class='ocrx_word' id='word_1_76' title='bbox 327 1489 426 1586; x_wconf 90' lang='grc' dir='ltr'>τίαις,</span> <span class='ocrx_word' id='word_1_77' title='bbox 445 1492 503 1569; x_wconf 81' lang='grc' dir='ltr'>καὶ</span> <span class='ocrx_word' id='word_1_78' title='bbox 524 1493 598 1572; x_wconf 89' lang='grc' dir='ltr'>τοῖς</span> <span class='ocrx_word' id='word_1_79' title='bbox 625 1489 761 1568; x_wconf 79' lang='grc' dir='ltr'>ἑαυτῶν</span> <span class='ocrx_word' id='word_1_80' title='bbox 778 1485 1091 1592; x_wconf 82' lang='grc' dir='ltr'>ἐντεθνηξομένους</span> <span class='ocrx_word' id='word_1_81' title='bbox 1110 1482 1359 1588; x_wconf 75' lang='grc' dir='ltr'>ἁμαρτήμασι.</span> <span class='ocrx_word' id='word_1_82' title='bbox 1401 1517 1531 1586; x_wconf 90' lang='grc' dir='ltr'>προσ·</span> 
     </span>
     <span class='ocr_line' id='line_1_11' title="bbox 327 1605 1577 1716; baseline -0.006 -23"><span class='ocrx_word' id='word_1_83' title='bbox 327 1611 584 1714; x_wconf 83' lang='grc' dir='ltr'>ωποληπτήσει</span> <span class='ocrx_word' id='word_1_84' title='bbox 613 1609 687 1716; x_wconf 86' lang='grc' dir='ltr'>γάρ</span> <span class='ocrx_word' id='word_1_85' title='bbox 714 1612 876 1710; x_wconf 82' lang='grc' dir='ltr'>οὐδαμῶς</span> <span class='ocrx_word' id='word_1_86' title='bbox 900 1613 921 1690; x_wconf 88' lang='grc' dir='ltr'>δ</span> <span class='ocrx_word' id='word_1_87' title='bbox 941 1607 1043 1705; x_wconf 80' lang='grc' dir='ltr'>θεὸς,</span> <span class='ocrx_word' id='word_1_88' title='bbox 1063 1609 1148 1689; x_wconf 85' lang='grc' dir='ltr'>ἀλλ’</span> <span class='ocrx_word' id='word_1_89' title='bbox 1168 1608 1253 1690; x_wconf 85' lang='grc' dir='ltr'>ούδέ</span> <span class='ocrx_word' id='word_1_90' title='bbox 1271 1642 1349 1688; x_wconf 94' lang='grc' dir='ltr'>τισι</span> <span class='ocrx_word' id='word_1_91' title='bbox 1367 1605 1440 1706; x_wconf 70' lang='grc' dir='ltr'>μὲν</span> <span class='ocrx_word' id='word_1_92' title='bbox 1457 1615 1534 1686; x_wconf 88' lang='grc' dir='ltr'>τῶν</span> <span class='ocrx_word' id='word_1_93' title='bbox 1546 1645 1577 1686; x_wconf 89' lang='grc' dir='ltr'>ιο</span> 
     </span>
     <span class='ocr_line' id='line_1_12' title="bbox 327 1731 1534 1840; baseline -0.005 -22"><span class='ocrx_word' id='word_1_94' title='bbox 327 1740 385 1818; x_wconf 78' lang='grc' dir='ltr'>ἐπὶ</span> <span class='ocrx_word' id='word_1_95' title='bbox 412 1741 476 1836; x_wconf 84' lang='grc' dir='ltr'>τῆς</span> <span class='ocrx_word' id='word_1_96' title='bbox 503 1741 570 1840; x_wconf 74' lang='grc' dir='ltr'>γῆς</span> <span class='ocrx_word' id='word_1_97' title='bbox 589 1738 701 1820; x_wconf 88' lang='grc' dir='ltr'>αίτίας</span> <span class='ocrx_word' id='word_1_98' title='bbox 723 1733 877 1837; x_wconf 82' lang='grc' dir='ltr'>εὐλόγου</span> <span class='ocrx_word' id='word_1_99' title='bbox 898 1735 982 1838; x_wconf 86' lang='grc' dir='ltr'>δίχα</span> <span class='ocrx_word' id='word_1_100' title='bbox 1007 1741 1182 1838; x_wconf 84' lang='grc' dir='ltr'>χαριεῖται</span> <span class='ocrx_word' id='word_1_101' title='bbox 1205 1731 1248 1813; x_wconf 85' lang='grc' dir='ltr'>τὸ</span> <span class='ocrx_word' id='word_1_102' title='bbox 1268 1737 1436 1830; x_wconf 84' lang='grc' dir='ltr'>Πνεῦμα,</span> <span class='ocrx_word' id='word_1_103' title='bbox 1455 1737 1534 1812; x_wconf 85' lang='grc' dir='ltr'>τισὶ</span> 
     </span>
     <span class='ocr_line' id='line_1_13' title="bbox 328 1855 1529 1966; baseline -0.005 -24"><span class='ocrx_word' id='word_1_104' title='bbox 328 1860 366 1942; x_wconf 83' lang='grc' dir='ltr'>δέ</span> <span class='ocrx_word' id='word_1_105' title='bbox 393 1859 517 1958; x_wconf 81' lang='grc' dir='ltr'>οὐκέτι,</span> <span class='ocrx_word' id='word_1_106' title='bbox 535 1861 655 1960; x_wconf 89' lang='grc' dir='ltr'>μόνοις</span> <span class='ocrx_word' id='word_1_107' title='bbox 673 1857 711 1940; x_wconf 84' lang='grc' dir='ltr'>δέ</span> <span class='ocrx_word' id='word_1_108' title='bbox 728 1866 801 1943; x_wconf 88' lang='grc' dir='ltr'>τοῖς</span> <span class='ocrx_word' id='word_1_109' title='bbox 819 1859 933 1966; x_wconf 81' lang='grc' dir='ltr'>ἀξίοις</span> <span class='ocrx_word' id='word_1_110' title='bbox 951 1860 1163 1958; x_wconf 88' lang='grc' dir='ltr'>ἐγκατοικιεῖ</span> <span class='ocrx_word' id='word_1_111' title='bbox 1176 1857 1240 1938; x_wconf 82' lang='grc' dir='ltr'>τὸν</span> <span class='ocrx_word' id='word_1_112' title='bbox 1259 1855 1529 1958; x_wconf 86' lang='grc' dir='ltr'>Παράκλητον,</span> 
     </span>
     <span class='ocr_line' id='line_1_14' title="bbox 327 1979 1532 2088; baseline -0.006 -22"><span class='ocrx_word' id='word_1_113' title='bbox 327 1985 361 2066; x_wconf 78' lang='grc' dir='ltr'>οἳ</span> <span class='ocrx_word' id='word_1_114' title='bbox 390 1984 448 2066; x_wconf 87' lang='grc' dir='ltr'>διά</span> <span class='ocrx_word' id='word_1_115' title='bbox 474 1986 630 2070; x_wconf 90' lang='grc' dir='ltr'>πίστεως</span> <span class='ocrx_word' id='word_1_116' title='bbox 657 1989 865 2088; x_wconf 74' lang='grc' dir='ltr'>εἰλικρινοῦς</span> <span class='ocrx_word' id='word_1_117' title='bbox 891 1984 940 2067; x_wconf 86' lang='grc' dir='ltr'>ὡς</span> <span class='ocrx_word' id='word_1_118' title='bbox 963 1979 1059 2062; x_wconf 78' lang='grc' dir='ltr'>Θεὸν</span> <span class='ocrx_word' id='word_1_119' title='bbox 1081 1979 1192 2065; x_wconf 84' lang='grc' dir='ltr'>ὅντως</span> <span class='ocrx_word' id='word_1_120' title='bbox 1218 1979 1445 2082; x_wconf 81' lang='grc' dir='ltr'>τετιμήκασι,</span> <span class='ocrx_word' id='word_1_121' title='bbox 1472 1985 1532 2060; x_wconf 81' lang='grc' dir='ltr'>καὶ</span> 
     </span>
     <span class='ocr_line' id='line_1_15' title="bbox 327 2103 1532 2211; baseline -0.006 -20"><span class='ocrx_word' id='word_1_122' title='bbox 327 2117 400 2190; x_wconf 90' lang='grc' dir='ltr'>τῶν</span> <span class='ocrx_word' id='word_1_123' title='bbox 428 2109 525 2190; x_wconf 80' lang='grc' dir='ltr'>ὅλων</span> <span class='ocrx_word' id='word_1_124' title='bbox 552 2104 797 2211; x_wconf 85' lang='grc' dir='ltr'>ὡμολόγησαν</span> <span class='ocrx_word' id='word_1_125' title='bbox 825 2104 1042 2209; x_wconf 84' lang='grc' dir='ltr'>δημιουργὸν</span> <span class='ocrx_word' id='word_1_126' title='bbox 1069 2107 1128 2185; x_wconf 82' lang='grc' dir='ltr'>καὶ</span> <span class='ocrx_word' id='word_1_127' title='bbox 1157 2103 1304 2208; x_wconf 86' lang='grc' dir='ltr'>Κύρων.</span> <span class='ocrx_word' id='word_1_128' title='bbox 1344 2103 1438 2207; x_wconf 82' lang='grc' dir='ltr'>ὅπερ</span> <span class='ocrx_word' id='word_1_129' title='bbox 1467 2107 1532 2184; x_wconf 80' lang='grc' dir='ltr'>οὖν</span> 
     </span>
     <span class='ocr_line' id='line_1_16' title="bbox 328 2227 1572 2341; baseline -0.009 -27"><span class='ocrx_word' id='word_1_130' title='bbox 328 2234 441 2338; x_wconf 88' lang='grc' dir='ltr'>ε’ίρηκε</span> <span class='ocrx_word' id='word_1_131' title='bbox 460 2233 608 2341; x_wconf 83' lang='grc' dir='ltr'>φθάσας</span> <span class='ocrx_word' id='word_1_132' title='bbox 635 2239 708 2317; x_wconf 89' lang='grc' dir='ltr'>ταῖς</span> <span class='ocrx_word' id='word_1_133' title='bbox 726 2231 909 2315; x_wconf 88' lang='grc' dir='ltr'>Ἰουδαίοις</span> <span class='ocrx_word' id='word_1_134' title='bbox 933 2227 1039 2315; x_wconf 80' lang='grc' dir='ltr'>αὐτὸς</span> <span class='ocrx_word' id='word_1_135' title='bbox 1058 2230 1078 2308; x_wconf 87' lang='grc' dir='ltr'><strong>ὁ</strong></span> <span class='ocrx_word' id='word_1_136' title='bbox 1097 2228 1236 2332; x_wconf 76' lang='grc' dir='ltr'>Σωτὴρ,</span> <span class='ocrx_word' id='word_1_137' title='bbox 1265 2227 1320 2308; x_wconf 80' lang='grc' dir='ltr'>ότι</span> <span class='ocrx_word' id='word_1_138' title='bbox 1348 2239 1371 2276; x_wconf 86' lang='grc'><strong>“</strong></span> <span class='ocrx_word' id='word_1_139' title='bbox 1384 2227 1451 2308; x_wconf 87' lang='grc' dir='ltr'>ἐάν</span> <span class='ocrx_word' id='word_1_140' title='bbox 1479 2227 1529 2328; x_wconf 77' lang='grc' dir='ltr'>μὴ</span> <span class='ocrx_word' id='word_1_141' title='bbox 1543 2257 1572 2317; x_wconf 85' lang='lat'>15</span> 
     </span>
     <span class='ocr_line' id='line_1_17' title="bbox 256 2339 1528 2458; baseline -0.008 -17"><span class='ocrx_word' id='word_1_142' title='bbox 256 2339 262 2352; x_wconf 41' lang='grc' dir='ltr'>Ι</span> <span class='ocrx_word' id='word_1_143' title='bbox 329 2369 352 2406; x_wconf 87' lang='grc'><strong>“</strong></span> <span class='ocrx_word' id='word_1_144' title='bbox 369 2357 588 2456; x_wconf 83' lang='grc' dir='ltr'>πιστεύσητε</span> <span class='ocrx_word' id='word_1_145' title='bbox 615 2356 670 2436; x_wconf 83' lang='grc' dir='ltr'>ὅτι</span> <span class='ocrx_word' id='word_1_146' title='bbox 697 2355 768 2458; x_wconf 83' lang='grc' dir='ltr'>ἐγώ</span> <span class='ocrx_word' id='word_1_147' title='bbox 795 2359 874 2452; x_wconf 87' lang='grc' dir='ltr'>εῖμι,</span> <span class='ocrx_word' id='word_1_148' title='bbox 894 2355 932 2435; x_wconf 92' lang='grc' dir='ltr'>ἐν</span> <span class='ocrx_word' id='word_1_149' title='bbox 950 2361 1027 2438; x_wconf 89' lang='grc' dir='ltr'>ταῖς</span> <span class='ocrx_word' id='word_1_150' title='bbox 1049 2353 1237 2457; x_wconf 82' lang='grc' dir='ltr'>ἁμαρτίαις</span> <span class='ocrx_word' id='word_1_151' title='bbox 1262 2354 1363 2450; x_wconf 89' lang='grc' dir='ltr'>ὐμῶν</span> <span class='ocrx_word' id='word_1_152' title='bbox 1384 2355 1528 2432; x_wconf 89' lang='grc' dir='ltr'>ἀπαθα-</span> 
     </span>
     <span class='ocr_line' id='line_1_18' title="bbox 331 2473 1529 2588; baseline -0.003 -26"><span class='ocrx_word' id='word_1_153' title='bbox 331 2492 353 2530; x_wconf 87' lang='grc'><strong>“</strong></span> <span class='ocrx_word' id='word_1_154' title='bbox 371 2483 519 2580; x_wconf 89' lang='grc' dir='ltr'>νεῖσθε,”</span> <span class='ocrx_word' id='word_1_155' title='bbox 540 2479 672 2581; x_wconf 88' lang='grc' dir='ltr'>ἀληθές</span> <span class='ocrx_word' id='word_1_156' title='bbox 689 2478 731 2562; x_wconf 88' lang='grc' dir='ltr'>ἀν</span> <span class='ocrx_word' id='word_1_157' title='bbox 745 2479 908 2588; x_wconf 79' lang='grc' dir='ltr'>ἐπιδείξει</span> <span class='ocrx_word' id='word_1_158' title='bbox 926 2478 985 2560; x_wconf 85' lang='grc' dir='ltr'>διά</span> <span class='ocrx_word' id='word_1_159' title='bbox 1002 2477 1226 2582; x_wconf 83' lang='grc' dir='ltr'>πραγμάτων</span> <span class='ocrx_word' id='word_1_160' title='bbox 1245 2478 1266 2556; x_wconf 89' lang='grc' dir='ltr'>δ</span> <span class='ocrx_word' id='word_1_161' title='bbox 1282 2473 1529 2580; x_wconf 87' lang='grc' dir='ltr'>Παράκλητος</span> 
     </span>
     <span class='ocr_line' id='line_1_19' title="bbox 330 2603 440 2688; baseline 0.009 -1"><span class='ocrx_word' id='word_1_162' title='bbox 330 2603 440 2688; x_wconf 79' lang='grc' dir='ltr'>ἐλδάν.</span> 
     </span>
    </p>

    <p class='ocr_par' dir='ltr' id='par_1_3' title="bbox 296 2721 1625 3697">
     <span class='ocr_line' id='line_1_20' title="bbox 296 2721 1528 2836; baseline -0.005 -27"><span class='ocrx_word' id='word_1_163' title='bbox 296 2753 318 2818; x_wconf 85' lang='lat' dir='ltr'>b</span> <span class='ocrx_word' id='word_1_164' title='bbox 386 2727 541 2836; x_wconf 77' lang='grc' dir='ltr'>Ἐλέγξει</span> <span class='ocrx_word' id='word_1_165' title='bbox 571 2724 607 2809; x_wconf 77' lang='grc' dir='ltr'>δὲ</span> <span class='ocrx_word' id='word_1_166' title='bbox 634 2727 746 2809; x_wconf 89' lang='grc' dir='ltr'>πάλιν</span> <span class='ocrx_word' id='word_1_167' title='bbox 769 2727 823 2810; x_wconf 74' lang='grc' dir='ltr'>τδν</span> <span class='ocrx_word' id='word_1_168' title='bbox 852 2729 978 2832; x_wconf 83' lang='grc' dir='ltr'>κόσμον</span> <span class='ocrx_word' id='word_1_169' title='bbox 1002 2730 1097 2834; x_wconf 80' lang='grc' dir='ltr'>φησὶ</span> <span class='ocrx_word' id='word_1_170' title='bbox 1125 2733 1198 2835; x_wconf 70' lang='grc' dir='ltr'>περὶ</span> <span class='ocrx_word' id='word_1_171' title='bbox 1228 2721 1454 2819; x_wconf 80' lang='grc' dir='ltr'>δικαιοσύνης,</span> <span class='ocrx_word' id='word_1_172' title='bbox 1483 2723 1528 2804; x_wconf 69' lang='grc' dir='ltr'>’ότι</span> 
     </span>
     <span class='ocr_line' id='line_1_21' title="bbox 330 2848 1573 2960; baseline -0.006 -26"><span class='ocrx_word' id='word_1_173' title='bbox 330 2853 412 2960; x_wconf 73' lang='grc' dir='ltr'>τρῖς</span> <span class='ocrx_word' id='word_1_174' title='bbox 430 2849 481 2935; x_wconf 80' lang='grc' dir='ltr'>τάν</span> <span class='ocrx_word' id='word_1_175' title='bbox 501 2853 641 2960; x_wconf 84' lang='grc' dir='ltr'>Πατίρα</span> <span class='ocrx_word' id='word_1_176' title='bbox 663 2857 790 2955; x_wconf 80' lang='grc' dir='ltr'>ὑπάγω</span> <span class='ocrx_word' id='word_1_177' title='bbox 811 2858 872 2934; x_wconf 70' lang='grc' dir='ltr'>καί</span> <span class='ocrx_word' id='word_1_178' title='bbox 900 2855 1007 2934; x_wconf 83' lang='grc' dir='ltr'>ιύιιέτι</span> <span class='ocrx_word' id='word_1_179' title='bbox 1033 2850 1176 2960; x_wconf 73' lang='grc' dir='ltr'>θεωρεῖτέ</span> <span class='ocrx_word' id='word_1_180' title='bbox 1199 2877 1254 2955; x_wconf 87' lang='grc' dir='ltr'>με·</span> <span class='ocrx_word' id='word_1_181' title='bbox 1287 2857 1437 2951; x_wconf 81' lang='grc' dir='ltr'>συνερεῖ</span> <span class='ocrx_word' id='word_1_182' title='bbox 1457 2848 1573 2952; x_wconf 80' lang='grc' dir='ltr'>γάριο</span> 
     </span>
     <span class='ocr_line' id='line_1_22' title="bbox 330 2971 1526 3080; baseline -0.003 -25"><span class='ocrx_word' id='word_1_183' title='bbox 330 2978 472 3062; x_wconf 88' lang='grc' dir='ltr'>δικαίως</span> <span class='ocrx_word' id='word_1_184' title='bbox 499 2985 573 3062; x_wconf 89' lang='grc' dir='ltr'>τοῖς</span> <span class='ocrx_word' id='word_1_185' title='bbox 602 2976 880 3058; x_wconf 87' lang='grc' dir='ltr'>πεπιστευκόσιν</span> <span class='ocrx_word' id='word_1_186' title='bbox 908 2984 956 3064; x_wconf 82' lang='grc' dir='ltr'>εἰς</span> <span class='ocrx_word' id='word_1_187' title='bbox 983 2974 1149 3080; x_wconf 79' lang='grc' dir='ltr'>Χριστὸν</span> <span class='ocrx_word' id='word_1_188' title='bbox 1173 2973 1264 3074; x_wconf 78' lang='grc' dir='ltr'>μετὰ</span> <span class='ocrx_word' id='word_1_189' title='bbox 1290 2971 1358 3072; x_wconf 85' lang='grc' dir='ltr'>τὴν</span> <span class='ocrx_word' id='word_1_190' title='bbox 1385 2979 1436 3058; x_wconf 83' lang='grc' dir='ltr'>εἰς</span> <span class='ocrx_word' id='word_1_191' title='bbox 1466 2976 1526 3052; x_wconf 88' lang='grc' dir='ltr'>οὐ·</span> 
     </span>
     <span class='ocr_line' id='line_1_23' title="bbox 330 3095 1529 3206; baseline -0.004 -25"><span class='ocrx_word' id='word_1_192' title='bbox 330 3095 457 3206; x_wconf 88' lang='grc' dir='ltr'>ραναύς</span> <span class='ocrx_word' id='word_1_193' title='bbox 483 3101 675 3199; x_wconf 84' lang='grc' dir='ltr'>ἀνάβασιν,</span> <span class='ocrx_word' id='word_1_194' title='bbox 705 3105 751 3185; x_wconf 85' lang='grc' dir='ltr'>ὠς</span> <span class='ocrx_word' id='word_1_195' title='bbox 780 3107 921 3186; x_wconf 89' lang='grc' dir='ltr'>δικαίως</span> <span class='ocrx_word' id='word_1_196' title='bbox 949 3097 1238 3197; x_wconf 87' lang='grc' dir='ltr'>δεδικαιωμένοις.</span> <span class='ocrx_word' id='word_1_197' title='bbox 1282 3097 1529 3204; x_wconf 78' lang='grc' dir='ltr'>παρεδέξαντο</span> 
     </span>
     <span class='ocr_line' id='line_1_24' title="bbox 330 3222 1625 3331; baseline -0.008 -25"><span class='ocrx_word' id='word_1_198' title='bbox 330 3225 402 3331; x_wconf 85' lang='grc' dir='ltr'>γάρ</span> <span class='ocrx_word' id='word_1_199' title='bbox 430 3231 478 3312; x_wconf 85' lang='grc' dir='ltr'>ὡς</span> <span class='ocrx_word' id='word_1_200' title='bbox 506 3225 601 3307; x_wconf 78' lang='grc' dir='ltr'>Θεὸν</span> <span class='ocrx_word' id='word_1_201' title='bbox 628 3223 809 3326; x_wconf 80' lang='grc' dir='ltr'>ἀληθινὸν,</span> <span class='ocrx_word' id='word_1_202' title='bbox 838 3223 880 3306; x_wconf 82' lang='grc' dir='ltr'>δν</span> <span class='ocrx_word' id='word_1_203' title='bbox 907 3225 1088 3307; x_wconf 84' lang='grc' dir='ltr'>τεθέανται</span> <span class='ocrx_word' id='word_1_204' title='bbox 1115 3222 1180 3323; x_wconf 89' lang='grc' dir='ltr'>μέν</span> <span class='ocrx_word' id='word_1_205' title='bbox 1207 3224 1384 3322; x_wconf 85' lang='grc' dir='ltr'>οὐδαμῶς,</span> <span class='ocrx_word' id='word_1_206' title='bbox 1415 3255 1524 3302; x_wconf 86' lang='grc' dir='ltr'>συνε-</span> <span class='ocrx_word' id='word_1_207' title='bbox 1624 3235 1625 3296; x_wconf 69' lang='grc' dir='ltr'>ί</span> 
     </span>
     <span class='ocr_line' id='line_1_25' title="bbox 330 3345 1525 3458; baseline -0.004 -29"><span class='ocrx_word' id='word_1_208' title='bbox 330 3349 463 3453; x_wconf 91' lang='grc' dir='ltr'>δρεύειν</span> <span class='ocrx_word' id='word_1_209' title='bbox 482 3349 596 3451; x_wconf 80' lang='grc' dir='ltr'>γεμὴν</span> <span class='ocrx_word' id='word_1_210' title='bbox 614 3357 665 3458; x_wconf 80' lang='grc' dir='ltr'>τῷ</span> <span class='ocrx_word' id='word_1_211' title='bbox 684 3350 759 3458; x_wconf 84' lang='grc' dir='ltr'>ίδίιρ</span> <span class='ocrx_word' id='word_1_212' title='bbox 774 3353 893 3453; x_wconf 79' lang='grc' dir='ltr'>Πατρὶ</span> <span class='ocrx_word' id='word_1_213' title='bbox 911 3347 1207 3431; x_wconf 84' lang='grc' dir='ltr'>πεπιστεύκασιν.</span> <span class='ocrx_word' id='word_1_214' title='bbox 1243 3346 1298 3426; x_wconf 85' lang='grc' dir='ltr'>ότι</span> <span class='ocrx_word' id='word_1_215' title='bbox 1316 3345 1387 3450; x_wconf 88' lang='grc' dir='ltr'>γάρ</span> <span class='ocrx_word' id='word_1_216' title='bbox 1405 3381 1525 3444; x_wconf 89' lang='grc' dir='ltr'>μακα-</span> 
     </span>
     <span class='ocr_line' id='line_1_26' title="bbox 329 3468 1570 3576; baseline -0.004 -24"><span class='ocrx_word' id='word_1_217' title='bbox 329 3473 427 3576; x_wconf 87' lang='grc' dir='ltr'>ρίους</span> <span class='ocrx_word' id='word_1_218' title='bbox 453 3472 621 3554; x_wconf 79' lang='grc' dir='ltr'>ἀπεκάλει</span> <span class='ocrx_word' id='word_1_219' title='bbox 649 3473 730 3557; x_wconf 89' lang='grc' dir='ltr'>τούς</span> <span class='ocrx_word' id='word_1_220' title='bbox 755 3475 847 3554; x_wconf 83' lang='grc' dir='ltr'>οὕτω</span> <span class='ocrx_word' id='word_1_221' title='bbox 874 3472 1110 3556; x_wconf 80' lang='grc' dir='ltr'>πιστεύοντας</span> <span class='ocrx_word' id='word_1_222' title='bbox 1138 3475 1158 3552; x_wconf 86' lang='grc' dir='ltr'>δ</span> <span class='ocrx_word' id='word_1_223' title='bbox 1184 3468 1360 3574; x_wconf 76' lang='grc' dir='ltr'>Χριστός,</span> <span class='ocrx_word' id='word_1_224' title='bbox 1381 3470 1527 3570; x_wconf 84' lang='grc' dir='ltr'>ἐκμάθοι</span> <span class='ocrx_word' id='word_1_225' title='bbox 1540 3501 1570 3561; x_wconf 78' lang='lat'>²5</span> 
     </span>
     <span class='ocr_line' id='line_1_27' title="bbox 332 3591 1527 3697; baseline -0.003 -22"><span class='ocrx_word' id='word_1_226' title='bbox 332 3631 385 3680; x_wconf 94' lang='grc' dir='ltr'>τις</span> <span class='ocrx_word' id='word_1_227' title='bbox 413 3594 457 3676; x_wconf 92' lang='grc' dir='ltr'>ἀν</span> <span class='ocrx_word' id='word_1_228' title='bbox 484 3600 543 3676; x_wconf 84' lang='grc' dir='ltr'>καὶ</span> <span class='ocrx_word' id='word_1_229' title='bbox 571 3597 655 3676; x_wconf 93' lang='grc' dir='ltr'>λίαν</span> <span class='ocrx_word' id='word_1_230' title='bbox 673 3597 827 3682; x_wconf 88' lang='grc' dir='ltr'>εὐκόλως</span> <span class='ocrx_word' id='word_1_231' title='bbox 854 3597 996 3678; x_wconf 80' lang='grc' dir='ltr'>ἐκείνων</span> <span class='ocrx_word' id='word_1_232' title='bbox 1020 3598 1250 3696; x_wconf 86' lang='grc' dir='ltr'>ἐπιμνησθεὶς</span> <span class='ocrx_word' id='word_1_233' title='bbox 1277 3591 1329 3674; x_wconf 83' lang='grc' dir='ltr'>ῶν</span> <span class='ocrx_word' id='word_1_234' title='bbox 1346 3594 1469 3697; x_wconf 85' lang='grc' dir='ltr'>ε’ίρηκέ</span> <span class='ocrx_word' id='word_1_235' title='bbox 1491 3627 1527 3674; x_wconf 90' lang='grc' dir='ltr'>τε</span> 
     </span>
    </p>

    <p class='ocr_par' dir='ltr' id='par_1_4' title="bbox 302 3717 1527 3824">
     <span class='ocr_line' id='line_1_28' title="bbox 302 3717 1527 3824; baseline -0.001 -27"><span class='ocrx_word' id='word_1_236' title='bbox 302 3720 392 3798; x_wconf 80' lang='grc' dir='ltr'>ακαὶ</span> <span class='ocrx_word' id='word_1_237' title='bbox 410 3720 575 3824; x_wconf 89' lang='grc' dir='ltr'>δέδρακεν</span> <span class='ocrx_word' id='word_1_238' title='bbox 594 3722 770 3820; x_wconf 84' lang='grc' dir='ltr'>όθωμᾶς.</span> <span class='ocrx_word' id='word_1_239' title='bbox 804 3720 989 3824; x_wconf 80' lang='grc' dir='ltr'>ἐνδοιάζων</span> <span class='ocrx_word' id='word_1_240' title='bbox 1007 3719 1080 3823; x_wconf 84' lang='grc' dir='ltr'>γάρ</span> <span class='ocrx_word' id='word_1_241' title='bbox 1098 3720 1149 3799; x_wconf 84' lang='grc' dir='ltr'>ἐτι</span> <span class='ocrx_word' id='word_1_242' title='bbox 1165 3717 1256 3823; x_wconf 80' lang='grc' dir='ltr'>πρὸς</span> <span class='ocrx_word' id='word_1_243' title='bbox 1274 3718 1316 3798; x_wconf 83' lang='grc' dir='ltr'>τὸ</span> <span class='ocrx_word' id='word_1_244' title='bbox 1330 3721 1527 3814; x_wconf 83' lang='grc' dir='ltr'>ἀναβιῶναι</span> 
     </span>
    </p>

    <p class='ocr_par' dir='ltr' id='par_1_5' title="bbox 163 3841 1568 4320">
     <span class='ocr_line' id='line_1_29' title="bbox 163 3841 1525 3976; baseline -0.001 -52"><span class='ocrx_word' id='word_1_245' title='bbox 163 3845 255 3976; x_wconf 50' lang='lat' dir='ltr'><em>Q</em></span> <span class='ocrx_word' id='word_1_246' title='bbox 332 3842 396 3925; x_wconf 83' lang='grc' dir='ltr'>τὸν</span> <span class='ocrx_word' id='word_1_247' title='bbox 409 3842 499 3924; x_wconf 81' lang='grc' dir='ltr'>Υίόν</span> <span class='ocrx_word' id='word_1_248' title='bbox 519 3855 540 3892; x_wconf 85' lang='grc'><strong>“</strong></span> <span class='ocrx_word' id='word_1_249' title='bbox 552 3843 643 3924; x_wconf 84' lang='grc' dir='ltr'>Ἐάν</span> <span class='ocrx_word' id='word_1_250' title='bbox 660 3843 710 3944; x_wconf 80' lang='grc' dir='ltr'>μὴ</span> <span class='ocrx_word' id='word_1_251' title='bbox 721 3845 842 3943; x_wconf 83' lang='grc' dir='ltr'>βάλω,</span> <span class='ocrx_word' id='word_1_252' title='bbox 859 3849 963 3949; x_wconf 81' lang='grc' dir='ltr'>φησὶ,</span> <span class='ocrx_word' id='word_1_253' title='bbox 975 3844 1041 3943; x_wconf 83' lang='grc' dir='ltr'>τὴν</span> <span class='ocrx_word' id='word_1_254' title='bbox 1059 3842 1161 3948; x_wconf 87' lang='grc' dir='ltr'>χεῖρά</span> <span class='ocrx_word' id='word_1_255' title='bbox 1179 3877 1249 3942; x_wconf 90' lang='grc' dir='ltr'>μου</span> <span class='ocrx_word' id='word_1_256' title='bbox 1267 3849 1315 3926; x_wconf 81' lang='grc' dir='ltr'>εἷς</span> <span class='ocrx_word' id='word_1_257' title='bbox 1334 3841 1401 3942; x_wconf 83' lang='grc' dir='ltr'>τὴν</span> <span class='ocrx_word' id='word_1_258' title='bbox 1418 3852 1525 3922; x_wconf 91' lang='grc' dir='ltr'>πλευ-</span> 
     </span>
     <span class='ocr_line' id='line_1_30' title="bbox 333 3965 1526 4072; baseline -0.002 -24"><span class='ocrx_word' id='word_1_259' title='bbox 333 3978 354 4015; x_wconf 92' lang='lat'><strong>“</strong></span> <span class='ocrx_word' id='word_1_260' title='bbox 366 3966 434 4072; x_wconf 85' lang='grc' dir='ltr'>ράν</span> <span class='ocrx_word' id='word_1_261' title='bbox 445 3970 632 4068; x_wconf 67' lang='grc' dir='ltr'>αὐτοῦκαὶ</span> <span class='ocrx_word' id='word_1_262' title='bbox 651 3967 714 4048; x_wconf 86' lang='grc' dir='ltr'>’ίδω</span> <span class='ocrx_word' id='word_1_263' title='bbox 726 3968 807 4052; x_wconf 88' lang='grc' dir='ltr'>τούς</span> <span class='ocrx_word' id='word_1_264' title='bbox 824 3967 957 4052; x_wconf 86' lang='grc' dir='ltr'>τύπους</span> <span class='ocrx_word' id='word_1_265' title='bbox 973 3974 1045 4047; x_wconf 89' lang='grc' dir='ltr'>τῶν</span> <span class='ocrx_word' id='word_1_266' title='bbox 1063 3967 1174 4066; x_wconf 87' lang='grc' dir='ltr'>ἥλων,</span> <span class='ocrx_word' id='word_1_267' title='bbox 1186 3967 1227 4046; x_wconf 87' lang='grc' dir='ltr'>οὐ</span> <span class='ocrx_word' id='word_1_268' title='bbox 1245 3965 1296 4067; x_wconf 82' lang='grc' dir='ltr'>μὴ</span> <span class='ocrx_word' id='word_1_269' title='bbox 1306 3965 1526 4048; x_wconf 87' lang='grc' dir='ltr'>πιστεύσω.”</span> 
     </span>
     <span class='ocr_line' id='line_1_31' title="bbox 331 4089 1568 4198; baseline -0.007 -26"><span class='ocrx_word' id='word_1_270' title='bbox 331 4091 450 4192; x_wconf 84' lang='grc' dir='ltr'>ἐπειδὴ</span> <span class='ocrx_word' id='word_1_271' title='bbox 482 4092 520 4173; x_wconf 84' lang='grc' dir='ltr'>δέ</span> <span class='ocrx_word' id='word_1_272' title='bbox 551 4092 796 4190; x_wconf 86' lang='grc' dir='ltr'>πεπίστευκεν,</span> <span class='ocrx_word' id='word_1_273' title='bbox 827 4091 915 4195; x_wconf 79' lang='grc' dir='ltr'>ὅπερ</span> <span class='ocrx_word' id='word_1_274' title='bbox 946 4089 1108 4192; x_wconf 82' lang='grc' dir='ltr'>ἠθέλησε</span> <span class='ocrx_word' id='word_1_275' title='bbox 1141 4093 1230 4195; x_wconf 82' lang='grc' dir='ltr'>δρᾶν</span> <span class='ocrx_word' id='word_1_276' title='bbox 1258 4090 1405 4197; x_wconf 81' lang='grc' dir='ltr'>ἐφέντος</span> <span class='ocrx_word' id='word_1_277' title='bbox 1436 4092 1568 4198; x_wconf 66' lang='grc' dir='ltr'>αύτῲηο</span> 
     </span>
     <span class='ocr_line' id='line_1_32' title="bbox 330 4212 1526 4320; baseline 0.001 -25"><span class='ocrx_word' id='word_1_278' title='bbox 330 4224 394 4295; x_wconf 91' lang='grc' dir='ltr'>τοῦ</span> <span class='ocrx_word' id='word_1_279' title='bbox 427 4221 602 4320; x_wconf 82' lang='grc' dir='ltr'>Χριστοῦ,</span> <span class='ocrx_word' id='word_1_280' title='bbox 629 4218 742 4297; x_wconf 90' lang='grc' dir='ltr'>ποίων</span> <span class='ocrx_word' id='word_1_281' title='bbox 771 4215 905 4315; x_wconf 84' lang='grc' dir='ltr'>ἤκουσε</span> <span class='ocrx_word' id='word_1_282' title='bbox 938 4213 1083 4318; x_wconf 87' lang='grc' dir='ltr'>λόγων;</span> <span class='ocrx_word' id='word_1_283' title='bbox 1129 4226 1152 4263; x_wconf 83' lang='grc'><strong>“</strong></span> <span class='ocrx_word' id='word_1_284' title='bbox 1165 4213 1255 4296; x_wconf 88' lang='grc' dir='ltr'>Ὅτι</span> <span class='ocrx_word' id='word_1_285' title='bbox 1287 4212 1448 4316; x_wconf 76' lang='grc' dir='ltr'>ἑώρακάς</span> <span class='ocrx_word' id='word_1_286' title='bbox 1476 4247 1526 4314; x_wconf 84' lang='grc' dir='ltr'>με,</span> 
     </span>
    </p>
   </div>
   <div class='ocr_carea' id='block_1_3' title="bbox 330 4502 1524 4648">
    <p class='ocr_par' dir='ltr' id='par_1_6' title="bbox 330 4502 1524 4648">
     <span class='ocr_line' id='line_1_33' title="bbox 365 4502 1524 4576; baseline 0.003 -19"><span class='ocrx_word' id='word_1_287' title='bbox 365 4502 391 4557; x_wconf 85' lang='grc'>6.</span> <span class='ocrx_word' id='word_1_288' title='bbox 409 4525 438 4558; x_wconf 81' lang='grc' dir='ltr'>τε</span> <span class='ocrx_word' id='word_1_289' title='bbox 450 4513 619 4575; x_wconf 74' lang='lat' dir='ltr'><strong>assumptum</strong></span> <span class='ocrx_word' id='word_1_290' title='bbox 632 4521 664 4558; x_wconf 85' lang='lat' dir='ltr'>ex</span> <span class='ocrx_word' id='word_1_291' title='bbox 678 4504 711 4560; x_wconf 89' lang='lat' dir='ltr'>E.</span> <span class='ocrx_word' id='word_1_292' title='bbox 865 4505 906 4560; x_wconf 87' lang='lat'>16.</span> <span class='ocrx_word' id='word_1_293' title='bbox 924 4505 964 4560; x_wconf 79' lang='grc' dir='ltr'>ὅτι</span> <span class='ocrx_word' id='word_1_294' title='bbox 977 4506 1028 4576; x_wconf 73' lang='grc' dir='ltr'>ἐγώ</span> <span class='ocrx_word' id='word_1_295' title='bbox 1041 4506 1092 4576; x_wconf 73' lang='grc' dir='ltr'>εἰμι</span> <span class='ocrx_word' id='word_1_296' title='bbox 1104 4521 1158 4560; x_wconf 87' lang='lat' dir='ltr'>om.</span> <span class='ocrx_word' id='word_1_297' title='bbox 1173 4505 1205 4559; x_wconf 83' lang='grc' dir='ltr'>Ε.</span> <span class='ocrx_word' id='word_1_298' title='bbox 1358 4519 1402 4574; x_wconf 81' lang='lat'>25.</span> <span class='ocrx_word' id='word_1_299' title='bbox 1422 4505 1524 4561; x_wconf 77' lang='grc' dir='ltr'>πιστεῦ-</span> 
     </span>
     <span class='ocr_line' id='line_1_34' title="bbox 330 4573 1282 4648; baseline 0 -20"><span class='ocrx_word' id='word_1_300' title='bbox 330 4595 405 4630; x_wconf 85' lang='grc' dir='ltr'>οντας</span> <span class='ocrx_word' id='word_1_301' title='bbox 417 4575 450 4630; x_wconf 83' lang='grc' dir='ltr'>Ε.</span> <span class='ocrx_word' id='word_1_302' title='bbox 464 4575 567 4646; x_wconf 77' lang='lat' dir='ltr'><strong>Migne.</strong></span> <span class='ocrx_word' id='word_1_303' title='bbox 579 4573 780 4634; x_wconf 85' lang='grc' dir='ltr'>πεπιστεύοντας</span> <span class='ocrx_word' id='word_1_304' title='bbox 795 4577 857 4647; x_wconf 78' lang='lat' dir='ltr'><strong>(sic)</strong></span> <span class='ocrx_word' id='word_1_305' title='bbox 870 4576 922 4632; x_wconf 84' lang='lat' dir='ltr'>Ed.</span> <span class='ocrx_word' id='word_1_306' title='bbox 1100 4592 1144 4648; x_wconf 84' lang='lat'>31.</span> <span class='ocrx_word' id='word_1_307' title='bbox 1162 4577 1238 4631; x_wconf 86' lang='grc' dir='ltr'>ποῖον</span> <span class='ocrx_word' id='word_1_308' title='bbox 1251 4573 1282 4628; x_wconf 82' lang='grc' dir='ltr'>Ε.</span> 
     </span>
    </p>
   </div>
   <div class='ocr_carea' id='block_1_4' title="bbox 0 0 1653 5118">
    <p class='ocr_par' dir='ltr' id='par_1_7' title="bbox 0 0 1653 5118">
     <span class='ocr_line' id='line_1_35' title="bbox 0 0 1653 5118; baseline 0 0"><span class='ocrx_word' id='word_1_309' title='bbox 0 0 1653 5118; x_wconf 95' lang='lat' dir='ltr'> </span> 
     </span>
    </p>
   </div>
  </div>
 </body>
</html>
