3248 5112
314 331 379 396 542
440 316 446 326 ¹
504 337 508 342 “
578 331 894 402 xB.CYRIIJI1I
923 333 1211 400 ALEXANDR.
1424 355 1483 398 xv.
1501 351 1529 393 1.

283 491 382 592 δμέν
403 499 483 578 ἐστι
512 497 604 580 κατὰ
631 506 737 579 τοῦτο
759 497 934 602 Χριστός·
971 499 1069 600 ἡμεῖς
1096 498 1134 580 δέ
1161 498 1359 599 κλημάτων
1385 499 1529 577 &m-

317 629 465 706 λοῦντες
501 627 630 728 σχῆμα
666 620 733 724 τῆν
764 623 809 729 ἐξ
842 623 950 702 αῦτοῦ
987 625 1046 703 καὶ
1079 624 1163 726 παρ’
1193 625 1302 703 αῦτοῦ
1341 621 1442 725 ζωὴν
1482 626 1532 703 εἰς

216 788 223 803 ·
319 740 446 828 αῦτοῦς
480 746 705 850 κομιζόμεθα,
738 748 852 827 καίτοι
885 753 949 826 τοῦ
975 751 1127 826 Παῦλον
1159 747 1333 848 λέγοντος
1363 749 1420 825 Οἱ
1453 743 1531 846 γὰρ

187 856 192 868 ’
218 855 230 952 ’,
258 937 264 954 .
318 866 448 952 πάντες
467 868 538 950 “ἓν
556 868 667 970 σῶμά
691 871 801 968 ε’σμεν
819 871 857 948 έν
874 874 1037 976 Χριστῷ,
1056 869 1111 948 ὅτι
1133 869 1182 954 εἷς
1203 872 1309 974 ἄρτος
1330 873 1364 949 οἱ
1385 870 1535 950 πολλοί

318 1001 341 1038 “
359 994 482 1090 ἐσμεν·
526 997 560 1074 οί
596 991 668 1098 γὰρ
699 989 830 1078 πάντες
861 995 900 1072 ἐκ
932 1001 995 1073 τοῦ
1028 993 1105 1079 ἑνὸς
1142 994 1252 1096 άρτου
1288 994 1558 1098 μετέχομεν.”5

318 1116 454 1218 λεγέτω
481 1116 554 1222 γάρ
581 1152 634 1202 τις
662 1119 745 1218 ῆμῖν
772 1116 839 1218 τῆν
863 1119 989 1216 αἰτίαν,
1012 1121 1070 1197 καὶ
1098 1117 1294 1199 διδασκέτω
1321 1116 1531 1220 παρελθὼν

318 1245 382 1342 τῆς
410 1245 586 1341 μυστικῆς
616 1243 781 1345 εὐλογίας
810 1238 877 1340 τῆν
904 1240 1062 1340 δύναμιν.
1101 1240 1233 1344 γίνεται
1262 1240 1335 1344 γὰρ
1367 1245 1410 1320 ἐν
1439 1242 1530 1340 ἡμῖν

319 1367 416 1446 διατί
425 1399 435 1463 ;
462 1363 517 1469 ἆρ’
533 1367 612 1471 οὐχὶ
631 1369 690 1446 καὶ
707 1371 920 1465 σωματικῶς
938 1366 1022 1464 ἡμῖν
1041 1363 1258 1466 ένοικίζουσα
1276 1363 1341 1444 τὸν
1352 1362 1531 1466 Χριστὸν

290 1497 365 1596 στῆ
383 1491 521 1597 μεθέξει
539 1495 597 1570 καῖ
616 1491 780 1597 κοινωνίᾳ
797 1494 861 1589 τῆς
880 1491 984 1591 ἁγίας
1001 1491 1109 1570 αὐτοῦ
1127 1491 1285 1592 σαρκός;
1313 1491 1403 1567 ἀλλ’
1423 1485 1530 1584 οἶμαι

151 1615 262 1734 {Ph-³⁵2
320 1615 439 1717 λέγειν
461 1616 588 1718 ὀρθῶς·
624 1613 757 1721 γράφει
782 1613 853 1716 γὰρ
876 1615 896 1693 ὁ
917 1619 1067 1697 Παῦλος
1089 1617 1303 1716 γεγενῆσθαι
1323 1623 1345 1659 “
1358 1610 1410 1690 τὰ
1436 1611 1529 1710 ἔθνη
1544 1643 1579 1684 ιο

320 1747 342 1785 “
359 1736 547 1837 σάσσωμα
574 1742 633 1817 καὶ
662 1738 875 1842 συμμέτοχα
906 1743 963 1818 καὶ
996 1733 1298 1838 συγκληρονόμα”
1332 1739 1525 1837 Χριστοῦ.

318 1859 506 1962 σθσσωμα
533 1869 724 1965 τοιγαροῦν
746 1860 838 1942 κατὰ
864 1867 966 1942 ποῖον
989 1860 1181 1966 ἀπεφάνθη
1208 1859 1369 1963 τρόπους
1403 1857 1525 1964 ἀξιω-

319 1985 426 2066 θέντα
453 1984 524 2090 γὰρ
551 1993 747 2090 μετασχεῖν
771 1989 834 2084 τῆς
862 1985 1027 2085 εῦλογίας
1054 1989 1118 2084 τῆς
1145 1987 1330 2083 μυστικῆς,
1359 1980 1400 2060 ἓν
1429 1981 1527 2084 πρὸς

318 2108 428 2192 αὐτὸν
446 2110 572 2213 γέγονε
590 2117 709 2208 σῶμα,
729 2107 889 2212 καθάπερ
908 2108 1032 2206 ἀμέλει
1058 2111 1117 2188 καὶ
1142 2113 1215 2187 τῶν
1232 2107 1345 2208 ἁγίων
1364 2106 1527 2192 ἕκαστος

320 2233 551 2318 ἀποστόλων.
599 2235 674 2314 ε’πεὶ
702 2233 760 2312 διὰ
787 2233 895 2314 ποίαν
923 2233 1038 2311 αἰτίαν
1065 2232 1157 2331 μέλη
1186 2239 1250 2311 τοῦ
1277 2235 1448 2334 Χριστοῦ
1477 2229 1525 2310 τὰ
1540 2259 1572 2318 15

320 2361 441 2456 οἰκεῖα,
459 2356 661 2456 μᾶλλονδὲ
684 2355 730 2436 τὰ
751 2355 907 2454 πάντων,
927 2358 976 2441 ῶς
1001 2356 1110 2435 αὐτοῦ
1135 2353 1369 2451 κατωνάμασε
1393 2354 1521 2456 μέλη,

154 2500 220 2554 868
229 2496 271 2554 Δ.
292 2479 452 2588 αγράφει
483 2479 555 2585 γὰρ
586 2483 699 2563 οὕτως
726 2489 749 2527 “
768 2481 849 2560 Οῦκ
876 2479 992 2558 οἴδατε
1018 2478 1073 2559 θτι
1101 2476 1146 2560 τά
1173 2478 1268 2578 μέλη
1296 2480 1397 2578 ὑμῶν
1425 2480 1524 2578 μέλη

153 2575 236 2701 ῖάῖῆ.
322 2613 344 2650 “
363 2608 528 2706 Χριστοῦ
555 2607 679 2698 ε’στιν;
709 2603 797 2706 άρας
823 2602 954 2684 οὖντοῦ
978 2603 1071 2704 μέλη
1095 2611 1159 2683 τοῦ
1182 2608 1348 2706 Χριστοῦ
1375 2602 1524 2702 ποιήσω

154 2738 236 2866 ξγυὲξ
323 2736 344 2773 “
362 2723 497 2826 πόρνης
515 2725 630 2826 με’λη;
659 2724 710 2826 μὴ
728 2725 897 2826 γένοιτο·”
927 2725 1102 2806 ἀλλὰκαὶ
1121 2723 1226 2810 αὐτὸς
1247 2728 1267 2806 ὁ
1287 2725 1418 2828 Σωτήρ
1435 2737 1459 2774 “
1472 2726 1523 2806 Ὀ

182 2839 188 2853 ’
235 2839 241 2852 ’
323 2859 345 2896 “
362 2847 512 2952 τράγων
528 2884 599 2950 μου
613 2849 689 2950 τὴν
711 2846 847 2953 σάρκα,
867 2857 974 2957 φησὶ,
992 2854 1049 2930 καὶ
1075 2851 1188 2931 πίνων
1205 2885 1276 2950 μου
1301 2850 1343 2930 τὸ
1367 2849 1460 2947 αἷμα
1485 2855 1523 2932 έν
1538 2885 1573 2926 ιο

322 2981 344 3020 “
362 2975 438 3071 ε’μοῖ
466 2972 571 3072 μένει,
599 2972 701 3076 κάγῖο
728 2977 766 3054 ἐν
794 2975 922 3082 αῦτῲ.”
967 2975 1005 3053 έν
1031 2971 1102 3077 γὰρ
1133 2973 1177 3075 δὴ
1209 2975 1324 3082 τοθτιρ
1353 2975 1522 3074 μάλιστα

321 3101 474 3176 κατιδεῖν
510 3098 623 3205 ἄξιον,
656 3100 704 3181 ὡς
742 3098 783 3176 οῦ
820 3095 911 3176 κατὰ
948 3096 1080 3202 σχέσιν
1112 3095 1192 3177 τινὰ
1227 3098 1352 3198 μόνην,
1383 3098 1452 3200 τῆν
1483 3103 1522 3178 έν

321 3219 479 3301 διαθέσει
503 3223 708 3322 νοουμένην,
726 3223 764 3300 ἐν
782 3220 867 3320 ἡμῖν
885 3219 1038 3300 έσεσθαί
1052 3227 1168 3325 φησιν
1187 3223 1207 3300 ὁ
1226 3220 1400 3324 Χριστὸς,
1419 3222 1520 3302 σ’λλὰ

321 3347 380 3423 καὶ
399 3342 490 3424 κατὰ
506 3346 650 3452 μέθεξιν
669 3344 853 3452 [φυσικὴν]
873 3345 951 3446 ἤτοι
970 3343 1140 3463 φυοικῆν.
1185 3343 1310 3449 ῶσπερ
1328 3344 1400 3448 γάρ
1418 3345 1519 3429 εἴτις

321 3466 431 3568 κηρὸν
458 3469 565 3575 ἑτέρῳ
592 3468 870 3574 συναναπλέξας
898 3475 1005 3575 κηρῷ,
1031 3471 1089 3547 καὶ
1116 3473 1201 3571 πυρὶ
1229 3468 1518 3576 συγκατατῆξας,
1533 3493 1569 3554 ²5

287 3588 360 3666 δέν
379 3622 412 3668 τι
431 3588 473 3668 τδ
492 3590 535 3696 ἐξ
551 3579 687 3696 ἀμφοῖν
706 3589 896 3694 ἐργάζεται,
914 3592 1006 3672 οὕτω
1026 3589 1084 3670 διὰ
1108 3596 1173 3692 τῆς
1196 3589 1434 3696 μεταλῆψεως
1455 3601 1518 3673 τοῦ

321 3709 490 3810 σώματος
512 3723 576 3791 τοῦ
595 3719 760 3814 Χριστοῦ
785 3717 843 3794 καὶ
868 3724 932 3795 τοῦ
956 3715 1073 3814 τιμίου
1098 3716 1257 3815 αἵματος,
1277 3713 1382 3800 αὐτὸς
1400 3715 1467 3816 μέν
1482 3720 1519 3798 ἐν

320 3835 415 3934 ῆμΐν,
433 3835 532 3934 ἡμεῖς
560 3833 599 3914 δέ
627 3837 672 3914 αὖ
699 3836 812 3916 πάλιν
834 3840 871 3917 έν
892 3839 988 3946 αὐτῷ
1015 3839 1267 3937 συνενοιίμεθα.
1309 3840 1352 3919 οῦ
1377 3838 1451 3944 γὰρ
1475 3838 1519 3940 ἦν

319 3957 445 4061 ἑτέρως
475 3958 733 4062 ζωοποιηθῆναι
766 3959 943 4040 δύνασθαι
972 3961 1014 4041 τῦ
1044 3965 1256 4069 φθείρεσθαι
1285 3957 1459 4070 πεφυκὸς,
1491 3972 1520 4045 εί

318 4079 369 4180 μὴ
407 4079 618 4184 συνεπλάκη
655 4090 869 4181 σωματικῶς
908 4090 960 4192 τῶ
996 4085 1140 4185 σάματι
1176 4089 1240 4185 τῆς
1277 4085 1369 4166 κατὰ
1405 4087 1567 4194 φιίσινειο

320 4202 420 4305 ζωῆς,
457 4206 631 4302 τουτέστι,
667 4215 731 4287 τοῦ
770 4213 1012 4309 Μονογενοῦς.
1067 4212 1124 4290 καὶ
1160 4215 1190 4290 εὶ
1226 4208 1278 4310 μῆ
1315 4217 1389 4295 τοῖς
1426 4215 1518 4311 ε’μοῑς

355 4419 380 4476 7.
416 4407 586 4478 λρ]-Ι-ἦΕ.
678 4408 851 4481 ιδδραρτο
863 4410 927 4480 εἴρας
941 4411 1003 4482 (εἰς)
1018 4413 1050 4468 E.
1105 4417 1151 4468 τοῦ
1164 4431 1217 4469 om.
1230 4431 1257 4484 p.
1342 4417 1517 4487 α4.φυσικην

318 4477 375 4544 ἤτοι
432 4475 507 4546 σικὴν
518 4477 598 4532 habet
610 4487 637 4532 et
650 4479 682 4534 E.
694 4481 810 4550 φυσικὴν
821 4481 973 4537 emendavit
986 4483 1092 4554 Migne.
1127 4483 1205 4538 Forte
1223 4485 1348 4556 σαρκικὴν
1364 4489 1422 4555 ἤτοι
1439 4489 1517 4558 φυσι-

318 4544 373 4614 κὴν,
386 4545 421 4600 cf.
434 4564 515 4616 supra
528 4547 579 4603 862
593 4548 611 4603 b
624 4550 687 4604 κατὰ
699 4551 729 4605 τδ
742 4555 829 4620 σῶμα,
839 4551 891 4606 862
907 4570 921 4608 c
935 4553 1078 4625 συναφείας
1090 4557 1135 4624 τῆς
1146 4555 1210 4608 κατδ
1223 4556 1317 4626 σάρκα.
