<?xml version="1.0" encoding="UTF-8"?>
<!DOCTYPE html PUBLIC "-//W3C//DTD XHTML 1.0 Transitional//EN"
    "http://www.w3.org/TR/xhtml1/DTD/xhtml1-transitional.dtd">
<html xmlns="http://www.w3.org/1999/xhtml" xml:lang="en" lang="en">
 <head>
  <title>
</title>
<meta http-equiv="Content-Type" content="text/html;charset=utf-8" />
  <meta name='ocr-system' content='tesseract 3.04.00' />
  <meta name='ocr-capabilities' content='ocr_page ocr_carea ocr_par ocr_line ocrx_word'/>
</head>
<body>
  <div class='ocr_page' id='page_1' title='image "./sanctipatrisnos02pusegoog_0749.png"; bbox 0 0 3238 5114; ppageno 0'>
   <div class='ocr_carea' id='block_1_1' title="bbox 114 338 1323 429">
    <p class='ocr_par' dir='ltr' id='par_1_1' title="bbox 114 338 1323 429">
     <span class='ocr_line' id='line_1_1' title="bbox 114 338 1323 429; baseline 0.011 -28"><span class='ocrx_word' id='word_1_1' title='bbox 114 338 196 406; x_wconf 88' lang='lat' dir='ltr'>xvii.</span> <span class='ocrx_word' id='word_1_2' title='bbox 212 357 325 429; x_wconf 83' lang='lat'>14,15.</span> <span class='ocrx_word' id='word_1_3' title='bbox 357 343 415 410; x_wconf 91' lang='lat' dir='ltr'>IN</span> <span class='ocrx_word' id='word_1_4' title='bbox 446 347 481 412; x_wconf 81' lang='lat' dir='ltr'>S.</span> <span class='ocrx_word' id='word_1_5' title='bbox 504 343 766 412; x_wconf 81' lang='lat' dir='ltr'>JOANNEM.</span> <span class='ocrx_word' id='word_1_6' title='bbox 810 341 907 408; x_wconf 84' lang='lat' dir='ltr'><strong>LIB.</strong></span> <span class='ocrx_word' id='word_1_7' title='bbox 931 342 1002 413; x_wconf 82' lang='lat' dir='ltr'>XL‘</span> <span class='ocrx_word' id='word_1_8' title='bbox 1038 340 1139 408; x_wconf 79' lang='lat' dir='ltr'><strong>cAP.</strong></span> <span class='ocrx_word' id='word_1_9' title='bbox 1155 341 1217 408; x_wconf 89' lang='lat' dir='ltr'>IX.</span> <span class='ocrx_word' id='word_1_10' title='bbox 1258 339 1323 414; x_wconf 80' lang='lat'><strong>⁷11:</strong></span> 
     </span>
    </p>
   </div>
   <div class='ocr_carea' id='block_1_2' title="bbox 9 503 1492 4316">
    <p class='ocr_par' dir='ltr' id='par_1_2' title="bbox 9 503 1492 3704">
     <span class='ocr_line' id='line_1_2' title="bbox 116 503 1323 614; baseline 0.005 -32"><span class='ocrx_word' id='word_1_11' title='bbox 116 503 331 608; x_wconf 75' lang='grc' dir='ltr'>ἀποστολῆς</span> <span class='ocrx_word' id='word_1_12' title='bbox 358 506 423 592; x_wconf 78' lang='grc' dir='ltr'>τὸν</span> <span class='ocrx_word' id='word_1_13' title='bbox 450 507 585 614; x_wconf 85' lang='grc' dir='ltr'>δρόμον</span> <span class='ocrx_word' id='word_1_14' title='bbox 613 504 843 606; x_wconf 87' lang='grc' dir='ltr'>τελέσανπας,</span> <span class='ocrx_word' id='word_1_15' title='bbox 869 505 892 607; x_wconf 81' lang='grc' dir='ltr'>ἢ</span> <span class='ocrx_word' id='word_1_16' title='bbox 917 513 996 592; x_wconf 89' lang='grc' dir='ltr'>ταῖς</span> <span class='ocrx_word' id='word_1_17' title='bbox 1026 508 1103 588; x_wconf 85' lang='grc' dir='ltr'>κατ’</span> <span class='ocrx_word' id='word_1_18' title='bbox 1125 506 1323 605; x_wconf 82' lang='grc' dir='ltr'>ἐὐσέβειαν</span> 
     </span>
     <span class='ocr_line' id='line_1_3' title="bbox 115 629 1488 740; baseline 0.001 -34"><span class='ocrx_word' id='word_1_19' title='bbox 115 629 388 737; x_wconf 72' lang='grc' dir='ltr'>διατρίψαντας</span> <span class='ocrx_word' id='word_1_20' title='bbox 405 633 556 736; x_wconf 90' lang='grc' dir='ltr'>ἀρεταῖς,</span> <span class='ocrx_word' id='word_1_21' title='bbox 576 630 676 712; x_wconf 82' lang='grc' dir='ltr'>ἀλλά</span> <span class='ocrx_word' id='word_1_22' title='bbox 692 638 766 716; x_wconf 90' lang='grc' dir='ltr'>τοῖς</span> <span class='ocrx_word' id='word_1_23' title='bbox 783 631 821 710; x_wconf 82' lang='grc' dir='ltr'>ἐν</span> <span class='ocrx_word' id='word_1_24' title='bbox 838 630 967 740; x_wconf 82' lang='grc' dir='ltr'>κόσμῳ</span> <span class='ocrx_word' id='word_1_25' title='bbox 985 629 1353 731; x_wconf 81' lang='grc' dir='ltr'>συμβιοτεόσανταςο</span> <span class='ocrx_word' id='word_1_26' title='bbox 1371 653 1439 708; x_wconf 73' lang='lat'>082</span> <span class='ocrx_word' id='word_1_27' title='bbox 1449 651 1488 707; x_wconf 76' lang='grc' dir='ltr'>Δ.</span> 
     </span>
     <span class='ocr_line' id='line_1_4' title="bbox 117 751 1318 866; baseline 0.005 -37"><span class='ocrx_word' id='word_1_28' title='bbox 117 752 178 830; x_wconf 79' lang='grc' dir='ltr'>καὶ</span> <span class='ocrx_word' id='word_1_29' title='bbox 191 757 240 837; x_wconf 81' lang='grc' dir='ltr'>είς</span> <span class='ocrx_word' id='word_1_30' title='bbox 253 753 446 858; x_wconf 81' lang='grc' dir='ltr'>εὐάρεστον</span> <span class='ocrx_word' id='word_1_31' title='bbox 462 759 515 866; x_wconf 88' lang='grc' dir='ltr'>τῷ</span> <span class='ocrx_word' id='word_1_32' title='bbox 534 761 616 865; x_wconf 86' lang='grc' dir='ltr'>Θεῷ</span> <span class='ocrx_word' id='word_1_33' title='bbox 628 756 812 837; x_wconf 85' lang='grc' dir='ltr'>πολιτείαν</span> <span class='ocrx_word' id='word_1_34' title='bbox 823 751 906 840; x_wconf 74' lang='grc' dir='ltr'>τοὺς</span> <span class='ocrx_word' id='word_1_35' title='bbox 921 757 959 834; x_wconf 85' lang='grc' dir='ltr'>ἐν</span> <span class='ocrx_word' id='word_1_36' title='bbox 970 755 1066 863; x_wconf 82' lang='grc' dir='ltr'>αὐτῷ</span> <span class='ocrx_word' id='word_1_37' title='bbox 1079 753 1318 858; x_wconf 87' lang='grc' dir='ltr'>ποδηγήσαν·</span> 
     </span>
     <span class='ocr_line' id='line_1_5' title="bbox 118 877 1323 985; baseline 0.004 -32"><span class='ocrx_word' id='word_1_38' title='bbox 118 907 196 974; x_wconf 88' lang='grc' dir='ltr'>τας,</span> <span class='ocrx_word' id='word_1_39' title='bbox 213 877 304 976; x_wconf 86' lang='grc' dir='ltr'>μετά</span> <span class='ocrx_word' id='word_1_40' title='bbox 327 887 507 985; x_wconf 78' lang='grc' dir='ltr'>λαμπρῶν</span> <span class='ocrx_word' id='word_1_41' title='bbox 524 878 605 961; x_wconf 88' lang='grc' dir='ltr'>τότε</span> <span class='ocrx_word' id='word_1_42' title='bbox 632 885 705 959; x_wconf 81' lang='grc' dir='ltr'>τῶν</span> <span class='ocrx_word' id='word_1_43' title='bbox 729 877 1017 982; x_wconf 82' lang='grc' dir='ltr'>κατορθωμάτων</span> <span class='ocrx_word' id='word_1_44' title='bbox 1037 877 1128 982; x_wconf 78' lang='grc' dir='ltr'>πρὸς</span> <span class='ocrx_word' id='word_1_45' title='bbox 1155 879 1221 979; x_wconf 82' lang='grc' dir='ltr'>τήν</span> <span class='ocrx_word' id='word_1_46' title='bbox 1246 877 1323 959; x_wconf 84' lang='grc' dir='ltr'>ἀνω</span> 
     </span>
     <span class='ocr_line' id='line_1_6' title="bbox 81 997 1324 1155; baseline 0.001 -74"><span class='ocrx_word' id='word_1_47' title='bbox 81 1020 104 1082; x_wconf 82' lang='grc'>5</span> <span class='ocrx_word' id='word_1_48' title='bbox 120 997 295 1104; x_wconf 81' lang='grc' dir='ltr'>φέρεσθαι</span> <span class='ocrx_word' id='word_1_49' title='bbox 311 1003 431 1101; x_wconf 88' lang='grc' dir='ltr'>πόλιν,</span> <span class='ocrx_word' id='word_1_50' title='bbox 450 1004 509 1084; x_wconf 81' lang='grc' dir='ltr'>καὶ</span> <span class='ocrx_word' id='word_1_51' title='bbox 530 1010 605 1088; x_wconf 89' lang='grc' dir='ltr'>τοῖς</span> <span class='ocrx_word' id='word_1_52' title='bbox 626 1009 699 1084; x_wconf 84' lang='grc' dir='ltr'>τῶν</span> <span class='ocrx_word' id='word_1_53' title='bbox 704 1002 833 1155; x_wconf 84' lang='grc' dir='ltr'>ἁγίων</span> <span class='ocrx_word' id='word_1_54' title='bbox 853 1001 1022 1104; x_wconf 87' lang='grc' dir='ltr'>ἀγγέλων</span> <span class='ocrx_word' id='word_1_55' title='bbox 1039 1000 1324 1104; x_wconf 79' lang='grc' dir='ltr'>συναυλίζεσθαι-</span> 
     </span>
     <span class='ocr_line' id='line_1_7' title="bbox 117 1124 1318 1278; baseline 0.003 -76"><span class='ocrx_word' id='word_1_56' title='bbox 117 1130 252 1226; x_wconf 86' lang='grc' dir='ltr'>χοροῖς.</span> <span class='ocrx_word' id='word_1_57' title='bbox 285 1125 483 1229; x_wconf 82' lang='grc' dir='ltr'>εὑρήσομεν</span> <span class='ocrx_word' id='word_1_58' title='bbox 499 1135 589 1231; x_wconf 89' lang='grc' dir='ltr'>γοῦν</span> <span class='ocrx_word' id='word_1_59' title='bbox 605 1132 679 1207; x_wconf 84' lang='grc' dir='ltr'>τῶν</span> <span class='ocrx_word' id='word_1_60' title='bbox 693 1127 805 1230; x_wconf 82' lang='grc' dir='ltr'>ἁγίων</span> <span class='ocrx_word' id='word_1_61' title='bbox 821 1124 901 1205; x_wconf 79' lang='grc' dir='ltr'>τινὰ</span> <span class='ocrx_word' id='word_1_62' title='bbox 918 1125 1118 1228; x_wconf 85' lang='grc' dir='ltr'>προσιόντα</span> <span class='ocrx_word' id='word_1_63' title='bbox 1135 1161 1187 1234; x_wconf 82' lang='grc' dir='ltr'>τῷ</span> <span class='ocrx_word' id='word_1_64' title='bbox 1170 1132 1318 1278; x_wconf 86' lang='grc' dir='ltr'>φιλα-</span> 
     </span>
     <span class='ocr_line' id='line_1_8' title="bbox 117 1244 1453 1415; baseline 0.002 -89"><span class='ocrx_word' id='word_1_65' title='bbox 117 1244 209 1415; x_wconf 79' lang='grc' dir='ltr'>ρέτιρ</span> <span class='ocrx_word' id='word_1_66' title='bbox 244 1251 328 1356; x_wconf 89' lang='grc' dir='ltr'>Θεῷ</span> <span class='ocrx_word' id='word_1_67' title='bbox 364 1253 423 1330; x_wconf 81' lang='grc' dir='ltr'>καὶ</span> <span class='ocrx_word' id='word_1_68' title='bbox 458 1250 658 1402; x_wconf 77' lang='grc' dir='ltr'>φάλλοντα</span> <span class='ocrx_word' id='word_1_69' title='bbox 695 1259 717 1298; x_wconf 83' lang='grc'><strong>“</strong></span> <span class='ocrx_word' id='word_1_70' title='bbox 732 1247 852 1348; x_wconf 78' lang='grc' dir='ltr'>Μή’</span> <span class='ocrx_word' id='word_1_71' title='bbox 831 1247 1017 1355; x_wconf 76' lang='grc' dir='ltr'>αναγάγρς</span> <span class='ocrx_word' id='word_1_72' title='bbox 1048 1284 1093 1349; x_wconf 89' lang='grc' dir='ltr'>με</span> <span class='ocrx_word' id='word_1_73' title='bbox 1125 1251 1164 1330; x_wconf 82' lang='grc' dir='ltr'>ἐν</span> <span class='ocrx_word' id='word_1_74' title='bbox 1199 1249 1396 1398; x_wconf 62' lang='grc' dir='ltr'>ἡμίσει15</span> <span class='ocrx_word' id='word_1_75' title='bbox 1365 1244 1443 1296; x_wconf 68' lang='lat' dir='ltr'>Pa</span> <span class='ocrx_word' id='word_1_76' title='bbox 1420 1261 1453 1308; x_wconf 55' lang='grc' dir='ltr'>ω·-</span> 
     </span>
     <span class='ocr_line' id='line_1_9' title="bbox 118 1369 1319 1479; baseline 0.003 -31.109"><span class='ocrx_word' id='word_1_77' title='bbox 118 1369 301 1474; x_wconf 60' lang='lat' dir='ltr'>“vjnepdw</span> <span class='ocrx_word' id='word_1_78' title='bbox 323 1374 423 1473; x_wconf 90' lang='grc' dir='ltr'>μου,”</span> <span class='ocrx_word' id='word_1_79' title='bbox 447 1374 489 1454; x_wconf 83' lang='grc' dir='ltr'>οὐ</span> <span class='ocrx_word' id='word_1_80' title='bbox 513 1372 585 1477; x_wconf 81' lang='grc' dir='ltr'>γὰρ</span> <span class='ocrx_word' id='word_1_81' title='bbox 609 1370 757 1477; x_wconf 82' lang='grc' dir='ltr'>ἀζήμιον</span> <span class='ocrx_word' id='word_1_82' title='bbox 779 1379 857 1458; x_wconf 87' lang='grc' dir='ltr'>ταῖς</span> <span class='ocrx_word' id='word_1_83' title='bbox 879 1373 1063 1479; x_wconf 90' lang='grc' dir='ltr'>φιλοθέοις</span> <span class='ocrx_word' id='word_1_84' title='bbox 1087 1378 1223 1479; x_wconf 79' lang='grc' dir='ltr'>ψυχαῖς</span> <span class='ocrx_word' id='word_1_85' title='bbox 1246 1371 1319 1473; x_wconf 82' lang='grc' dir='ltr'>πρὸ</span> 
     </span>
     <span class='ocr_line' id='line_1_10' title="bbox 117 1493 1320 1603; baseline 0.003 -33"><span class='ocrx_word' id='word_1_86' title='bbox 117 1493 392 1580; x_wconf 74' lang='grc' dir='ltr'>τελειώσεως</span> <span class='ocrx_word' id='word_1_87' title='bbox 362 1530 486 1598; x_wconf 88' lang='grc' dir='ltr'>ωσπερ</span> <span class='ocrx_word' id='word_1_88' title='bbox 504 1500 568 1596; x_wconf 80' lang='grc' dir='ltr'>τῆς</span> <span class='ocrx_word' id='word_1_89' title='bbox 594 1529 662 1577; x_wconf 89' lang='grc' dir='ltr'>κατ</span> <span class='ocrx_word' id='word_1_90' title='bbox 660 1496 870 1603; x_wconf 84' lang='grc' dir='ltr'>’ἐξαίρετον</span> <span class='ocrx_word' id='word_1_91' title='bbox 898 1498 1082 1578; x_wconf 89' lang='grc' dir='ltr'>πολιτείαν</span> <span class='ocrx_word' id='word_1_92' title='bbox 1107 1495 1244 1600; x_wconf 78' lang='grc' dir='ltr'>ζωῆς’</span> <span class='ocrx_word' id='word_1_93' title='bbox 1223 1529 1320 1575; x_wconf 89' lang='grc' dir='ltr'>απο-</span> 
     </span>
     <span class='ocr_line' id='line_1_11' title="bbox 61 1614 1321 1722; baseline 0.002 -29"><span class='ocrx_word' id='word_1_94' title='bbox 61 1651 106 1694; x_wconf 84' lang='grc' dir='ltr'>ιο</span> <span class='ocrx_word' id='word_1_95' title='bbox 117 1614 259 1697; x_wconf 87' lang='grc' dir='ltr'>πίπτειν</span> <span class='ocrx_word' id='word_1_96' title='bbox 288 1622 352 1718; x_wconf 83' lang='grc' dir='ltr'>τῆς</span> <span class='ocrx_word' id='word_1_97' title='bbox 382 1618 473 1719; x_wconf 79' lang='grc' dir='ltr'>μετὰ</span> <span class='ocrx_word' id='word_1_98' title='bbox 500 1617 650 1722; x_wconf 86' lang='grc' dir='ltr'>σαρκός.</span> <span class='ocrx_word' id='word_1_99' title='bbox 696 1619 756 1699; x_wconf 83' lang='grc' dir='ltr'>διὰ</span> <span class='ocrx_word' id='word_1_100' title='bbox 785 1627 892 1700; x_wconf 76' lang='grc' dir='ltr'>τοῦτο</span> <span class='ocrx_word' id='word_1_101' title='bbox 925 1621 985 1699; x_wconf 81' lang='grc' dir='ltr'>καὶ</span> <span class='ocrx_word' id='word_1_102' title='bbox 1017 1621 1038 1699; x_wconf 86' lang='grc' dir='ltr'><strong>ὁ</strong></span> <span class='ocrx_word' id='word_1_103' title='bbox 1066 1616 1173 1718; x_wconf 87' lang='grc' dir='ltr'>νόμος</span> <span class='ocrx_word' id='word_1_104' title='bbox 1207 1619 1228 1698; x_wconf 86' lang='grc' dir='ltr'>ὁ</span> <span class='ocrx_word' id='word_1_105' title='bbox 1262 1615 1321 1698; x_wconf 80' lang='grc' dir='ltr'>διὰ</span> 
     </span>
     <span class='ocr_line' id='line_1_12' title="bbox 121 1739 1316 1850; baseline 0.003 -32"><span class='ocrx_word' id='word_1_106' title='bbox 121 1739 309 1826; x_wconf 90' lang='grc' dir='ltr'>Μωυσέως</span> <span class='ocrx_word' id='word_1_107' title='bbox 333 1745 382 1827; x_wconf 85' lang='grc' dir='ltr'>ὡς</span> <span class='ocrx_word' id='word_1_108' title='bbox 399 1745 437 1824; x_wconf 81' lang='grc' dir='ltr'>έν</span> <span class='ocrx_word' id='word_1_109' title='bbox 453 1745 564 1846; x_wconf 79' lang='grc' dir='ltr'>ὀργῆς</span> <span class='ocrx_word' id='word_1_110' title='bbox 581 1777 677 1828; x_wconf 85' lang='grc' dir='ltr'>τινος</span> <span class='ocrx_word' id='word_1_111' title='bbox 697 1741 799 1850; x_wconf 82' lang='grc' dir='ltr'>τάξει</span> <span class='ocrx_word' id='word_1_112' title='bbox 824 1746 884 1823; x_wconf 86' lang='grc' dir='ltr'>καὶ</span> <span class='ocrx_word' id='word_1_113' title='bbox 909 1742 1080 1845; x_wconf 88' lang='grc' dir='ltr'>τιμωρίας</span> <span class='ocrx_word' id='word_1_114' title='bbox 1104 1749 1178 1828; x_wconf 89' lang='grc' dir='ltr'>τοῖς</span> <span class='ocrx_word' id='word_1_115' title='bbox 1203 1747 1316 1848; x_wconf 92' lang='grc' dir='ltr'>φιλα-</span> 
     </span>
     <span class='ocr_line' id='line_1_13' title="bbox 118 1862 1353 1972; baseline 0.002 -26"><span class='ocrx_word' id='word_1_116' title='bbox 118 1862 348 1966; x_wconf 79' lang='grc' dir='ltr'>μομτήμοσιν</span> <span class='ocrx_word' id='word_1_117' title='bbox 372 1869 652 1972; x_wconf 76' lang='grc' dir='ltr'>ἐπιρριπτεῖσθαι</span> <span class='ocrx_word' id='word_1_118' title='bbox 681 1865 862 1946; x_wconf 82' lang='grc' dir='ltr'>διδάσκων</span> <span class='ocrx_word' id='word_1_119' title='bbox 886 1864 951 1946; x_wconf 82' lang='grc' dir='ltr'>τὸν</span> <span class='ocrx_word' id='word_1_120' title='bbox 976 1867 1041 1946; x_wconf 84' lang='grc' dir='ltr'>οὐκ</span> <span class='ocrx_word' id='word_1_121' title='bbox 1067 1867 1105 1945; x_wconf 80' lang='grc' dir='ltr'>ἐν</span> <span class='ocrx_word' id='word_1_122' title='bbox 1132 1871 1243 1972; x_wconf 88' lang='grc' dir='ltr'>καιρῷ</span> <span class='ocrx_word' id='word_1_123' title='bbox 1267 1870 1353 1972; x_wconf 74' lang='grc' dir='ltr'>τῷό</span> 
     </span>
     <span class='ocr_line' id='line_1_14' title="bbox 118 1984 1319 2141; baseline 0.003 -77"><span class='ocrx_word' id='word_1_124' title='bbox 118 1984 310 2086; x_wconf 77' lang='grc' dir='ltr'>καθήκοντι</span> <span class='ocrx_word' id='word_1_125' title='bbox 343 1990 508 2087; x_wconf 89' lang='grc' dir='ltr'>θάνατον,</span> <span class='ocrx_word' id='word_1_126' title='bbox 538 1988 712 2097; x_wconf 79' lang='grc' dir='ltr'>ἐπεφώνει</span> <span class='ocrx_word' id='word_1_127' title='bbox 748 1988 937 2088; x_wconf 79' lang='grc' dir='ltr'>πολλάκις,</span> <span class='ocrx_word' id='word_1_128' title='bbox 967 1988 1038 2141; x_wconf 60' lang='grc' dir='ltr'>ἔξω)</span> <span class='ocrx_word' id='word_1_129' title='bbox 1070 1989 1188 2070; x_wconf 83' lang='grc' dir='ltr'>δεῖν</span> <span class='ocrx_word' id='word_1_130' title='bbox 1170 1985 1319 2070; x_wconf 86' lang='grc' dir='ltr'>εστάναι</span> 
     </span>
     <span class='ocr_line' id='line_1_15' title="bbox 119 2109 1492 2261; baseline 0.005 -72"><span class='ocrx_word' id='word_1_131' title='bbox 119 2117 253 2211; x_wconf 80' lang='grc' dir='ltr'>κακῶν,</span> <span class='ocrx_word' id='word_1_132' title='bbox 278 2112 330 2162; x_wconf 74' lang='grc'>“”</span> <span class='ocrx_word' id='word_1_133' title='bbox 313 2147 371 2194; x_wconf 92' lang='grc' dir='ltr'>ινα</span> <span class='ocrx_word' id='word_1_134' title='bbox 395 2149 445 2213; x_wconf 81' lang='grc' dir='ltr'>μή</span> <span class='ocrx_word' id='word_1_135' title='bbox 429 2111 695 2221; x_wconf 79' lang='grc' dir='ltr'>ἀποθάνῃς’</span> <span class='ocrx_word' id='word_1_136' title='bbox 676 2148 713 2194; x_wconf 91' lang='grc' dir='ltr'>εν</span> <span class='ocrx_word' id='word_1_137' title='bbox 731 2114 774 2194; x_wconf 82' lang='grc' dir='ltr'>οὐ</span> <span class='ocrx_word' id='word_1_138' title='bbox 791 2117 905 2261; x_wconf 81' lang='grc' dir='ltr'>καιρῷ</span> <span class='ocrx_word' id='word_1_139' title='bbox 930 2113 1024 2195; x_wconf 53' lang='grc' dir='ltr'>σου]</span> <span class='ocrx_word' id='word_1_140' title='bbox 1026 2112 1186 2196; x_wconf 82' lang='grc' dir='ltr'>’άλλως</span> <span class='ocrx_word' id='word_1_141' title='bbox 1210 2144 1249 2190; x_wconf 86' lang='grc' dir='ltr'>τε</span> <span class='ocrx_word' id='word_1_142' title='bbox 1276 2109 1325 2226; x_wconf 70' lang='grc' dir='ltr'>τὸι</span> <span class='ocrx_word' id='word_1_143' title='bbox 1364 2109 1433 2240; x_wconf 54' lang='grc' dir='ltr'>ξῗι·</span> <span class='ocrx_word' id='word_1_144' title='bbox 1446 2111 1492 2196; x_wconf 55' lang='lat' dir='ltr'>&#39;ht</span> 
     </span>
     <span class='ocr_line' id='line_1_16' title="bbox 64 2234 1344 2340; baseline -0.001 -26"><span class='ocrx_word' id='word_1_145' title='bbox 64 2262 106 2325; x_wconf 84' lang='lat'>15</span> <span class='ocrx_word' id='word_1_146' title='bbox 120 2240 193 2316; x_wconf 81' lang='grc' dir='ltr'>τῶν</span> <span class='ocrx_word' id='word_1_147' title='bbox 209 2237 333 2318; x_wconf 89' lang='grc' dir='ltr'>καθ’</span> <span class='ocrx_word' id='word_1_148' title='bbox 312 2245 405 2337; x_wconf 84' lang='grc' dir='ltr'>ημᾶς</span> <span class='ocrx_word' id='word_1_149' title='bbox 426 2240 659 2338; x_wconf 75' lang='grc' dir='ltr'>ἀποδημήσω</span> <span class='ocrx_word' id='word_1_150' title='bbox 679 2235 904 2340; x_wconf 85' lang='grc' dir='ltr'>πραγμάτων</span> <span class='ocrx_word' id='word_1_151' title='bbox 921 2235 1004 2321; x_wconf 79' lang='grc' dir='ltr'>τοὺς</span> <span class='ocrx_word' id='word_1_152' title='bbox 1029 2237 1151 2338; x_wconf 82' lang='grc' dir='ltr'>ἁγίους</span> <span class='ocrx_word' id='word_1_153' title='bbox 1168 2234 1344 2332; x_wconf 86' lang='grc' dir='ltr'>ε’θέλειν,</span> 
     </span>
     <span class='ocr_line' id='line_1_17' title="bbox 119 2359 1318 2464; baseline -0.002 -24"><span class='ocrx_word' id='word_1_154' title='bbox 119 2359 163 2440; x_wconf 82' lang='grc' dir='ltr'>οὐ</span> <span class='ocrx_word' id='word_1_155' title='bbox 183 2361 330 2461; x_wconf 85' lang='grc' dir='ltr'>μετρίαν</span> <span class='ocrx_word' id='word_1_156' title='bbox 347 2360 476 2460; x_wconf 84' lang='grc' dir='ltr'>έμελλε</span> <span class='ocrx_word' id='word_1_157' title='bbox 495 2359 741 2463; x_wconf 80' lang='grc' dir='ltr'>περιποιήσειν</span> <span class='ocrx_word' id='word_1_158' title='bbox 766 2359 893 2464; x_wconf 78' lang='grc' dir='ltr'>ζημίαν</span> <span class='ocrx_word' id='word_1_159' title='bbox 919 2366 993 2443; x_wconf 90' lang='grc' dir='ltr'>τοῖς</span> <span class='ocrx_word' id='word_1_160' title='bbox 1017 2362 1214 2440; x_wconf 82' lang='grc' dir='ltr'>ἀσθενοῦσι</span> <span class='ocrx_word' id='word_1_161' title='bbox 1237 2360 1318 2461; x_wconf 78' lang='grc' dir='ltr'>περὶ</span> 
     </span>
     <span class='ocr_line' id='line_1_18' title="bbox 119 2479 1320 2635; baseline 0.003 -73"><span class='ocrx_word' id='word_1_162' title='bbox 119 2481 187 2584; x_wconf 80' lang='grc' dir='ltr'>τήν</span> <span class='ocrx_word' id='word_1_163' title='bbox 217 2483 355 2564; x_wconf 88' lang='grc' dir='ltr'>πίστιν·</span> <span class='ocrx_word' id='word_1_164' title='bbox 393 2491 539 2584; x_wconf 81' lang='grc' dir='ltr'>μᾶλλον</span> <span class='ocrx_word' id='word_1_165' title='bbox 571 2481 609 2564; x_wconf 81' lang='grc' dir='ltr'>δὲ</span> <span class='ocrx_word' id='word_1_166' title='bbox 637 2484 709 2563; x_wconf 81' lang='grc' dir='ltr'>οὐδ’</span> <span class='ocrx_word' id='word_1_167' title='bbox 730 2479 775 2563; x_wconf 81' lang='grc' dir='ltr'>ἂν</span> <span class='ocrx_word' id='word_1_168' title='bbox 806 2481 902 2566; x_wconf 81' lang='grc' dir='ltr'>ὅλως</span> <span class='ocrx_word' id='word_1_169' title='bbox 934 2486 1240 2635; x_wconf 74' lang='grc' dir='ltr'>παιδαγργηθεῖεν</span> <span class='ocrx_word' id='word_1_170' title='bbox 1270 2485 1320 2566; x_wconf 86' lang='grc' dir='ltr'>είς</span> 
     </span>
     <span class='ocr_line' id='line_1_19' title="bbox 119 2605 1319 2710; baseline -0.001 -25"><span class='ocrx_word' id='word_1_171' title='bbox 119 2606 318 2698; x_wconf 82' lang='grc' dir='ltr'>εὐσέβειαν,</span> <span class='ocrx_word' id='word_1_172' title='bbox 350 2605 434 2692; x_wconf 81' lang='grc' dir='ltr'>τοὺς</span> <span class='ocrx_word' id='word_1_173' title='bbox 463 2614 570 2687; x_wconf 84' lang='grc' dir='ltr'>τοῦτο</span> <span class='ocrx_word' id='word_1_174' title='bbox 603 2611 691 2709; x_wconf 82' lang='grc' dir='ltr'>δρᾶν</span> <span class='ocrx_word' id='word_1_175' title='bbox 719 2605 933 2705; x_wconf 88' lang='grc' dir='ltr'>δυναμενονς</span> <span class='ocrx_word' id='word_1_176' title='bbox 966 2606 1030 2686; x_wconf 83' lang='grc' dir='ltr'>οὐκ</span> <span class='ocrx_word' id='word_1_177' title='bbox 1062 2605 1215 2710; x_wconf 80' lang='grc' dir='ltr'>ἔχοντες.</span> <span class='ocrx_word' id='word_1_178' title='bbox 1260 2606 1319 2685; x_wconf 75' lang='grc' dir='ltr'>καὶ</span> 
     </span>
     <span class='ocr_line' id='line_1_20' title="bbox 118 2725 1429 2837; baseline -0.001 -29"><span class='ocrx_word' id='word_1_179' title='bbox 118 2736 226 2809; x_wconf 84' lang='grc' dir='ltr'>τοῦτο</span> <span class='ocrx_word' id='word_1_180' title='bbox 254 2727 396 2815; x_wconf 77' lang='grc' dir='ltr'>εἰδὼς</span> <span class='ocrx_word' id='word_1_181' title='bbox 380 2764 401 2810; x_wconf 94' lang='grc' dir='ltr'>ο</span> <span class='ocrx_word' id='word_1_182' title='bbox 427 2728 576 2814; x_wconf 87' lang='grc' dir='ltr'>Παῦλός</span> <span class='ocrx_word' id='word_1_183' title='bbox 604 2737 699 2837; x_wconf 88' lang='grc' dir='ltr'>φησι</span> <span class='ocrx_word' id='word_1_184' title='bbox 725 2738 748 2777; x_wconf 90' lang='lat'>“</span> <span class='ocrx_word' id='word_1_185' title='bbox 763 2735 938 2832; x_wconf 84' lang='grc' dir='ltr'>Κρεῖττον</span> <span class='ocrx_word' id='word_1_186' title='bbox 966 2727 1040 2832; x_wconf 87' lang='grc' dir='ltr'>γάρ</span> <span class='ocrx_word' id='word_1_187' title='bbox 1068 2727 1110 2809; x_wconf 85' lang='grc' dir='ltr'>τὸ</span> <span class='ocrx_word' id='word_1_188' title='bbox 1136 2725 1429 2809; x_wconf 63' lang='grc' dir='ltr'>ἀναλῦσαιΡιιίι</span> 
     </span>
     <span class='ocr_line' id='line_1_21' title="bbox 64 2848 1347 2961; baseline 0.001 -32"><span class='ocrx_word' id='word_1_189' title='bbox 64 2861 143 2930; x_wconf 80' lang='lat'>20“</span> <span class='ocrx_word' id='word_1_190' title='bbox 161 2854 220 2932; x_wconf 83' lang='grc' dir='ltr'>καὶ</span> <span class='ocrx_word' id='word_1_191' title='bbox 237 2852 307 2934; x_wconf 76' lang='grc' dir='ltr'>σὺν</span> <span class='ocrx_word' id='word_1_192' title='bbox 323 2849 527 2961; x_wconf 82' lang='grc' dir='ltr'>Χριστῷ’</span> <span class='ocrx_word' id='word_1_193' title='bbox 494 2887 592 2952; x_wconf 85' lang='grc' dir='ltr'>ειναι,</span> <span class='ocrx_word' id='word_1_194' title='bbox 609 2887 652 2933; x_wconf 90' lang='grc' dir='ltr'>το</span> <span class='ocrx_word' id='word_1_195' title='bbox 633 2850 749 2934; x_wconf 84' lang='grc' dir='ltr'>δε’</span> <span class='ocrx_word' id='word_1_196' title='bbox 730 2860 902 2952; x_wconf 87' lang='grc' dir='ltr'>ετιμεῖναι</span> <span class='ocrx_word' id='word_1_197' title='bbox 919 2859 964 2959; x_wconf 79' lang='grc' dir='ltr'>τῇ</span> <span class='ocrx_word' id='word_1_198' title='bbox 988 2886 1099 2956; x_wconf 88' lang='grc' dir='ltr'>σαρκι</span> <span class='ocrx_word' id='word_1_199' title='bbox 1120 2848 1313 2954; x_wconf 88' lang='grc' dir='ltr'>ἀναγκαιό-</span> <span class='ocrx_word' id='word_1_200' title='bbox 1298 2877 1347 2922; x_wconf 81' lang='grc' dir='ltr'>-ο</span> 
     </span>
     <span class='ocr_line' id='line_1_22' title="bbox 9 2972 1361 3081; baseline -0.001 -25"><span class='ocrx_word' id='word_1_201' title='bbox 9 2980 15 2998; x_wconf 75' lang='grc'><strong>“</strong></span> <span class='ocrx_word' id='word_1_202' title='bbox 120 2986 143 3026; x_wconf 88' lang='grc'><strong>“</strong></span> <span class='ocrx_word' id='word_1_203' title='bbox 162 3009 266 3081; x_wconf 91' lang='grc' dir='ltr'>τερον</span> <span class='ocrx_word' id='word_1_204' title='bbox 287 2978 336 3057; x_wconf 86' lang='grc' dir='ltr'>δι’</span> <span class='ocrx_word' id='word_1_205' title='bbox 368 2977 489 3075; x_wconf 80' lang='grc' dir='ltr'>ὑμᾶς.”</span> <span class='ocrx_word' id='word_1_206' title='bbox 526 2974 733 3080; x_wconf 89' lang='grc' dir='ltr'>προνοήσας</span> <span class='ocrx_word' id='word_1_207' title='bbox 763 2977 826 3058; x_wconf 84' lang='grc' dir='ltr'>οὖν</span> <span class='ocrx_word' id='word_1_208' title='bbox 855 2977 927 3080; x_wconf 84' lang='grc' dir='ltr'>ἀρα</span> <span class='ocrx_word' id='word_1_209' title='bbox 951 2980 1015 3076; x_wconf 83' lang='grc' dir='ltr'>τῆς</span> <span class='ocrx_word' id='word_1_210' title='bbox 1046 2981 1118 3064; x_wconf 84' lang='grc' dir='ltr'>τῶν</span> <span class='ocrx_word' id='word_1_211' title='bbox 1150 2972 1319 3074; x_wconf 86' lang='grc' dir='ltr'>ἀμυήτων</span> <span class='ocrx_word' id='word_1_212' title='bbox 1359 3061 1361 3072; x_wconf 44' lang='grc'>,</span> 
     </span>
     <span class='ocr_line' id='line_1_23' title="bbox 118 3096 1361 3206; baseline -0.004 -26"><span class='ocrx_word' id='word_1_213' title='bbox 118 3101 301 3204; x_wconf 86' lang='grc' dir='ltr'>σωτηρίας</span> <span class='ocrx_word' id='word_1_214' title='bbox 324 3100 344 3180; x_wconf 89' lang='grc' dir='ltr'><strong>ὁ</strong></span> <span class='ocrx_word' id='word_1_215' title='bbox 370 3098 513 3203; x_wconf 79' lang='grc' dir='ltr'>Κύριος,</span> <span class='ocrx_word' id='word_1_216' title='bbox 541 3100 582 3179; x_wconf 81' lang='grc' dir='ltr'>οὐ</span> <span class='ocrx_word' id='word_1_217' title='bbox 610 3099 694 3204; x_wconf 83' lang='grc' dir='ltr'>δίχα</span> <span class='ocrx_word' id='word_1_218' title='bbox 720 3097 926 3203; x_wconf 85' lang='grc' dir='ltr'>φωοτήρων</span> <span class='ocrx_word' id='word_1_219' title='bbox 954 3101 1012 3179; x_wconf 81' lang='grc' dir='ltr'>καὶ</span> <span class='ocrx_word' id='word_1_220' title='bbox 1041 3099 1142 3178; x_wconf 84' lang='grc' dir='ltr'>ἀλῶν</span> <span class='ocrx_word' id='word_1_221' title='bbox 1170 3096 1252 3181; x_wconf 80' lang='grc' dir='ltr'>τοὺς</span> <span class='ocrx_word' id='word_1_222' title='bbox 1280 3098 1318 3176; x_wconf 85' lang='grc' dir='ltr'>έν</span> <span class='ocrx_word' id='word_1_223' title='bbox 1358 3199 1361 3206; x_wconf 21' lang='lat'><strong>¹</strong></span> 
     </span>
     <span class='ocr_line' id='line_1_24' title="bbox 118 3218 1319 3331; baseline -0.002 -29"><span class='ocrx_word' id='word_1_224' title='bbox 118 3228 171 3330; x_wconf 91' lang='grc' dir='ltr'>τῷ</span> <span class='ocrx_word' id='word_1_225' title='bbox 207 3219 334 3331; x_wconf 82' lang='grc' dir='ltr'>κόσμιρ</span> <span class='ocrx_word' id='word_1_226' title='bbox 371 3226 444 3304; x_wconf 90' lang='grc' dir='ltr'>δεῖν</span> <span class='ocrx_word' id='word_1_227' title='bbox 480 3219 818 3321; x_wconf 87' lang='grc' dir='ltr'>καταλιμπάνεσθαι</span> <span class='ocrx_word' id='word_1_228' title='bbox 854 3219 964 3324; x_wconf 83' lang='grc' dir='ltr'>λέγει,</span> <span class='ocrx_word' id='word_1_229' title='bbox 1001 3226 1244 3326; x_wconf 81' lang='grc' dir='ltr'>διατηρεῖσθαι</span> <span class='ocrx_word' id='word_1_230' title='bbox 1280 3218 1319 3300; x_wconf 80' lang='grc' dir='ltr'>δὲ</span> 
     </span>
     <span class='ocr_line' id='line_1_25' title="bbox 118 3342 1345 3452; baseline -0.004 -26"><span class='ocrx_word' id='word_1_231' title='bbox 118 3352 263 3443; x_wconf 78' lang='grc' dir='ltr'>μᾶλλον</span> <span class='ocrx_word' id='word_1_232' title='bbox 281 3343 363 3431; x_wconf 80' lang='grc' dir='ltr'>τοὺς</span> <span class='ocrx_word' id='word_1_233' title='bbox 380 3347 503 3449; x_wconf 85' lang='grc' dir='ltr'>ἁγίους</span> <span class='ocrx_word' id='word_1_234' title='bbox 526 3346 651 3452; x_wconf 77' lang='grc' dir='ltr'>ἐρωτᾷ,</span> <span class='ocrx_word' id='word_1_235' title='bbox 669 3348 734 3445; x_wconf 80' lang='grc' dir='ltr'>τῆς</span> <span class='ocrx_word' id='word_1_236' title='bbox 752 3353 816 3425; x_wconf 82' lang='grc' dir='ltr'>τοῦ</span> <span class='ocrx_word' id='word_1_237' title='bbox 833 3353 992 3448; x_wconf 84' lang='grc' dir='ltr'>πονηροῦ</span> <span class='ocrx_word' id='word_1_238' title='bbox 1010 3343 1230 3448; x_wconf 89' lang='grc' dir='ltr'>δυστροπίας</span> <span class='ocrx_word' id='word_1_239' title='bbox 1248 3342 1318 3450; x_wconf 80' lang='grc' dir='ltr'>ἔξω</span> <span class='ocrx_word' id='word_1_240' title='bbox 1342 3407 1345 3420; x_wconf 92' lang='grc'>.</span> 
     </span>
     <span class='ocr_line' id='line_1_26' title="bbox 66 3465 1319 3576; baseline -0.001 -24"><span class='ocrx_word' id='word_1_241' title='bbox 66 3505 105 3568; x_wconf 82' lang='lat'>²5</span> <span class='ocrx_word' id='word_1_242' title='bbox 119 3468 289 3569; x_wconf 89' lang='grc' dir='ltr'>μένοντας</span> <span class='ocrx_word' id='word_1_243' title='bbox 311 3472 375 3570; x_wconf 76' lang='grc' dir='ltr'>ἀεὶ,</span> <span class='ocrx_word' id='word_1_244' title='bbox 393 3473 452 3550; x_wconf 84' lang='grc' dir='ltr'>καὶ</span> <span class='ocrx_word' id='word_1_245' title='bbox 475 3476 548 3550; x_wconf 82' lang='grc' dir='ltr'>τῶν</span> <span class='ocrx_word' id='word_1_246' title='bbox 571 3473 783 3572; x_wconf 80' lang='grc' dir='ltr'>πειρασμῶν</span> <span class='ocrx_word' id='word_1_247' title='bbox 808 3466 875 3569; x_wconf 82' lang='grc' dir='ltr'>τήν</span> <span class='ocrx_word' id='word_1_248' title='bbox 897 3469 1029 3576; x_wconf 82' lang='grc' dir='ltr'>ἔφοδον</span> <span class='ocrx_word' id='word_1_249' title='bbox 1054 3465 1319 3564; x_wconf 84' lang='grc' dir='ltr'>ὑπεκνεόοντας,</span> 
     </span>
     <span class='ocr_line' id='line_1_27' title="bbox 94 3591 865 3704; baseline -0.001 -31"><span class='ocrx_word' id='word_1_250' title='bbox 94 3701 95 3704; x_wconf 8' lang='lat'>¹</span> <span class='ocrx_word' id='word_1_251' title='bbox 119 3591 264 3694; x_wconf 84' lang='grc' dir='ltr'>δυνάμει</span> <span class='ocrx_word' id='word_1_252' title='bbox 281 3603 345 3675; x_wconf 83' lang='grc' dir='ltr'>τοῦ</span> <span class='ocrx_word' id='word_1_253' title='bbox 362 3591 481 3676; x_wconf 88' lang='grc' dir='ltr'>πάντα</span> <span class='ocrx_word' id='word_1_254' title='bbox 499 3591 688 3698; x_wconf 76' lang='grc' dir='ltr'>ἰσχύοντος</span> <span class='ocrx_word' id='word_1_255' title='bbox 707 3591 865 3694; x_wconf 85' lang='grc' dir='ltr'>Πατρός.</span> 
     </span>
    </p>

    <p class='ocr_par' dir='ltr' id='par_1_3' title="bbox 118 3713 1319 4074">
     <span class='ocr_line' id='line_1_28' title="bbox 175 3713 1317 3819; baseline -0.003 -22"><span class='ocrx_word' id='word_1_256' title='bbox 175 3715 396 3819; x_wconf 87' lang='grc' dir='ltr'>Σημειωτέον</span> <span class='ocrx_word' id='word_1_257' title='bbox 414 3716 453 3799; x_wconf 76' lang='grc' dir='ltr'>δὲ</span> <span class='ocrx_word' id='word_1_258' title='bbox 475 3715 598 3814; x_wconf 88' lang='grc' dir='ltr'>πάλιν,</span> <span class='ocrx_word' id='word_1_259' title='bbox 617 3713 672 3797; x_wconf 86' lang='grc' dir='ltr'>’ότι</span> <span class='ocrx_word' id='word_1_260' title='bbox 695 3715 759 3796; x_wconf 84' lang='grc' dir='ltr'>τὸν</span> <span class='ocrx_word' id='word_1_261' title='bbox 776 3715 867 3798; x_wconf 83' lang='grc' dir='ltr'>’ίδιον</span> <span class='ocrx_word' id='word_1_262' title='bbox 884 3717 942 3796; x_wconf 81' lang='grc' dir='ltr'>καὶ</span> <span class='ocrx_word' id='word_1_263' title='bbox 969 3715 1053 3819; x_wconf 84' lang='grc' dir='ltr'>παρ’</span> <span class='ocrx_word' id='word_1_264' title='bbox 1073 3715 1183 3795; x_wconf 80' lang='grc' dir='ltr'>αὐτοῦ</span> <span class='ocrx_word' id='word_1_265' title='bbox 1205 3747 1317 3818; x_wconf 85' lang='grc' dir='ltr'>γεγο·</span> 
     </span>
     <span class='ocr_line' id='line_1_29' title="bbox 120 3833 1319 3948; baseline 0 -26"><span class='ocrx_word' id='word_1_266' title='bbox 120 3837 207 3922; x_wconf 90' lang='grc' dir='ltr'>νότα</span> <span class='ocrx_word' id='word_1_267' title='bbox 223 3837 346 3945; x_wconf 91' lang='grc' dir='ltr'>λόγον,</span> <span class='ocrx_word' id='word_1_268' title='bbox 366 3839 485 3948; x_wconf 77' lang='grc' dir='ltr'>φαμὲν</span> <span class='ocrx_word' id='word_1_269' title='bbox 503 3839 542 3922; x_wconf 75' lang='grc' dir='ltr'>δὲ</span> <span class='ocrx_word' id='word_1_270' title='bbox 559 3838 623 3920; x_wconf 87' lang='grc' dir='ltr'>τὸν</span> <span class='ocrx_word' id='word_1_271' title='bbox 641 3837 884 3942; x_wconf 83' lang='grc' dir='ltr'>εὖαγγελικόν,</span> <span class='ocrx_word' id='word_1_272' title='bbox 902 3847 967 3920; x_wconf 84' lang='grc' dir='ltr'>τοῦ</span> <span class='ocrx_word' id='word_1_273' title='bbox 984 3845 1081 3920; x_wconf 82' lang='grc' dir='ltr'>Θεοῦ</span> <span class='ocrx_word' id='word_1_274' title='bbox 1098 3841 1157 3919; x_wconf 82' lang='grc' dir='ltr'>καὶ</span> <span class='ocrx_word' id='word_1_275' title='bbox 1172 3833 1319 3940; x_wconf 79' lang='grc' dir='ltr'>Πατρός</span> 
     </span>
     <span class='ocr_line' id='line_1_30' title="bbox 118 3957 1319 4074; baseline 0.001 -30"><span class='ocrx_word' id='word_1_276' title='bbox 118 3959 210 4045; x_wconf 80' lang='grc' dir='ltr'>εἶναί</span> <span class='ocrx_word' id='word_1_277' title='bbox 234 3969 361 4074; x_wconf 85' lang='grc' dir='ltr'>φησιν,</span> <span class='ocrx_word' id='word_1_278' title='bbox 390 3965 458 4072; x_wconf 84' lang='grc' dir='ltr'>οὐχ</span> <span class='ocrx_word' id='word_1_279' title='bbox 485 3964 605 4070; x_wconf 80' lang='grc' dir='ltr'>ἕτερον</span> <span class='ocrx_word' id='word_1_280' title='bbox 634 3962 760 4044; x_wconf 79' lang='grc' dir='ltr'>ἑαυτὸν</span> <span class='ocrx_word' id='word_1_281' title='bbox 788 3961 889 4068; x_wconf 79' lang='grc' dir='ltr'>παρὰ</span> <span class='ocrx_word' id='word_1_282' title='bbox 916 3961 981 4044; x_wconf 81' lang='grc' dir='ltr'>τὸν</span> <span class='ocrx_word' id='word_1_283' title='bbox 1008 3961 1155 4065; x_wconf 79' lang='grc' dir='ltr'>Πατέρα</span> <span class='ocrx_word' id='word_1_284' title='bbox 1183 3957 1319 4045; x_wconf 77' lang='grc' dir='ltr'>δεικνῖις</span> 
     </span>
    </p>

    <p class='ocr_par' dir='ltr' id='par_1_4' title="bbox 68 4084 1350 4316">
     <span class='ocr_line' id='line_1_31' title="bbox 68 4084 1313 4191; baseline -0.005 -24"><span class='ocrx_word' id='word_1_285' title='bbox 68 4131 106 4191; x_wconf 77' lang='lat'>30</span> <span class='ocrx_word' id='word_1_286' title='bbox 120 4085 179 4168; x_wconf 87' lang='grc' dir='ltr'>διά</span> <span class='ocrx_word' id='word_1_287' title='bbox 196 4084 238 4170; x_wconf 79' lang='grc' dir='ltr'>τό</span> <span class='ocrx_word' id='word_1_288' title='bbox 261 4085 463 4190; x_wconf 85' lang='grc' dir='ltr'>ὁμοοόσιον.</span> <span class='ocrx_word' id='word_1_289' title='bbox 503 4085 700 4191; x_wconf 83' lang='grc' dir='ltr'>εὑρήσομεν</span> <span class='ocrx_word' id='word_1_290' title='bbox 719 4084 792 4190; x_wconf 87' lang='grc' dir='ltr'>γάρ</span> <span class='ocrx_word' id='word_1_291' title='bbox 813 4088 851 4166; x_wconf 85' lang='grc' dir='ltr'>έν</span> <span class='ocrx_word' id='word_1_292' title='bbox 868 4092 943 4171; x_wconf 92' lang='grc' dir='ltr'>τοῖς</span> <span class='ocrx_word' id='word_1_293' title='bbox 958 4085 1202 4187; x_wconf 86' lang='grc' dir='ltr'>εὐαγγελικοῖς</span> <span class='ocrx_word' id='word_1_294' title='bbox 1219 4116 1313 4185; x_wconf 87' lang='grc' dir='ltr'>συγ·</span> 
     </span>
     <span class='ocr_line' id='line_1_32' title="bbox 119 4205 1350 4316; baseline -0.004 -20"><span class='ocrx_word' id='word_1_295' title='bbox 119 4210 332 4316; x_wconf 82' lang='grc' dir='ltr'>γράμμασιν</span> <span class='ocrx_word' id='word_1_296' title='bbox 357 4208 626 4312; x_wconf 84' lang='grc' dir='ltr'>ἀποτεθηπότας</span> <span class='ocrx_word' id='word_1_297' title='bbox 654 4207 763 4292; x_wconf 80' lang='grc' dir='ltr'>αὐτὸν</span> <span class='ocrx_word' id='word_1_298' title='bbox 784 4207 867 4294; x_wconf 73' lang='grc' dir='ltr'>τοὺς</span> <span class='ocrx_word' id='word_1_299' title='bbox 894 4215 967 4290; x_wconf 82' lang='grc' dir='ltr'>τῶν</span> <span class='ocrx_word' id='word_1_300' title='bbox 983 4207 1165 4290; x_wconf 89' lang='grc' dir='ltr'>Ἰουδαίων</span> <span class='ocrx_word' id='word_1_301' title='bbox 1188 4205 1350 4306; x_wconf 73' lang='grc' dir='ltr'>λαοὺς,ἅ</span> 
     </span>
    </p>
   </div>
   <div class='ocr_carea' id='block_1_3' title="bbox 1364 2743 1459 2857">
    <p class='ocr_par' dir='ltr' id='par_1_5' title="bbox 1364 2743 1459 2857">
     <span class='ocr_line' id='line_1_33' title="bbox 1364 2743 1459 2857; baseline 0.022 -17"><span class='ocrx_word' id='word_1_302' title='bbox 1364 2805 1403 2854; x_wconf 73' lang='lat'>²3,</span> <span class='ocrx_word' id='word_1_303' title='bbox 1414 2743 1459 2857; x_wconf 66' lang='grc' dir='ltr'>τῷ</span> 
     </span>
    </p>
   </div>
   <div class='ocr_carea' id='block_1_4' title="bbox 120 4493 1318 4642">
    <p class='ocr_par' dir='ltr' id='par_1_6' title="bbox 120 4493 1318 4642">
     <span class='ocr_line' id='line_1_34' title="bbox 146 4493 1318 4627; baseline -0.005 -71"><span class='ocrx_word' id='word_1_304' title='bbox 146 4494 551 4627; x_wconf 54' lang='grc' dir='ltr'>δήποδήγήσανταςοωοαδανί</span> <span class='ocrx_word' id='word_1_305' title='bbox 566 4497 744 4568; x_wconf 73' lang='lat' dir='ltr'><strong>postMigne.</strong></span> <span class='ocrx_word' id='word_1_306' title='bbox 755 4493 1036 4568; x_wconf 75' lang='grc' dir='ltr'>ποδήγήσαυτοςλυδ.</span> <span class='ocrx_word' id='word_1_307' title='bbox 1151 4511 1177 4567; x_wconf 96' lang='grc'>9.</span> <span class='ocrx_word' id='word_1_308' title='bbox 1195 4493 1318 4564; x_wconf 46' lang='lat' dir='ltr'>mnf</span> 
     </span>
     <span class='ocr_line' id='line_1_35' title="bbox 120 4563 1160 4642; baseline -0.006 -14"><span class='ocrx_word' id='word_1_309' title='bbox 120 4572 145 4628; x_wconf 81' lang='lat' dir='ltr'>E</span> <span class='ocrx_word' id='word_1_310' title='bbox 186 4588 234 4642; x_wconf 73' lang='lat' dir='ltr'>mg</span> <span class='ocrx_word' id='word_1_311' title='bbox 255 4569 364 4628; x_wconf 77' lang='grc' dir='ltr'>τοῖςΕά</span> <span class='ocrx_word' id='word_1_312' title='bbox 481 4585 525 4641; x_wconf 84' lang='lat'>29.</span> <span class='ocrx_word' id='word_1_313' title='bbox 544 4567 680 4624; x_wconf 79' lang='grc' dir='ltr'>ῖαντδνΕ.</span> <span class='ocrx_word' id='word_1_314' title='bbox 693 4567 772 4622; x_wconf 85' lang='grc' dir='ltr'>αυτδν</span> <span class='ocrx_word' id='word_1_315' title='bbox 784 4565 836 4623; x_wconf 81' lang='lat' dir='ltr'>Ed</span> <span class='ocrx_word' id='word_1_316' title='bbox 942 4581 986 4638; x_wconf 81' lang='grc' dir='ltr'>3ο.</span> <span class='ocrx_word' id='word_1_317' title='bbox 1005 4565 1047 4621; x_wconf 87' lang='grc' dir='ltr'>δια</span> <span class='ocrx_word' id='word_1_318' title='bbox 1059 4581 1113 4622; x_wconf 88' lang='lat' dir='ltr'>om</span> <span class='ocrx_word' id='word_1_319' title='bbox 1127 4563 1160 4622; x_wconf 83' lang='grc' dir='ltr'>Ε.</span> 
     </span>
    </p>
   </div>
   <div class='ocr_carea' id='block_1_5' title="bbox 0 0 1628 5114">
    <p class='ocr_par' dir='ltr' id='par_1_7' title="bbox 0 0 1628 5114">
     <span class='ocr_line' id='line_1_36' title="bbox 0 0 1628 5114; baseline 0 0"><span class='ocrx_word' id='word_1_320' title='bbox 0 0 1628 5114; x_wconf 95' lang='lat' dir='ltr'> </span> 
     </span>
    </p>
   </div>
  </div>
 </body>
</html>
