3238 5114
284 319 348 382 652
588 321 627 386 Β.
651 321 860 386 CYRILLI
891 321 1179 387 ALEXANDR.
1297 319 1366 384 xvi.
1383 337 1442 402 29,
1453 333 1499 400 30-

285 493 307 528 “
326 481 390 563 τὸν
408 483 560 588 οὐρανὸν
578 487 691 569 οὕτως
716 484 901 566 ἐλεύσεται
929 485 971 566 ίιν
992 484 1129 590 τρόπον
1146 482 1360 565 ἐθεάσασθε
1387 478 1502 561 αὑτὸν

286 617 308 652 “
325 605 564 710 πορευόμενον
581 613 629 692 είς
647 609 711 690 τὸν
730 593 913 713 οὐρανόνί’
944 607 1018 691 εἶτα
1036 611 1074 692 τί
1090 609 1163 716 φῂς
1177 611 1335 689 Ἰουδαῖε
1354 605 1500 697 πάλιν;

286 726 341 832 ἆρ’
369 731 410 810 οό
434 731 598 832 τιμήσεις
622 738 700 817 ταῖς
726 732 932 819 είιπειθείαις
960 732 1026 814 κᾶν
1052 732 1118 831 τὴν
1142 727 1310 834 ἀγγέλου
1341 727 1498 836 φωνὴν;

257 849 341 956 0ἆρ’
357 853 399 933 οὐ
414 853 600 962 παραδέξῃ
617 855 811 960 μάρτυρας,
829 857 942 938 καίτοι
959 856 1122 941 πολλοὺς
1140 855 1246 939 ὄντος
1265 853 1357 938 τοὺς
1374 857 1502 932 τεθεα-

119 1001 196 1078 peut.
266 977 434 1077 ’με’νονςς
466 979 579 1058 καίτοι
597 981 767 1086 σαφῶςίι
790 978 897 1078 νόμος
915 991 936 1028 “
949 983 1035 1062 Ῥαιί
1054 979 1236 1080 στόματος
1253 977 1321 1058 δόο
1344 975 1369 1077 ἢ
1388 982 1526 1079 τριῶνό

120 1077 222 1128 Μ
286 1113 309 1151 “
326 1101 517 1206 μαρτύρων
545 1103 769 1205 σταθήσεται
798 1111 871 1184 πᾶν
898 1106 1025 1210 ῥήμα,”
1053 1105 1161 1210 φησί.
1201 1108 1253 1210 τῷ
1283 1103 1413 1182 τοίνυν
1443 1101 1499 1178 ἐπ’

285 1226 452 1334 ἐξουσίας
480 1225 570 1330 πρὸς
598 1226 662 1308 τὸν
686 1229 723 1308 ἐν
748 1235 821 1312 τοῖς
849 1230 1010 1332 οὐρανοῖς
1039 1230 1300 1308 ι’νιτονοστοῦντι
1329 1222 1499 1326 Πατέρα,

285 1357 364 1436 πῶς
392 1347 436 1430 διν
464 1351 514 1431 ἔτι
540 1349 749 1454 πρεπόντως
777 1355 797 1432 ὁ
826 1356 890 1452 τῆς
918 1351 1254 1460 ψευδοπροφητείας
1282 1347 1500 1456 ἐπιφέροιτο

285 1479 420 1573 μῶμος,
442 1477 501 1554 καί
528 1476 608 1580 οόχὶ
636 1481 784 1574 μᾶλλον
811 1477 939 1583 ἕψεται
967 1475 1107 1572 λοιπὸν,
1131 1478 1179 1558 ὡς
1207 1473 1251 1552 δι’
1270 1473 1500 1577 ἀποδείξεως

287 1599 458 1700 ἐναργοῦς
475 1607 540 1678 τοῦ
557 1598 779 1702 πράγματος,
798 1598 841 1679 τὸ
860 1599 1119 1681 ἀνενδοιάστως
1141 1596 1385 1678 πιστεύεσθαι
1406 1596 1496 1696 πιιρΙ
1513 1629 1541 1668 10

286 1721 398 1820 ἡμῶν,
417 1724 464 1806 ὡς
492 1721 545 1822 εἴη
572 1721 637 1822 μέν
664 1727 702 1803 ἐκ
731 1728 837 1819 Θεοῦ,
861 1725 973 1822 δῆλον
997 1721 1036 1802 δέ
1064 1721 1119 1801 ότι
1146 1729 1209 1801 τοῦ
1239 1718 1402 1824 Πατρός,
1426 1722 1498 1821 οὐχ

254 1843 403 1946 δέτερος
427 1842 541 1948 γεμήν
559 1848 643 1949 παρ’
664 1850 805 1944 ἐκεῖνον,
826 1845 867 1926 δν
886 1847 992 1931 αὐτός
1017 1881 1054 1927 τε
1082 1847 1166 1946 ἡμῖν
1187 1847 1207 1925 ό
1234 1844 1346 1944 νόμος
1373 1847 1435 1923 καὶ
1459 1849 1495 1922 οἱ

285 1971 470 2073 προφῆται
489 1967 710 2071 διήγγελλον
723 2003 733 2066 ;

341 2091 581 2191 Ἐληλυθέναι
609 2093 721 2194 γεμὴν
740 2101 786 2179 είς
804 2091 905 2174 τόνδε
929 2093 981 2174 τόν
1002 2095 1126 2200 κόσμοι
1144 2094 1249 2201 φησί,
1266 2096 1493 2194 μεταχωρεῖν

287 2215 324 2296 δέ
344 2217 389 2296 αὖ
405 2213 519 2297 πάλιν
536 2219 574 2296 ἐκ
592 2223 657 2296 τοῦ
675 2215 815 2315 κόσμου
833 2219 913 2324 πρὶς
932 2217 984 2297 τὶν
997 2215 1145 2320 Πατέρα,
1159 2218 1239 2296 οὔτε
1257 2223 1322 2296 τοῦ
1340 2211 1492 2314 Πατρός
1508 2242 1538 2298 15

286 2343 519 2446 ἀπολειφθείς
538 2339 596 2420 ὅτε
615 2338 760 2456 γέγονεν
774 2339 972 2443 ἄνθρωπος,
985 2342 1066 2420 οὕτε
1084 2339 1155 2440 μὴν
1172 2346 1245 2419 τῶν
1261 2341 1321 2418 ἐπὶ
1336 2341 1405 2437 τῆς
1423 2341 1491 2442 γῆς

182 2489 190 2510 ·
287 2463 344 2544 ὅτε
362 2463 453 2562 μετὰ
471 2463 608 2566 σαρκὸς
627 2462 797 2564 ἀπεδήμει
814 2469 895 2572 πρὶς
916 2461 965 2545 τίν
985 2463 1137 2572 Πατίρα·
1177 2460 1271 2547 θεὸς
1292 2459 1368 2566 γάρ
1388 2465 1490 2542 ἐστιν

287 2584 458 2686 ἀληθινός
489 2585 632 2695 άῤῥήτιρ
662 2586 821 2688 δυνάμει·
839 2585 886 2668 τὰ
916 2585 1037 2669 πάντα
1066 2593 1229 2690 πληρῶν,
1259 2588 1329 2666 καί
1347 2587 1490 2670 οὐδενὸς

287 2715 360 2788 τῶν
383 2707 496 2790 όντων
520 2711 868 2810 ἀπολιμπανόμενυς.

238 3003 439 3079 τ9Λέι-ουσιν
462 3006 552 3088 αὐτῷ
578 3002 608 3070 οί
635 3003 773 3082 μαθιιταί
801 3007 900 3072 αὐτοῦ
923 3005 988 3071 Ἰδε
1015 3009 1071 3072 νῦν
1096 3003 1260 3094 παρῤιιοίᾳ
1287 2999 1413 3084 λαλεῖς,
1437 3004 1487 3068 καί
1503 3025 1536 3064 ιο

238 3152 277 3209 30
340 3129 516 3218 παροιμίαν
552 3129 706 3207 οὐδεμίαν
742 3131 857 3206 λὲτεις·
902 3135 957 3196 νῦν
993 3127 1130 3207 οἴδαμεν
1164 3133 1216 3197 ὅτι
1250 3123 1344 3194 οἶδας
1381 3131 1488 3195 πάντα

230 3236 277 3308 -⁰
341 3255 394 3318 καί
421 3257 458 3320 οὐ
486 3255 596 3343 χρείαν
620 3257 703 3342 ἔχειν
729 3257 782 3321 ἵνα
809 3280 857 3322 τις
885 3279 920 3322 σε
947 3257 1066 3348 ἐρωτᾷ·
1099 3255 1265 3340 ἐντούτῳ
1291 3256 1488 3331 πιστεύομεν

339 3381 390 3444 ὅτι
416 3379 482 3445 ἀπὸ
509 3379 594 3446 Θεοῦ
620 3381 765 3450 ἐξῆλθες.

347 3549 581 3653 Θαυμάζουσι
606 3549 672 3651 τήν
691 3551 873 3659 ἀπόδειξιν
900 3555 949 3636 ὡς
971 3551 1247 3656 ἐναργεστάτην,
1270 3551 1486 3652 καταπλήτ-

289 3705 411 3752 τονται
444 3681 508 3752 τοῦ
538 3673 652 3776 λόγου
681 3674 722 3754 τὸ
756 3675 937 3784 διαφανές·
989 3679 1209 3779 περιστολῆς
1239 3673 1311 3780 γάρ
1342 3675 1490 3776 ἁπάσης
1504 3709 1534 3768 ²5

290 3797 373 3901 δίχα
398 3792 462 3876 τὸν
483 3793 574 3899 πρὸς
596 3795 721 3881 αὐτοὺς
744 3799 782 3878 εὖ
809 3798 911 3898 μάλα
940 3800 1127 3900 πεποίηται
1155 3798 1279 3902 λόγον.
1320 3801 1489 3904 χαίρουσι

290 3919 334 4021 δή
351 3919 414 4000 οὖν
432 3919 641 4026 δυσχερείας
665 3917 810 4022 ἁπάσης
833 3923 1117 4024 ἀπηλλαγμένην
1141 3923 1315 4019 λαβόντες
1341 3923 1485 4002 ἀπόδει-

124 4067 191 4122 042
204 4064 245 4122 A.
260 4044 359 4151 οξιν,
388 4047 446 4125 καί
475 4041 685 4148 περισκελές
715 4043 779 4142 μέν
808 4053 912 4151 σχεῖν
941 4047 1041 4127 οόδέν
1071 4043 1114 4128 τό
1147 4047 1330 4150 είρημένον
1359 4049 1489 4153 φασὶν,

291 4166 508 4248 εὐκάτοπτον
542 4165 581 4249 δέ
614 4169 724 4252 οὕτως
762 4169 933 4274 ὑπάρχειν
969 4169 1035 4270 τήν
1072 4171 1126 4252 ἐπ’
1157 4172 1253 4280 αὐτῷ
1290 4167 1334 4269 δὴ
1371 4170 1488 4279 τούτῳ

328 4421 370 4459 11.
388 4403 651 4494 ήμῶνΕ.ίιρῶνΕδ.
699 4404 795 4460 Statim
807 4405 849 4460 καί
861 4403 936 4460 addit
948 4403 1000 4462 Ed.
1012 4405 1097 4462 invito
1110 4407 1142 4461 Ε.
1245 4422 1286 4461 12.
1303 4404 1363 4473 ήμίν
1374 4405 1488 4475 mm]

291 4473 343 4528 Ed.
440 4491 482 4546 13.
500 4476 657 4548 διήγγελλον
669 4474 702 4530 Ε.
714 4475 852 4617 διήπλον
864 4475 916 4530 Ed.
1019 4475 1060 4534 16.
1078 4477 1248 4547 ἀπολειφθείς
1260 4475 1350 4531 E.F.a.
1364 4475 1417 4532 Ed.
1430 4495 1487 4550 mg.

289 4543 451 4616 ἐποληφθιίς
464 4545 515 4601 Ed.
661 4559 700 4617 ¹7·
719 4545 768 4601 όπε
790 4545 856 4618 ’μει]
870 4545 965 4615 όνέπτη
977 4563 1002 4602 λ.
1145 4563 1188 4603 22.
1207 4547 1304 4618 ἐρατᾶν
1316 4545 1349 4601 E.
