3118 5132
264 333 340 398 ⁴422
578 333 619 398 B.
641 331 854 398 CYRILLI
882 332 1173 401 ALEXANDR.
1364 333 1430 399 xiv.
1443 279 1483 420 9..

333 496 444 598 Πλήν
460 499 571 578 ἐκεῖνο
588 495 633 599 δή
650 496 766 580 πάλιν
784 505 860 582 τοῖς
876 501 940 600 τῆς
959 499 1129 601 ἀληθείας
1152 502 1300 605 ἐροῦμεν
1318 502 1475 606 ἐχθροῖς,

276 619 310 700 οῖ
327 629 504 702 πλατεῖαν
522 622 647 728 ἔχουσι
665 624 747 703 καθ’
766 623 869 723 ήμῶν
886 621 954 723 τὴν
971 631 1152 727 γλῶτταν,
1170 623 1374 725 μᾶλλονδὲ
1397 625 1477 704 κατ’

274 746 385 845 αὐτῆς
402 750 466 846 τῆς
485 747 610 832 οὐσίας
627 755 692 828 τοῦ
712 753 956 850 Μονογενοῦς.
995 754 1026 829 εἱ
1046 747 1119 852 γὰρ
1139 747 1191 851 μή
1215 749 1260 858 ἐξ
1281 751 1390 850 αὐτῆς
1410 753 1479 848 τῆς

274 869 402 954 οὐσίας
426 877 491 950 τοῦ
509 875 606 952 θεοῦ
628 875 687 952 καὶ
707 869 854 974 Πατρός
878 873 980 952 ἐστιν
997 873 1018 951 ὁ
1036 870 1135 970 Υἱὸς,
1152 878 1331 976 γεννητοῖς
1356 871 1475 976 ῦιτοίρ-

275 1027 352 1097 χων
378 993 480 1074 τοῦθ’
509 993 598 1099 ὅπερ
626 997 716 1094 ἐστὶ,
745 993 838 1080 Θεὸς
870 995 1039 1096 δηλονότι
1066 999 1125 1077 καὶ
1152 995 1244 1078 κατὰ
1273 994 1389 1104 φύσιν
1415 1001 1524 1083 καὶ5

244 1117 432 1218 οιῖληθῶς,
452 1116 575 1219 μόνοις
604 1117 643 1200 δέ
670 1127 745 1205 τοῖς
772 1119 906 1227 ἔξωθεν
931 1116 1188 1223 ἀγλαῖζόμενος
1214 1119 1394 1226 σχήμασι,
1416 1125 1480 1202 καὶ

275 1247 354 1326 ταῖς
385 1241 609 1328 ἐπεισάκτοις
646 1243 976 1348 λελαμπρυσμένος
1012 1243 1195 1343 εῦκλείαις,
1227 1245 1270 1324 οὐ
1307 1250 1481 1352 φυσικοῖς

163 1425 167 1432 ·
275 1364 482 1470 διαπρέπων
503 1367 719 1476 ἀξιώμασιν,
737 1370 776 1450 ἐν
800 1371 914 1477 ἐαυτῷ
938 1365 977 1448 δέ
1000 1374 1141 1476 μορφοῖ
1159 1366 1225 1449 τὸν
1244 1367 1401 1473 Πατέρα,
1417 1374 1481 1450 καὶ

275 1488 379 1570 εῖκιῦν
407 1493 509 1573 ἐστιν
535 1491 821 1596 ἀπαράλλακτος
847 1499 912 1572 τοῦ
941 1496 1047 1588 θεοῦ,
1075 1491 1312 1596 πρῶτονμὲν
1338 1495 1403 1574 οῦκ
1430 1491 1482 1573 ἂν

275 1612 329 1714 εἴη
356 1613 450 1695 κατὰ
476 1614 592 1723 φύσιν
617 1613 716 1716 Υῖδς,
743 1615 831 1697 ἀλλ’
859 1613 941 1697 οῦδέ
972 1614 1132 1719 γέννημα
1163 1615 1256 1698 κατὰ
1285 1615 1475 1718 ἀλήθειαν,
1501 1651 1555 1696 ιο

274 1739 413 1838 ποίημα
440 1736 478 1820 δέ
505 1742 587 1820 καθ’
608 1740 711 1841 ήμᾶς,
728 1741 758 1842 ἤ
777 1775 812 1822 τι
836 1745 912 1822 τῶν
933 1740 1104 1822 τοιούτων
1122 1741 1254 1845 ἕτερον·
1285 1742 1327 1822 οῦ
1353 1776 1477 1845 παρα-

275 1861 474 1968 δεχθέντος,
502 1866 596 1945 οὕτω
629 1899 668 1945 τε
697 1863 790 1970 ἐχειν
816 1866 1112 1966 πεπιστευμένον,
1141 1872 1331 1951 παντελῶς
1360 1865 1482 1967 δήπου

275 1989 415 2068 κοῖκεῖυο
443 1986 612 2096 φήσομεν
640 1991 797 2090 ἀληθῶς,
822 1991 871 2074 ὡς
899 1990 964 2069 οῦκ
991 1985 1038 2068 εῖν
1064 1989 1117 2089 εἴη
1143 1988 1264 2094 πατήρ
1295 1991 1316 2070 ὁ
1346 1987 1482 2093 Πατὴρ

274 2113 433 2221 ἐνεργείᾳ
457 2114 517 2194 καὶ
545 2111 666 2219 φύσει,
685 2113 835 2213 θελήσει
861 2109 899 2192 δέ
926 2119 1073 2211 μᾶλλον
1098 2117 1156 2194 κοῦ
1184 2113 1330 2215 δοκήσει
1354 2113 1481 2220 τυχὸν,

240 2233 437 2336 θκοιθοίπερ
474 2235 539 2316 οῦν
575 2237 634 2316 καὶ
670 2236 772 2336 ήμῶν
808 2237 1017 2337 ὠνόμασται
1059 2235 1191 2342 πατήρ.
1249 2235 1325 2318 εἶτα
1362 2240 1401 2319 τί
1433 2238 1482 2319 τὸ
1501 2269 1550 2330 1⁵

272 2361 458 2455 ἐντεῦθεν;
489 2359 880 2462 συνομολογηθήσεται
905 2361 965 2440 καὶ
990 2363 1039 2446 ὡς
1063 2361 1109 2468 ἐξ
1130 2358 1289 2464 ἀνάγκης
1313 2365 1489 2444 ἁνατελεῖ

273 2479 400 2586 Τριοίς·
434 2483 498 2563 οῦκ
526 2483 578 2563 ἐτι
607 2481 679 2587 γὰρ
708 2485 793 2584 ἡμῖν
817 2485 840 2584 ἡ
867 2483 955 2587 ἁγία
981 2483 1190 2567 πιστεύεται
1214 2485 1307 2568 κατά
1329 2521 1409 2568 τινα
1431 2485 1484 2589 δὴ

272 2602 419 2710 τρόπον,
438 2613 532 2711 τρεῖς
556 2605 596 2686 δέ
619 2613 776 2707 μᾶλλον,
795 2607 844 2692 ὦς
866 2611 903 2688 ἐν
921 2607 1101 2710 ἀλλήλοις
1125 2611 1190 2691 οῦκ
1216 2609 1486 2717 ἐνυπάρχοντος

274 2729 468 2828 οῦσιωδῶς,
487 2729 644 2810 ἑκάστου
668 2765 706 2811 τε
732 2729 858 2835 ὥσπερ
883 2738 957 2812 τιῦν
980 2733 1168 2834 ὀνομάτων
1192 2740 1240 2820 είς
1266 2733 1331 2816 τὸν
1352 2741 1485 2816 οἰκεῖον

275 2855 340 2952 τῆς
358 2853 448 2939 ἰδίας
466 2852 614 2961 φύσεως
631 2855 902 2960 ἀναχωροῦντος
920 2853 1045 2960 λόγον,
1064 2857 1339 2959 διακεκομμένον
1357 2894 1396 2940 τε
1413 2867 1483 2940 τοῦ
1499 2898 1547 2941 20

276 2975 396 3081 ἐτέρου
422 2983 623 3063 παντελῶς.
663 2979 862 3084 ἐκβιάζεται
886 2978 958 3086 γάρ
982 3015 1060 3067 πως
1084 2981 1177 3082 ἡμᾶς
1202 2983 1225 3083 ή
1250 2993 1316 3064 τοῦ
1340 2983 1479 3088 θεωρή-

275 3135 389 3201 ματος
421 3100 569 3204 διίναμις
600 3105 660 3184 καὶ
688 3103 894 3210 παχύτερον
920 3107 1002 3208 περὶ
1028 3104 1167 3187 τούτων
1193 3111 1315 3188 εἰπεῖν.
1362 3110 1421 3187 καὶ
1449 3113 1486 3188 εὶ

247 3233 383 3307 οτοῦτο
401 3225 566 3328 δώσομεν
585 3225 758 3333 ῦποίρχειν
776 3226 920 3329 ἀληθὲς,
938 3231 1052 3315 οὕτως
1073 3264 1112 3311 τε
1134 3230 1226 3336 ἔχειν
1244 3233 1402 3335 ἐροῦμεν,
1420 3236 1486 3312 καὶ

169 3351 171 3356 ’
276 3353 341 3450 τῆς
358 3351 483 3437 οὐσίας
500 3359 565 3433 τοῦ
583 3357 679 3433 Θεοῦ
698 3355 758 3432 καὶ
777 3351 925 3456 Πατρδς
943 3351 1140 3458 ἀλλότριον
1157 3361 1345 3441 παντελῶς
1362 3389 1485 3458 παρα-

277 3473 453 3580 δεξόμεθα
479 3472 543 3556 τδν
560 3475 661 3574 Υῖδν,
683 3482 761 3561 πῶς
789 3478 831 3556 οῦ
859 3475 1097 3583 διαψεύσεται
1125 3477 1245 3581 λέγων
1261 3479 1307 3560 ‘0
1326 3478 1486 3588 ἓωρνικῖνς
1501 3515 1544 3576 25

277 3595 338 3703 ἐμὲ
360 3597 482 3705 ῖαίριιιιι
504 3597 556 3680 τὶν
575 3596 736 3706 Πατίριις
770 3605 866 3680 Θεοῦ
893 3599 967 3704 γὰρ
995 3601 1219 3707 ὑπάρχοντος
1246 3601 1339 3683 κατὰ
1365 3603 1488 3710 φύσιν

278 3727 343 3799 τοῦ
369 3717 525 3824 Πατρδς,
542 3727 621 3807 πῶς
646 3723 691 3803 ἂν
712 3723 796 3824 ἡμῖν
821 3725 841 3804 ὃ
862 3723 962 3824 Υῖδς,
981 3726 1095 3806 καίτοι
1119 3725 1170 3826 μὴ
1196 3722 1368 3832 ῦποίρχων
1387 3725 1489 3814 Θεὸς

279 3841 371 3923 κατὰ
399 3845 513 3951 φύσιν
540 3843 633 3927 κατὰ
661 3844 725 3928 τὸν
751 3849 894 3930 ἐκείνων
920 3847 1046 3954 λόγον,
1075 3851 1183 3959 δείξει
1212 3853 1250 3932 ἐν
1274 3852 1389 3959 ἐαυτῷ
1415 3849 1487 3933 τὸν

281 3967 455 4072 Πατέρα;
490 3975 568 4055 πῶς
592 3967 666 4075 γὰρ
691 3973 801 4081 ἐντῷ
827 3972 993 4075 γεγονότι
1018 3972 1061 4055 τὸ
1088 3973 1139 4075 μή
1163 3973 1313 4079 γεγονὸς
1341 3973 1483 4078 θεωρή-

279 4121 407 4193 σομεν·
438 4095 476 4174 ἐν
494 4091 531 4176 δέ
549 4098 601 4204 τῷ
617 4093 668 4196 μὴ
687 4092 764 4174 ὄντι
787 4094 886 4194 ποτέ,
905 4093 998 4176 κατοί
1022 4133 1064 4200 γε
1089 4097 1153 4180 τὸν
1171 4108 1236 4180 τοῦ
1260 4103 1485 4200 πεποιῆσθαι
1501 4143 1545 4200 30

112 4243 179 4304 ’178
187 4239 228 4298 Δ.
250 4213 404 4320 ολόγον,
422 4225 500 4304 πῶς
524 4219 570 4299 εῖν
591 4252 646 4305 τις
669 4218 739 4300 ’ίδοι
762 4217 827 4302 τὸν
849 4217 937 4301 ὄντα
964 4219 1024 4302 διὰ
1050 4219 1186 4308 παντός
1198 4255 1209 4321 ;
1239 4221 1290 4324 μὴ
1318 4221 1391 4327 γοίρ
1418 4258 1486 4323 μοι

318 4523 359 4563 ιο.
372 4509 435 4564 ασελ
446 4509 492 4564 alt.
500 4509 533 4566 Ε.
546 4508 600 4564 κατ’
613 4508 666 4564 Ed.
718 4511 760 4565 18.
773 4509 965 4583 ἐνυπάρχοντος
977 4509 1010 4568 E.
1065 4526 1108 4568 ιο.
1121 4512 1204 4584 λόγον
1215 4518 1388 4582 assumptum
1400 4527 1435 4566 ex
1447 4509 1486 4570 Ε.

281 4591 378 4654 25-27.
395 4580 422 4634 A
433 4583 488 4639 πὸς
499 4579 534 4636 ad
545 4585 601 4638 πῶς
612 4579 726 4636 transilit
738 4579 771 4638 Ε.
