3274 5118
126 337 238 418 xvi.7.
308 337 361 400 IN
393 337 426 401 S.
452 337 709 402 JOANNEM.
756 338 854 402 LIB.
879 339 920 402 X.
967 338 1141 403 CARII.
1260 338 1324 401 617

12 521 15 532 '
124 503 245 601 μένοις
263 507 409 605 ἀγαπᾶν
425 509 488 605 τῆς
502 507 701 606 ἀποδημίας
720 507 782 585 οὐκ
802 507 920 584 ἐῶσαν
948 504 989 584 τὸ
1009 504 1121 584 α’ίτιον
1148 507 1323 602 ἐκμαθεῖν,

125 627 241 707 καίτοι
260 626 406 727 πολλὴν
424 629 568 735 ἔχοντος
587 637 650 709 τοῦ
669 629 794 709 εἰδέναι
813 628 879 729 τήν
898 628 1035 729 ὄνησιν.

118 873 208 939 Ἀλλ’
232 876 298 951 ἐγὼ
325 876 383 943 τιλν
406 877 564 944 ἀλήθειαν
591 876 663 955 ὑμῖν
691 880 787 960 λέτω,
812 880 969 968 συμφέρει
997 873 1067 954 ὑμῖν
1096 877 1148 942 ἵνα
1176 875 1353 951 ἀπέλθωγ

177 1000 236 1066 ἐὰν
276 1002 335 1092 τὰρ
375 1003 418 1078 μιλ
460 1005 605 1085 ἀπέλθω,
644 1007 663 1073 ὁ
704 1007 916 1094 παράκλητος
957 1005 994 1069 οὐ
1034 1004 1077 1080 μιλ
1118 1003 1198 1092 ἔλθη
1239 1003 1322 1089 ττρόε
1369 1043 1376 1066 1

12 1127 13 1130 ’
86 1148 107 1209 5
177 1129 268 1202 ὑμᾶς.

184 1300 308 1406 Θερμή
331 1301 396 1402 μέν
414 1303 487 1408 γὰρ
506 1307 595 1403 ὑμᾶς
618 1304 827 1406 κατεδήδοκε
855 1305 969 1403 λύπη,
992 1308 1098 1410 φησί,
1117 1307 1175 1383 καῖ
1198 1302 1321 1406 δριμὺς

125 1421 276 1534 ἐτάραξε
313 1427 433 1512 πόνος.
484 1431 525 1509 οὐ
562 1428 634 1534 γὰρ
671 1431 925 1532 ἀταλαίπωρον
962 1431 1096 1512 ἑαυτοῖς
1135 1427 1199 1507 τὸν
1235 1426 1321 1525 ἐμὸν

125 1551 277 1632 ἔσεσθαι
304 1552 491 1659 χωρισμὸν
518 1552 751 1662 ὑπειλήφατε,
773 1553 921 1660 σφόδρα
944 1560 1158 1660 φρονοῦντες
1186 1553 1314 1655 ὀρθῶς.

125 1685 379 1779 περιπεσεῖσθε
398 1677 470 1782 γὰρ
487 1677 630 1762 πάντως
646 1677 697 1762 οἷς
716 1679 783 1781 ἤδη
802 1679 996 1781 προείρηκα
1014 1683 1240 1780 πειρασμοῖς,
1262 1680 1319 1754 καὶ

67 1834 110 1874 10
125 1804 189 1900 τῆς
212 1808 284 1880 τῶν
310 1801 510 1882 διωκόντων
534 1800 766 1902 ἀνοσιότητος
795 1805 996 1901 ὑπομενεῖτε
1024 1799 1089 1900 τὴν
1111 1797 1350 1902 ἀγριότητας

124 1928 253 2030 χρῆναι
278 1924 321 2026 δή
341 1927 404 2005 οὖν
422 1928 474 2005 ἀεὶ
500 1933 572 2006 τῶν
590 1927 747 2026 ἡδίστων
774 1925 815 2006 τὸ
843 1926 1032 2032 συμφέρον
1054 1923 1320 2028 προτάττεσθαι

126 2047 365 2153 λογιζόμενος,
393 2053 461 2153 ε’ρῶ
497 2048 588 2154 πρὸς
626 2052 716 2149 ὑμᾶς
752 2049 804 2144 τήν
842 2048 1009 2146 ἀλήθειαν,
1057 2045 1215 2155 συμφέρει
1245 2051 1320 2150 ὑμῖν

122 2172 179 2253 ’ίια
198 2170 266 2276 ε’γδ
285 2172 437 2255 ἀπέλθω.
470 2177 527 2254 καὶ
551 2174 671 2255 πάντα
694 2173 759 2273 μὲν
777 2173 822 2254 τά
848 2173 1008 2274 νοήματα
1034 2178 1084 2280 τῷ
1112 2170 1199 2274 ὑπὲρ
1228 2171 1320 2270 ἡμᾶς

122 2297 439 2402 παραχωρήσομεν
458 2302 598 2400 Σωτῆρι
616 2303 780 2406 Χριστῷ,
798 2297 897 2396 πλὴν
920 2299 962 2376 οὐ
983 2298 1132 2399 μετρίως
1155 2291 1200 2375 ἀν
1223 2291 1320 2393 οἶμαι

69 2443 108 2506 15
125 2419 342 2523 θορυβήσειν
370 2421 549 2502 δύνασθαί
573 2457 653 2501 τινα
680 2429 752 2502 τῶν
775 2421 1034 2523 ἁπλουστέρων
1057 2419 1099 2500 τὸ
1122 2419 1316 2521 είρημένον.

123 2551 297 2646 λογιεῖται
320 2545 392 2649 γὰρ
416 2546 559 2630 ποίντως
581 2549 690 2626 έκεῖνο
719 2547 801 2626 καθ’
831 2543 957 2626 ἑαυτὸν
987 2548 1044 2626 καὶ
1072 2541 1317 2649 διασκέφεται,

124 2672 173 2753 ὡς
192 2669 288 2774 ε’ίπερ
310 2667 355 2768 ἦν
373 2669 516 2770 ἄμεινον
535 2668 576 2750 τὸ
596 2673 828 2771 ἀποδημῆσαι
846 2669 1022 2774 Χριστὸν,
1040 2668 1081 2751 τὸ
1101 2669 1170 2771 ἀρα
1189 2675 1315 2770 παρεῖ-

124 2829 182 2874 ναι
204 2799 268 2893 τῆς
293 2793 384 2874 καποί
402 2829 436 2874 τι
459 2803 548 2896 γοῦν
567 2794 689 2896 ζημίας
714 2796 755 2874 οὐ
779 2795 864 2874 λίαν
882 2792 1108 2895 ἀπήλλακτο·
1148 2795 1206 2872 καὶ
1228 2795 1256 2870 εῖ
1274 2789 1352 2874 τδιί

124 2918 313 3024 συμφέρον
332 2918 414 3016 ήμῖν
433 2919 471 2997 έν
488 2924 540 3025 τῷ
562 2921 725 2998 ἀνελθεῖν
746 2916 864 3015 αὐτόν,
887 2924 964 3000 πῶς
985 2919 1063 3021 οὐχὶ
1089 2915 1131 2996 τὸ
1158 2917 1317 2995 έναντίον

70 3081 109 3119 20
124 3044 162 3121 έκ
185 3051 248 3122 τοῦ
273 3040 323 3141 μή
347 3044 516 3121 ἀπελθεῖν
543 3039 797 3140 συμβήσεται;
838 3043 895 3121 καὶ
921 3038 1115 3143 θορυβήσει
1138 3037 1204 3138 μέν
1229 3037 1318 3121 ἴσως

127 3163 225 3250 τινάς
256 3172 329 3244 τῶν
360 3163 533 3268 ἀκεραίων
561 3163 603 3243 τὸ
631 3161 779 3266 ζήτημα·
819 3162 918 3263 πλὴν
946 3163 966 3240 ὁ
994 3162 1139 3243 συνέσει
1166 3167 1211 3266 τῇ
1240 3163 1318 3268 θείηι

127 3289 449 3392 διακνβερνεόμενος
484 3285 575 3391 πρὸς
607 3290 737 3390 ἀκριβη
770 3293 842 3367 τῶν
875 3285 1065 3391 εἰρημένων
1097 3243 1316 3394 κατόληφιιῖ,

125 3414 188 3491 οὐκ
224 3410 270 3492 ἀν
300 3412 393 3496 ὅλως
431 3409 527 3510 οἶμαι
563 3411 847 3510 σκανδαλισθείη
878 3411 976 3508 ποτέ,
1007 3409 1248 3515 διασκέψηται
1279 3411 1317 3491 δε

124 3535 325 3634 μᾶλλον
290 3571 353 3616 τον
374 3543 448 3620 τοῖς
470 3535 662 3638 εἰρημένοις
683 3569 866 3637 πρεποντα
889 3543 981 3616 νοῦν.

72 3688 110 3750 25
179 3664 320 3762 Χρῆναι
349 3667 537 3763 τοιγαροῦν
554 3657 626 3760 πρὸ
654 3665 726 3739 τῶν
753 3659 880 3740 ἀλλων
903 3658 1071 3739 ἁπάντων
1094 3659 1202 3739 έκεῖνό
1221 3664 1315 3765 φημι

124 3781 392 3886 διαλογίζεσθαί
416 3819 453 3864 τε
482 3818 540 3862 και
527 3782 692 3862 εἰδέναι
719 3781 906 3938 σαφῶς,””
886 3819 941 3863 οτι
965 3780 1056 3863 κατά
1080 3781 1123 3862 τὸ
1150 3816 1311 3885 γεγραμ·
1328 3829 1345 3872 0

122 3907 228 4006 μένον
257 3918 279 3956 “
294 3906 428 4012 Καιρδς
455 3913 506 4015 τῷ
534 3941 641 3988 παντι
669 3907 882 4010 προίγματι,”
914 3911 972 3987 καὶ
1002 3905 1122 3987 πάντα
1152 3905 1296 3984 καλά’
1278 3941 1315 3985 εν
1360 3913 1474 4038 ξῡξξω·

123 4037 232 4139 καιρῷ
260 4033 389 4113 αὐτῶν.
438 4035 557 4136 παρῆν
586 4031 706 4112 οὖν’
678 4065 749 4135 αρα
782 4064 874 4111 κατα
906 4028 1045 4134 καιροὺς
1078 4029 1264 4134 χρησίμως
1294 4030 1314 4107 ὃ

125 4156 256 4259 Κύριος
288 4158 325 4236 έν
353 4161 442 4264 τῷδε
469 4161 521 4264 τῷ
549 4151 677 4264 κόσμῳ
704 4154 795 4254 μετὰ
822 4154 970 4258 σαρκός·
1009 4155 1047 4232 έν
1075 4157 1185 4260 καιρῷ
1213 4153 1246 4232 δ’
1268 4153 1314 4232 αὖ

74 4312 109 4370 30
122 4278 234 4360 πόλιν
255 4285 306 4386 τῷ
325 4278 519 4380 καθήκοντί
541 4313 578 4358 τε
598 4284 656 4358 καὶ
675 4278 891 4386 ἡρμοσμένην
909 4284 986 4362 ταῖς
1008 4277 1063 4382 ἐφ’
1083 4273 1224 4382 ἑκάστῳ
1242 4281 1315 4355 τῶν

157 4499 182 4547 4.
202 4481 233 4535 οὐ
245 4481 280 4550 μή
292 4480 357 4550 ἷλθη
371 4481 403 4536 Ε.
416 4480 461 4535 οὐκ
473 4479 608 4536 ι’λειῖσεται
622 4478 673 4534 Ed.
801 4489 842 4550 17.
860 4475 1020 4546 ἀποδημήναι
1034 4475 1066 4531 Ε.
1192 4492 1234 4530 τι.
1254 4479 1268 4528 ὁ
1282 4475 1314 4530 Ε.

123 4584 153 4638 οὐ
166 4583 217 4639 Ed.
434 4597 477 4654 27.
495 4552 609 4640 ποῖτῶν
621 4585 709 4639 ἀλλων
721 4583 787 4636 καλὰ
800 4583 832 4638 Ε.

165 4687 234 4732 νου.
253 4688 290 4732 11.
693 4686 753 4748 41<
