3118 5132
308 343 373 408 ιιι
480 317 483 328 ’
610 343 1206 410 B.cYR1LL1ALEXANDR.
1395 342 1523 422 ειη.

308 506 435 588 εῖδέναι
463 507 638 612 Χριστόν.
678 508 795 610 ἐπειδὴ
823 509 861 589 δέ
888 509 933 612 ἦν
960 545 1058 595 τινας
1085 509 1176 596 εῖκδς
1203 506 1400 608 Ἰουδαῖκήν
1426 541 1525 586 τινα

308 639 454 730 μᾶλλον
477 633 589 735 ἤγουν
616 632 853 735 εύαγγελικὴν
877 635 1146 734 ἐπιτηδεύοντας
1173 636 1373 728 παίδευσιν,
1397 631 1521 738 ἐξαρ-

309 763 382 836 κεῖν
400 756 537 837 οίεσθαι
560 754 650 858 πρὸς
675 755 717 836 τῖι
741 757 923 838 πιστεύειν
941 759 1057 862 ὀρθῶς
1074 757 1140 858 τὴν
1158 764 1206 842 είς
1232 759 1295 838 ἕνα
1320 763 1392 837 τῶν
1410 756 1528 835 ὅλων

309 878 404 960 Θεὸν
431 881 630 982 ὁμολογίαν
656 913 696 959 τε
723 883 782 960 καὶ
811 887 960 983 γνῶσιν,
981 881 1031 981 μὴ
1059 881 1130 981 μὴν
1153 882 1358 984 ἐπείγεσθαι
1382 885 1526 978 μαθεῖν

308 1002 372 1083 τὸν
389 1007 469 1106 περὶ
487 1008 551 1102 τῆς
569 1004 675 1106 ἀγίας
696 1007 754 1083 καὶ
777 1006 971 1104 ὁμοουσίου
990 1003 1146 1107 Τριάδος
1164 1003 1286 1107 λόγον,
1307 1000 1524 1104 ἀναγκαίως
1544 1019 1553 1073 3

308 1127 487 1208 ἀποκλείει
505 1126 640 1230 τρόπον
658 1127 737 1208 τινὰ
755 1127 919 1231 Χριστὸς
937 1132 996 1209 καὶ
1017 1136 1091 1214 τοῖς
1113 1131 1206 1208 οὕτω
1226 1125 1418 1234 δοξάζουσι
1440 1123 1524 1225 τὴν

274 1253 389 1354 ὓπερῖ
415 1261 479 1332 τοῦ
503 1257 599 1332 Θεοῦ
624 1258 772 1355 γνῶσιν,
791 1259 821 1332 εί
845 1251 895 1352 μὴ
920 1255 978 1332 καί
1003 1252 1112 1333 αὐτὸν
1129 1252 1321 1348 βούλοιντο
1345 1250 1520 1352 παραδέ-

307 1379 452 1480 χεσθαι.
511 1373 570 1455 διά
607 1373 678 1478 γάρ
715 1380 805 1454 Υῖοῦ
841 1374 1035 1478 προσιτέον
1071 1381 1123 1483 τῷ
1160 1380 1244 1482 Θεῷ
1281 1377 1339 1454 καὶ
1373 1375 1517 1476 Πατρί.

307 1497 497 1601 ἀναλόγως
529 1497 601 1601 γάρ
634 1504 679 1603 τῇ
708 1506 773 1579 τοῦ
805 1499 1025 1602 γεννήματος
1058 1499 1187 1606 θεωρίᾳ
1224 1502 1283 1578 καὶ
1314 1499 1366 1578 ἐπ’
1398 1494 1523 1577 αὑτὸν

307 1622 442 1728 ἥξομεν
460 1621 523 1701 τὸν
543 1621 751 1724 γεννήτορά.
787 1625 830 1702 ού
848 1623 919 1726 γάρ
937 1625 1048 1722 ε’στιν,
1067 1625 1131 1702 οὐκ
1148 1622 1249 1702 ἐστιν
1267 1623 1517 1728 ἀμφιβαλεῖν,
1542 1645 1554 1687 ¹

307 1745 361 1824 ὅτι
379 1744 443 1824 τόν
459 1744 550 1825 Υίόν
567 1780 620 1830 τις
642 1745 842 1854 ὑφεστάναι
867 1747 1048 1827 πιστεύων
1067 1749 1179 1831 οὕτως
1204 1750 1252 1830 ὡς
1278 1745 1366 1837 υίὸν,
1386 1742 1451 1825 τὸν
1471 1749 1521 1825 ἐκ

305 1873 370 1968 τῆς
397 1869 522 1954 οὐσίας
550 1873 644 1976 φημὶ
672 1878 736 1950 τοῦ
765 1871 1018 1972 γεννήσαντος,
1043 1869 1177 1950 εἵσεται
1205 1869 1249 1969 δὴ
1276 1867 1421 1954 πάντως
1449 1873 1520 1949 καὶ

306 1991 370 2074 τόν
391 1991 546 2096 Πατέρα.

365 2116 472 2197 Κατὰ
496 2117 562 2216 μέν
583 2117 646 2197 οὖν
667 2115 734 2216 τὴν
756 2119 1012 2222 ἁπλουστέραν
1036 2119 1094 2199 καὶ
1122 2116 1333 2220 ἀπερίεργον
1350 2121 1513 2218 γνῶσιν,

276 2242 419 2325 οοῦτως
437 2243 483 2320 ἀν
502 2276 554 2326 τις
572 2243 704 2342 οῖηθείη
721 2241 832 2347 τυχὸν
849 2247 1026 2342 λαλῆσαι·
1057 2249 1087 2322 εί
1106 2240 1147 2320 δέ
1161 2276 1212 2349 τερ
1233 2241 1353 2340 δοκοίη
1372 2241 1430 2318 καὶ
1450 2239 1516 2318 διά
1537 2269 1552 2308 1

307 2372 453 2444 λεπτῶν
480 2366 649 2478 έρχερθαι
677 2365 874 2466 νοημάτων,
904 2370 952 2451 ὡς
979 2369 1037 2446 καὶ
1065 2367 1118 2446 ἐπ’
1148 2362 1260 2464 αὑτὸν
1286 2371 1359 2444 τῶν
1382 2397 1510 2465 πραγ-

306 2484 430 2584 μάτων
450 2487 582 2567 ἐλάσαι
610 2486 676 2587 τὴν
700 2486 876 2586 βάσανον,
896 2489 1117 2590 ἀληθεύοντα
1142 2487 1256 2570 πάλιν
1276 2487 1418 2590 εὑρήσει
1443 2483 1518 2566 τὸν

306 2611 407 2691 Υῖόν.
453 2613 589 2718 διανοίᾳ
613 2610 678 2710 μὲν
703 2611 776 2715 γάρ
803 2611 931 2718 ἁπάσῃ
955 2619 1143 2698 παντελῶς
1166 2611 1351 2716 ἀχῶρητος
1379 2610 1401 2710 ἡ
1428 2612 1516 2690 θεία

306 2735 418 2841 φύσις
446 2737 535 2832 ἐστὶ,
564 2738 621 2814 καί
651 2736 690 2814 τί
716 2737 791 2815 κατ’
822 2737 951 2815 οὐσίαν
978 2739 998 2816 ὁ
1028 2743 1102 2816 τῶν
1129 2736 1226 2817 ὅλων
1254 2733 1515 2838 γενεσιουργὸς

305 2864 445 2954 τολμᾶν
473 2857 567 2941 ὅλως
594 2856 897 2961 περιεργάζεσθαι,
926 2859 1214 2964 φρενοβλαβείας
1245 2857 1391 2958 ἀπάσης
1415 2857 1512 2956 ἀπό-
1532 2893 1555 2931 2<

304 2981 415 3088 δειξιν
443 2982 526 3086 ἔχει.
577 2980 677 3082 πλὴν
702 2983 782 3061 ἐστι
811 3017 888 3066 πως
918 2983 1010 3083 ἡμᾶς
1040 3019 1131 3082 τινα,
1160 2987 1208 3067 ὡς
1236 2985 1274 3062 ἐν
1301 2989 1419 3066 σκιαῖς
1447 2987 1513 3062 καὶ

226 3183 229 3188 .
304 3105 524 3206 αῖνίγμασιν,
544 3105 764 3208 ἐρανίζεσθαι
786 3113 933 3207 γνῶσιν,
952 3105 1155 3210 κάτοπτρον
1176 3106 1300 3210 ὥσπερ
1325 3141 1360 3187 τι
1384 3139 1508 3207 παρα-

304 3228 464 3313 τιθέντας
491 3235 542 3337 rga
570 3229 625 3309 νοῖ
651 3235 723 3308 τῶν
745 3229 895 3311 ἐνόντων
917 3215 1301 3335 πλεονεκτημάτωντῇ
1330 3237 1394 3310 τοῦ
1415 3233 1513 3309 Υίοῦ

306 3353 416 3458 φύσει
443 3351 507 3432 τὸν
534 3351 751 3455 κατάλογον.
789 3353 833 3460 ἐξ
859 3350 909 3433 ὧν
936 3353 1007 3458 γάρ
1035 3357 1135 3435 ἐστιν
1160 3355 1277 3454 αὐτὸς,
1302 3357 1360 3435 καὶ
1388 3353 1432 3460 ἐξ
1455 3349 1512 3432 ὧν

269 3475 492 3577 ἀείργασται
511 3475 700 3579 γενόμενος
718 3477 919 3578 ἅνθρωπος,
940 3483 998 3558 καὶ
1016 3477 1088 3580 πρὸ
1106 3483 1171 3578 τῆς
1188 3475 1508 3582 ἐνανθρωπὴσεως,
1529 3511 1555 3566 ιι

303 3598 492 3700 ἀναλόγως
520 3599 565 3678 ἀν
583 3635 636 3684 τις
664 3604 720 3680 ἐπὶ
748 3599 814 3700 τὴν
832 3609 895 3680 τοῦ
920 3601 1084 3686 τεκόντος
1111 3603 1220 3682 αὑτὸν
1241 3603 1392 3704 θεωρίαν
1415 3602 1511 3681 ἀνίοι

304 3719 445 3802 λοιπόν.
498 3722 565 3826 ὅρα
600 3723 671 3827 γάρ
708 3759 769 3822 μοι
806 3723 872 3824 τὴν
904 3729 1058 3806 ἐνοῦσαν
1096 3728 1192 3834 αὐτῷ
1229 3725 1342 3832 δόξαν
1373 3759 1411 3804 τε
1446 3730 1510 3805 καὶ

305 3846 464 3946 δύναμιν,
493 3847 611 3939 βλέπε
646 3847 712 3946 τὴν
744 3851 801 3955 ἐφ’
830 3847 969 3930 ἅπασιν
996 3849 1294 3955 ἀπαραπόδιστον
1321 3847 1506 3956 ἐξουσίαν.

304 3969 343 4050 τί
357 3967 428 4074 γάρ
448 3971 530 4051 εῖπέ
540 4007 602 4070 μοι
621 3974 680 4051 καὶ
698 3979 771 4052 τῶν
791 3974 879 4077 ύπέρ
898 3973 1023 4076 λόγον,
1043 3977 1109 4057 οὐκ
1133 3973 1329 4077 ἐλευθέροις
1355 3975 1510 4073 νεύμασι

304 4096 540 4198 κατορθώσας
558 4097 694 4200 ὁρᾶται,
713 4100 770 4176 καὶ
789 4096 861 4198 πρὸ
880 4097 1018 4201 σαρκὸς
1036 4103 1094 4180 καὶ
1113 4097 1204 4196 μετὰ
1223 4096 1361 4203 σαρκός
1376 4132 1386 4194 ;
1418 4101 1509 4180 ἀλλ’
1526 4129 1555 4186 3<

305 4219 326 4298 ὁ
353 4227 527 4304 τοσοῦτος
552 4221 636 4320 ἡμῖν
659 4219 702 4300 δι’
722 4221 841 4301 αὐτῶν
862 4223 988 4328 ὀφθεὶς
1013 4229 1086 4303 τιῖιν
1108 4223 1335 4326 πραγμάτων
1354 4234 1374 4271 “
1387 4221 1508 4324 Ἐγὼ,

305 4352 328 4389 “
346 4345 453 4448 φησὶ,
471 4345 528 4424 καῖ
554 4345 575 4424 ὁ
595 4343 726 4448 Πατὴρ
750 4344 787 4424 ἕν
811 4349 932 4446 ἐσμεν·
966 4348 986 4426 ὁ
1012 4347 1176 4450 ἑωρακὼς
1201 4347 1260 4447 ἐμέ
1286 4347 1416 4451 ἑόρακε
1442 4345 1510 4427 τὸν

343 4529 384 4579 14.
403 4511 448 4569 οὖν
461 4530 514 4568 om.
529 4513 561 4570 E.
687 4531 730 4586 25.
746 4514 885 4588 ἐἴργασται
899 4515 930 4570 E.
946 4515 997 4572 Ed.
1010 4534 1064 4587 mg.
1078 4515 1197 4588 εἴργασαι
1211 4517 1262 4574 Ed.
1391 4535 1435 4588 31.
1455 4526 1509 4577 τῶν

302 4594 475 4655 assumptum
488 4603 520 4641 ιιι
535 4587 567 4642 Ε.
