<?xml version="1.0" encoding="UTF-8"?>
<!DOCTYPE html PUBLIC "-//W3C//DTD XHTML 1.0 Transitional//EN"
    "http://www.w3.org/TR/xhtml1/DTD/xhtml1-transitional.dtd">
<html xmlns="http://www.w3.org/1999/xhtml" xml:lang="en" lang="en">
 <head>
  <title>
</title>
<meta http-equiv="Content-Type" content="text/html;charset=utf-8" />
  <meta name='ocr-system' content='tesseract 3.04.00' />
  <meta name='ocr-capabilities' content='ocr_page ocr_carea ocr_par ocr_line ocrx_word'/>
</head>
<body>
  <div class='ocr_page' id='page_1' title='image "./sanctipatrisnos02pusegoog_0461.png"; bbox 0 0 3118 5132; ppageno 0'>
   <div class='ocr_carea' id='block_1_1' title="bbox 59 372 1222 441">
    <p class='ocr_par' dir='ltr' id='par_1_1' title="bbox 59 372 1222 441">
     <span class='ocr_line' id='line_1_1' title="bbox 59 372 1222 441; baseline -0.002 -4"><span class='ocrx_word' id='word_1_1' title='bbox 59 372 97 436; x_wconf 84' lang='grc' dir='ltr'>α’τ.</span> <span class='ocrx_word' id='word_1_2' title='bbox 109 394 150 438; x_wconf 91' lang='lat'>10.</span> <span class='ocrx_word' id='word_1_3' title='bbox 304 377 363 440; x_wconf 89' lang='lat' dir='ltr'>IN</span> <span class='ocrx_word' id='word_1_4' title='bbox 395 376 431 441; x_wconf 82' lang='lat' dir='ltr'>S.</span> <span class='ocrx_word' id='word_1_5' title='bbox 453 375 475 439; x_wconf 84' lang='lat' dir='ltr'>J</span> <span class='ocrx_word' id='word_1_6' title='bbox 481 372 713 440; x_wconf 84' lang='lat' dir='ltr'><strong>OANNEM.</strong></span> <span class='ocrx_word' id='word_1_7' title='bbox 759 373 855 439; x_wconf 85' lang='lat' dir='ltr'><strong>LIB.</strong></span> <span class='ocrx_word' id='word_1_8' title='bbox 879 374 941 440; x_wconf 89' lang='lat' dir='ltr'>IX.</span> <span class='ocrx_word' id='word_1_9' title='bbox 1156 373 1222 436; x_wconf 79' lang='lat'>429</span> 
     </span>
    </p>
   </div>
   <div class='ocr_carea' id='block_1_2' title="bbox 43 537 1253 1636">
    <p class='ocr_par' dir='ltr' id='par_1_2' title="bbox 43 537 1253 1636">
     <span class='ocr_line' id='line_1_2' title="bbox 58 537 1253 646; baseline 0 -32"><span class='ocrx_word' id='word_1_10' title='bbox 58 540 199 640; x_wconf 72' lang='grc' dir='ltr'>τοσαύτην</span> <span class='ocrx_word' id='word_1_11' title='bbox 219 539 297 644; x_wconf 74' lang='grc' dir='ltr'>γὰρ</span> <span class='ocrx_word' id='word_1_12' title='bbox 328 541 399 646; x_wconf 81' lang='grc' dir='ltr'>ἔχω</span> <span class='ocrx_word' id='word_1_13' title='bbox 427 539 519 644; x_wconf 88' lang='grc' dir='ltr'>πρός</span> <span class='ocrx_word' id='word_1_14' title='bbox 546 539 656 620; x_wconf 76' lang='grc' dir='ltr'>αὐτόν</span> <span class='ocrx_word' id='word_1_15' title='bbox 680 539 837 641; x_wconf 82' lang='grc' dir='ltr'>σῦσιιόδη</span> <span class='ocrx_word' id='word_1_16' title='bbox 865 539 931 640; x_wconf 87' lang='grc' dir='ltr'>τὴν</span> <span class='ocrx_word' id='word_1_17' title='bbox 955 538 1156 646; x_wconf 71' lang='grc' dir='ltr'>ἐμφέρειαν,</span> <span class='ocrx_word' id='word_1_18' title='bbox 1175 537 1253 620; x_wconf 81' lang='grc' dir='ltr'>ὡςα</span> 
     </span>
     <span class='ocr_line' id='line_1_3' title="bbox 57 659 1224 773; baseline -0.002 -33"><span class='ocrx_word' id='word_1_19' title='bbox 57 663 133 742; x_wconf 78' lang='grc' dir='ltr'>οῖτοῦ</span> <span class='ocrx_word' id='word_1_20' title='bbox 147 663 208 750; x_wconf 86' lang='grc' dir='ltr'>τός</span> <span class='ocrx_word' id='word_1_21' title='bbox 233 665 327 766; x_wconf 81' lang='grc' dir='ltr'>ε’μῖας</span> <span class='ocrx_word' id='word_1_22' title='bbox 353 661 443 745; x_wconf 85' lang='grc' dir='ltr'>εἶναι</span> <span class='ocrx_word' id='word_1_23' title='bbox 468 662 601 773; x_wconf 78' lang='grc' dir='ltr'>φωνὰς,</span> <span class='ocrx_word' id='word_1_24' title='bbox 620 667 679 744; x_wconf 82' lang='grc' dir='ltr'>καὶ</span> <span class='ocrx_word' id='word_1_25' title='bbox 698 663 791 766; x_wconf 81' lang='grc' dir='ltr'>ἅπερ</span> <span class='ocrx_word' id='word_1_26' title='bbox 810 663 854 744; x_wconf 83' lang='grc' dir='ltr'>ἂν</span> <span class='ocrx_word' id='word_1_27' title='bbox 873 659 992 772; x_wconf 75' lang='grc' dir='ltr'>δρῴην</span> <span class='ocrx_word' id='word_1_28' title='bbox 1011 661 1092 767; x_wconf 80' lang='grc' dir='ltr'>ἐγὼ,</span> <span class='ocrx_word' id='word_1_29' title='bbox 1111 668 1224 742; x_wconf 91' lang='grc' dir='ltr'>ταῦτα</span> 
     </span>
     <span class='ocr_line' id='line_1_4' title="bbox 58 783 1224 895; baseline 0.001 -33"><span class='ocrx_word' id='word_1_30' title='bbox 58 786 133 866; x_wconf 84' lang='grc' dir='ltr'>αῦτοῦ</span> <span class='ocrx_word' id='word_1_31' title='bbox 153 790 397 870; x_wconf 79' lang='grc' dir='ltr'>πιστεύεσθαι</span> <span class='ocrx_word' id='word_1_32' title='bbox 422 788 696 892; x_wconf 78' lang='grc' dir='ltr'>κατορθώματα·</span> <span class='ocrx_word' id='word_1_33' title='bbox 737 790 767 870; x_wconf 80' lang='grc' dir='ltr'>ἑο</span> <span class='ocrx_word' id='word_1_34' title='bbox 783 789 856 895; x_wconf 72' lang='grc' dir='ltr'>ἐμοῦ</span> <span class='ocrx_word' id='word_1_35' title='bbox 878 787 951 892; x_wconf 86' lang='grc' dir='ltr'>γόρ</span> <span class='ocrx_word' id='word_1_36' title='bbox 976 789 1079 894; x_wconf 82' lang='grc' dir='ltr'>μένων</span> <span class='ocrx_word' id='word_1_37' title='bbox 1098 783 1157 866; x_wconf 79' lang='grc' dir='ltr'>διὰ</span> <span class='ocrx_word' id='word_1_38' title='bbox 1181 783 1224 864; x_wconf 89' lang='grc' dir='ltr'>τό</span> 
     </span>
     <span class='ocr_line' id='line_1_5' title="bbox 58 911 1225 1021; baseline 0.006 -34"><span class='ocrx_word' id='word_1_39' title='bbox 58 911 310 1014; x_wconf 80' lang='grc' dir='ltr'>οόταρόλλακταν</span> <span class='ocrx_word' id='word_1_40' title='bbox 329 917 369 993; x_wconf 83' lang='grc' dir='ltr'>ἐν</span> <span class='ocrx_word' id='word_1_41' title='bbox 388 913 495 1020; x_wconf 80' lang='grc' dir='ltr'>οὐσίᾳ</span> <span class='ocrx_word' id='word_1_42' title='bbox 519 917 611 994; x_wconf 86' lang='grc' dir='ltr'>ποιεῖ</span> <span class='ocrx_word' id='word_1_43' title='bbox 629 911 680 994; x_wconf 81' lang='grc' dir='ltr'>τῖο</span> <span class='ocrx_word' id='word_1_44' title='bbox 698 911 783 1021; x_wconf 80' lang='grc' dir='ltr'>ίργα</span> <span class='ocrx_word' id='word_1_45' title='bbox 806 915 918 999; x_wconf 79' lang='grc' dir='ltr'>αῦτός.</span> <span class='ocrx_word' id='word_1_46' title='bbox 958 913 1032 993; x_wconf 78' lang='grc' dir='ltr'>ἐπεὶ</span> <span class='ocrx_word' id='word_1_47' title='bbox 1058 914 1116 991; x_wconf 77' lang='grc' dir='ltr'>καὶ</span> <span class='ocrx_word' id='word_1_48' title='bbox 1142 916 1225 1010; x_wconf 82' lang='grc' dir='ltr'>μιᾶς</span> 
     </span>
     <span class='ocr_line' id='line_1_6' title="bbox 43 1035 1225 1144; baseline -0.005 -23"><span class='ocrx_word' id='word_1_49' title='bbox 43 1036 136 1134; x_wconf 61' lang='grc' dir='ltr'>ἓαῦης</span> <span class='ocrx_word' id='word_1_50' title='bbox 163 1042 226 1138; x_wconf 75' lang='grc' dir='ltr'>τῆς</span> <span class='ocrx_word' id='word_1_51' title='bbox 257 1037 444 1138; x_wconf 91' lang='grc' dir='ltr'>θεότητος,</span> <span class='ocrx_word' id='word_1_52' title='bbox 474 1036 512 1116; x_wconf 84' lang='grc' dir='ltr'>ἕν</span> <span class='ocrx_word' id='word_1_53' title='bbox 538 1071 576 1118; x_wconf 88' lang='grc' dir='ltr'>τε</span> <span class='ocrx_word' id='word_1_54' title='bbox 606 1040 725 1140; x_wconf 85' lang='grc' dir='ltr'>Πατρῦ</span> <span class='ocrx_word' id='word_1_55' title='bbox 758 1039 816 1116; x_wconf 79' lang='grc' dir='ltr'>καὶ</span> <span class='ocrx_word' id='word_1_56' title='bbox 844 1039 921 1144; x_wconf 72' lang='grc' dir='ltr'>Υῖςῦ</span> <span class='ocrx_word' id='word_1_57' title='bbox 953 1039 1011 1116; x_wconf 82' lang='grc' dir='ltr'>καὶ</span> <span class='ocrx_word' id='word_1_58' title='bbox 1040 1035 1225 1135; x_wconf 90' lang='grc' dir='ltr'>Πνεύματι</span> 
     </span>
     <span class='ocr_line' id='line_1_7' title="bbox 59 1155 1224 1264; baseline 0.003 -29"><span class='ocrx_word' id='word_1_59' title='bbox 59 1159 219 1260; x_wconf 83' lang='grc' dir='ltr'>νοουμένης,</span> <span class='ocrx_word' id='word_1_60' title='bbox 238 1159 341 1245; x_wconf 83' lang='grc' dir='ltr'>ἅπας</span> <span class='ocrx_word' id='word_1_61' title='bbox 361 1159 426 1260; x_wconf 71' lang='grc' dir='ltr'>μὲν</span> <span class='ocrx_word' id='word_1_62' title='bbox 445 1155 556 1262; x_wconf 90' lang='grc' dir='ltr'>λόγος</span> <span class='ocrx_word' id='word_1_63' title='bbox 574 1161 594 1239; x_wconf 86' lang='grc' dir='ltr'><strong>ὁ</strong></span> <span class='ocrx_word' id='word_1_64' title='bbox 612 1157 712 1264; x_wconf 79' lang='grc' dir='ltr'>παρὰ</span> <span class='ocrx_word' id='word_1_65' title='bbox 732 1157 889 1262; x_wconf 89' lang='grc' dir='ltr'>Πατρός,</span> <span class='ocrx_word' id='word_1_66' title='bbox 907 1158 1050 1244; x_wconf 83' lang='grc' dir='ltr'>πάντως</span> <span class='ocrx_word' id='word_1_67' title='bbox 1074 1162 1154 1239; x_wconf 83' lang='grc' dir='ltr'>ἐστὶ</span> <span class='ocrx_word' id='word_1_68' title='bbox 1180 1160 1224 1239; x_wconf 84' lang='grc' dir='ltr'>δι’</span> 
     </span>
     <span class='ocr_line' id='line_1_8' title="bbox 59 1280 1226 1390; baseline 0.006 -33"><span class='ocrx_word' id='word_1_69' title='bbox 59 1285 118 1360; x_wconf 77' lang='grc' dir='ltr'>Υιοῦ</span> <span class='ocrx_word' id='word_1_70' title='bbox 132 1287 165 1362; x_wconf 85' lang='grc' dir='ltr'>ἐν</span> <span class='ocrx_word' id='word_1_71' title='bbox 183 1285 389 1384; x_wconf 88' lang='grc' dir='ltr'>Πνεύμαπι·</span> <span class='ocrx_word' id='word_1_72' title='bbox 421 1288 479 1364; x_wconf 84' lang='grc' dir='ltr'>καὶ</span> <span class='ocrx_word' id='word_1_73' title='bbox 503 1291 576 1366; x_wconf 83' lang='grc' dir='ltr'>πᾶν</span> <span class='ocrx_word' id='word_1_74' title='bbox 595 1285 711 1386; x_wconf 82' lang='grc' dir='ltr'>ἔργον,</span> <span class='ocrx_word' id='word_1_75' title='bbox 730 1282 809 1384; x_wconf 79' lang='grc' dir='ltr'>ἤτοι</span> <span class='ocrx_word' id='word_1_76' title='bbox 834 1283 1053 1390; x_wconf 83' lang='grc' dir='ltr'>παράδοξον,</span> <span class='ocrx_word' id='word_1_77' title='bbox 1072 1280 1115 1362; x_wconf 84' lang='grc' dir='ltr'>δι’</span> <span class='ocrx_word' id='word_1_78' title='bbox 1134 1288 1226 1364; x_wconf 76' lang='grc' dir='ltr'>Υῖοῦ</span> 
     </span>
     <span class='ocr_line' id='line_1_9' title="bbox 59 1405 1227 1512; baseline 0 -26"><span class='ocrx_word' id='word_1_79' title='bbox 59 1405 275 1506; x_wconf 81' lang='grc' dir='ltr'>ίνΠνεύματι·</span> <span class='ocrx_word' id='word_1_80' title='bbox 308 1407 505 1511; x_wconf 80' lang='grc' dir='ltr'>πράττεται</span> <span class='ocrx_word' id='word_1_81' title='bbox 533 1407 658 1511; x_wconf 83' lang='grc' dir='ltr'>γεμὴν,</span> <span class='ocrx_word' id='word_1_82' title='bbox 683 1413 732 1494; x_wconf 85' lang='grc' dir='ltr'>ὡς</span> <span class='ocrx_word' id='word_1_83' title='bbox 758 1407 859 1511; x_wconf 82' lang='grc' dir='ltr'>παρὰ</span> <span class='ocrx_word' id='word_1_84' title='bbox 883 1406 1041 1512; x_wconf 89' lang='grc' dir='ltr'>Πατρός.</span> <span class='ocrx_word' id='word_1_85' title='bbox 1085 1409 1127 1488; x_wconf 91' lang='grc' dir='ltr'>οῦ</span> <span class='ocrx_word' id='word_1_86' title='bbox 1154 1405 1227 1511; x_wconf 85' lang='grc' dir='ltr'>γόρ</span> 
     </span>
     <span class='ocr_line' id='line_1_10' title="bbox 61 1528 1226 1636; baseline -0.003 -20"><span class='ocrx_word' id='word_1_87' title='bbox 61 1528 177 1633; x_wconf 77' lang='grc' dir='ltr'>ἷξτοτῆς</span> <span class='ocrx_word' id='word_1_88' title='bbox 200 1543 268 1615; x_wconf 91' lang='grc' dir='ltr'>τοῦ</span> <span class='ocrx_word' id='word_1_89' title='bbox 296 1533 542 1636; x_wconf 82' lang='grc' dir='ltr'>γεννήσαντος</span> <span class='ocrx_word' id='word_1_90' title='bbox 568 1533 692 1618; x_wconf 82' lang='grc' dir='ltr'>οὐσίας</span> <span class='ocrx_word' id='word_1_91' title='bbox 717 1535 817 1612; x_wconf 75' lang='grc' dir='ltr'>ἐστὶν</span> <span class='ocrx_word' id='word_1_92' title='bbox 835 1533 855 1611; x_wconf 87' lang='grc' dir='ltr'><strong>ὁ</strong></span> <span class='ocrx_word' id='word_1_93' title='bbox 874 1532 972 1630; x_wconf 79' lang='grc' dir='ltr'>Υἱός,</span> <span class='ocrx_word' id='word_1_94' title='bbox 991 1533 1070 1613; x_wconf 83' lang='grc' dir='ltr'>οὕτε</span> <span class='ocrx_word' id='word_1_95' title='bbox 1094 1531 1165 1632; x_wconf 80' lang='grc' dir='ltr'>μὴν</span> <span class='ocrx_word' id='word_1_96' title='bbox 1184 1529 1226 1612; x_wconf 89' lang='grc' dir='ltr'>τό</span> 
     </span>
    </p>
   </div>
   <div class='ocr_carea' id='block_1_3' title="bbox 38 1654 1294 2510">
    <p class='ocr_par' dir='ltr' id='par_1_3' title="bbox 38 1654 1294 2510">
     <span class='ocr_line' id='line_1_11' title="bbox 38 1654 1261 1767; baseline 0.007 -37"><span class='ocrx_word' id='word_1_97' title='bbox 38 1671 54 1710; x_wconf 72' lang='lat'>²²</span> <span class='ocrx_word' id='word_1_98' title='bbox 62 1656 172 1754; x_wconf 87' lang='grc' dir='ltr'>Πνεῦμα</span> <span class='ocrx_word' id='word_1_99' title='bbox 194 1657 238 1739; x_wconf 88' lang='grc' dir='ltr'>τό</span> <span class='ocrx_word' id='word_1_100' title='bbox 254 1655 405 1761; x_wconf 79' lang='grc' dir='ltr'>Ἀγιον,</span> <span class='ocrx_word' id='word_1_101' title='bbox 422 1661 460 1738; x_wconf 82' lang='grc' dir='ltr'>ἐν</span> <span class='ocrx_word' id='word_1_102' title='bbox 478 1659 574 1767; x_wconf 76' lang='grc' dir='ltr'>αύτῷ</span> <span class='ocrx_word' id='word_1_103' title='bbox 599 1656 637 1738; x_wconf 80' lang='grc' dir='ltr'>δὲ</span> <span class='ocrx_word' id='word_1_104' title='bbox 661 1654 749 1736; x_wconf 82' lang='grc' dir='ltr'>ὧνό</span> <span class='ocrx_word' id='word_1_105' title='bbox 770 1655 990 1760; x_wconf 79' lang='grc' dir='ltr'>Μονογενὴς,</span> <span class='ocrx_word' id='word_1_106' title='bbox 1010 1658 1102 1763; x_wconf 78' lang='grc' dir='ltr'>ἔχων</span> <span class='ocrx_word' id='word_1_107' title='bbox 1120 1656 1158 1738; x_wconf 81' lang='grc' dir='ltr'>δέ</span> <span class='ocrx_word' id='word_1_108' title='bbox 1182 1657 1261 1738; x_wconf 73' lang='grc' dir='ltr'>αῦᾶ</span> 
     </span>
     <span class='ocr_line' id='line_1_12' title="bbox 62 1779 1228 1892; baseline 0.009 -36"><span class='ocrx_word' id='word_1_109' title='bbox 62 1779 139 1858; x_wconf 79' lang='grc' dir='ltr'>σόλον</span> <span class='ocrx_word' id='word_1_110' title='bbox 152 1785 187 1862; x_wconf 84' lang='grc' dir='ltr'>ἐν</span> <span class='ocrx_word' id='word_1_111' title='bbox 205 1784 328 1892; x_wconf 78' lang='grc' dir='ltr'>ἐαυτῷ</span> <span class='ocrx_word' id='word_1_112' title='bbox 353 1779 418 1863; x_wconf 89' lang='grc' dir='ltr'>τόν</span> <span class='ocrx_word' id='word_1_113' title='bbox 436 1781 594 1880; x_wconf 84' lang='grc' dir='ltr'>τεκόντα,</span> <span class='ocrx_word' id='word_1_114' title='bbox 612 1780 721 1862; x_wconf 91' lang='grc' dir='ltr'>αύτόν</span> <span class='ocrx_word' id='word_1_115' title='bbox 739 1787 855 1889; x_wconf 89' lang='grc' dir='ltr'>φησιν</span> <span class='ocrx_word' id='word_1_116' title='bbox 873 1784 1040 1884; x_wconf 84' lang='grc' dir='ltr'>ἐνεργεῖν.</span> <span class='ocrx_word' id='word_1_117' title='bbox 1083 1779 1228 1887; x_wconf 83' lang='grc' dir='ltr'>ἐνεργὴς</span> 
     </span>
     <span class='ocr_line' id='line_1_13' title="bbox 62 1900 1227 2014; baseline 0.004 -31"><span class='ocrx_word' id='word_1_118' title='bbox 62 1900 107 2002; x_wconf 67' lang='grc' dir='ltr'>γάρ</span> <span class='ocrx_word' id='word_1_119' title='bbox 121 1907 212 1985; x_wconf 82' lang='grc' dir='ltr'>ἐστιν</span> <span class='ocrx_word' id='word_1_120' title='bbox 230 1908 254 2007; x_wconf 85' lang='grc' dir='ltr'><strong><em>ἡ</em></strong></span> <span class='ocrx_word' id='word_1_121' title='bbox 274 1915 345 1987; x_wconf 90' lang='grc' dir='ltr'>τοῦ</span> <span class='ocrx_word' id='word_1_122' title='bbox 364 1905 509 2011; x_wconf 78' lang='grc' dir='ltr'>Πατρός</span> <span class='ocrx_word' id='word_1_123' title='bbox 528 1905 652 2012; x_wconf 90' lang='grc' dir='ltr'>φύσις,</span> <span class='ocrx_word' id='word_1_124' title='bbox 671 1912 791 1989; x_wconf 84' lang='grc' dir='ltr'>καλῶς</span> <span class='ocrx_word' id='word_1_125' title='bbox 810 1908 847 1985; x_wconf 84' lang='grc' dir='ltr'>ἐν</span> <span class='ocrx_word' id='word_1_126' title='bbox 861 1910 939 2014; x_wconf 56' lang='lat' dir='ltr'>m</span> <span class='ocrx_word' id='word_1_127' title='bbox 958 1906 1227 2006; x_wconf 83' lang='grc' dir='ltr'>διαλάμπουσα.</span> 
     </span>
     <span class='ocr_line' id='line_1_14' title="bbox 96 2027 1229 2134; baseline 0.005 -30"><span class='ocrx_word' id='word_1_128' title='bbox 96 2030 173 2128; x_wconf 86' lang='grc' dir='ltr'>Φαίη</span> <span class='ocrx_word' id='word_1_129' title='bbox 203 2033 238 2112; x_wconf 87' lang='grc' dir='ltr'>δ’</span> <span class='ocrx_word' id='word_1_130' title='bbox 271 2031 322 2112; x_wconf 75' lang='grc' dir='ltr'>ἄν</span> <span class='ocrx_word' id='word_1_131' title='bbox 351 2065 406 2115; x_wconf 91' lang='grc' dir='ltr'>τις</span> <span class='ocrx_word' id='word_1_132' title='bbox 436 2033 493 2111; x_wconf 80' lang='grc' dir='ltr'>ἐπὶ</span> <span class='ocrx_word' id='word_1_133' title='bbox 522 2028 661 2114; x_wconf 79' lang='grc' dir='ltr'>τούτοις</span> <span class='ocrx_word' id='word_1_134' title='bbox 693 2029 817 2134; x_wconf 80' lang='grc' dir='ltr'>ἑτέραν</span> <span class='ocrx_word' id='word_1_135' title='bbox 849 2027 1018 2130; x_wconf 80' lang='grc' dir='ltr'>διάνοιαν,</span> <span class='ocrx_word' id='word_1_136' title='bbox 1046 2035 1109 2130; x_wconf 82' lang='grc' dir='ltr'>τῆς</span> <span class='ocrx_word' id='word_1_137' title='bbox 1138 2030 1229 2130; x_wconf 81' lang='grc' dir='ltr'>μετὰ</span> 
     </span>
     <span class='ocr_line' id='line_1_15' title="bbox 65 2150 1226 2262; baseline 0.003 -30"><span class='ocrx_word' id='word_1_138' title='bbox 65 2150 163 2250; x_wconf 67' lang='grc' dir='ltr'>σαρκός</span> <span class='ocrx_word' id='word_1_139' title='bbox 186 2155 394 2254; x_wconf 78' lang='grc' dir='ltr'>οἰκονομίας</span> <span class='ocrx_word' id='word_1_140' title='bbox 426 2160 546 2238; x_wconf 82' lang='grc' dir='ltr'>καλῶς</span> <span class='ocrx_word' id='word_1_141' title='bbox 574 2155 670 2262; x_wconf 77' lang='grc' dir='ltr'>αύτῷ</span> <span class='ocrx_word' id='word_1_142' title='bbox 698 2153 927 2259; x_wconf 89' lang='grc' dir='ltr'>χορηγούσης</span> <span class='ocrx_word' id='word_1_143' title='bbox 953 2152 1018 2239; x_wconf 81' lang='grc' dir='ltr'>τός</span> <span class='ocrx_word' id='word_1_144' title='bbox 1046 2155 1226 2262; x_wconf 82' lang='grc' dir='ltr'>ἀφορμαῖς.</span> 
     </span>
     <span class='ocr_line' id='line_1_16' title="bbox 41 2275 1294 2386; baseline 0.008 -31"><span class='ocrx_word' id='word_1_145' title='bbox 41 2275 103 2348; x_wconf 56' lang='grc' dir='ltr'>ῐῧυί</span> <span class='ocrx_word' id='word_1_146' title='bbox 117 2278 253 2381; x_wconf 78' lang='grc' dir='ltr'>ἐμαυτοῦ</span> <span class='ocrx_word' id='word_1_147' title='bbox 276 2280 353 2382; x_wconf 83' lang='grc' dir='ltr'>γάρ</span> <span class='ocrx_word' id='word_1_148' title='bbox 372 2286 489 2386; x_wconf 92' lang='grc' dir='ltr'>φησιν</span> <span class='ocrx_word' id='word_1_149' title='bbox 508 2285 543 2360; x_wconf 86' lang='grc' dir='ltr'>ού</span> <span class='ocrx_word' id='word_1_150' title='bbox 561 2278 676 2377; x_wconf 76' lang='grc' dir='ltr'>λαλῦ,</span> <span class='ocrx_word' id='word_1_151' title='bbox 697 2281 775 2359; x_wconf 80' lang='grc' dir='ltr'>ἀντὶ</span> <span class='ocrx_word' id='word_1_152' title='bbox 794 2286 868 2376; x_wconf 91' lang='grc' dir='ltr'>τοῦ,</span> <span class='ocrx_word' id='word_1_153' title='bbox 887 2279 929 2358; x_wconf 90' lang='grc' dir='ltr'>ού</span> <span class='ocrx_word' id='word_1_154' title='bbox 947 2279 1227 2383; x_wconf 81' lang='grc' dir='ltr'>μεμερισμένας,</span> <span class='ocrx_word' id='word_1_155' title='bbox 1284 2304 1294 2319; x_wconf 76' lang='grc'><strong>“</strong></span> 
     </span>
     <span class='ocr_line' id='line_1_17' title="bbox 65 2395 1226 2510; baseline 0.009 -35"><span class='ocrx_word' id='word_1_156' title='bbox 65 2395 115 2475; x_wconf 77' lang='grc' dir='ltr'>ον’δέ</span> <span class='ocrx_word' id='word_1_157' title='bbox 129 2401 337 2510; x_wconf 77' lang='grc' dir='ltr'>α’πᾳδόντως</span> <span class='ocrx_word' id='word_1_158' title='bbox 360 2409 411 2510; x_wconf 80' lang='grc' dir='ltr'>τῷ</span> <span class='ocrx_word' id='word_1_159' title='bbox 430 2408 513 2510; x_wconf 80' lang='grc' dir='ltr'>θεῷ</span> <span class='ocrx_word' id='word_1_160' title='bbox 539 2405 598 2482; x_wconf 83' lang='grc' dir='ltr'>καὶ</span> <span class='ocrx_word' id='word_1_161' title='bbox 618 2402 748 2506; x_wconf 89' lang='grc' dir='ltr'>Πατρί.</span> <span class='ocrx_word' id='word_1_162' title='bbox 789 2401 908 2503; x_wconf 82' lang='grc' dir='ltr'>ἐπειδὴ</span> <span class='ocrx_word' id='word_1_163' title='bbox 934 2401 1006 2506; x_wconf 87' lang='grc' dir='ltr'>γῦρ</span> <span class='ocrx_word' id='word_1_164' title='bbox 1031 2405 1069 2484; x_wconf 85' lang='grc' dir='ltr'>ἐν</span> <span class='ocrx_word' id='word_1_165' title='bbox 1086 2406 1226 2508; x_wconf 82' lang='grc' dir='ltr'>ἀνθρω-</span> 
     </span>
    </p>
   </div>
   <div class='ocr_carea' id='block_1_4' title="bbox 46 2520 1400 4670">
    <p class='ocr_par' dir='ltr' id='par_1_4' title="bbox 66 2520 1230 2634">
     <span class='ocr_line' id='line_1_18' title="bbox 66 2520 1230 2634; baseline 0.008 -29"><span class='ocrx_word' id='word_1_166' title='bbox 66 2520 118 2626; x_wconf 72' lang='grc' dir='ltr'>ῐτίᾳ</span> <span class='ocrx_word' id='word_1_167' title='bbox 130 2535 249 2634; x_wconf 80' lang='grc' dir='ltr'>μορφῇ</span> <span class='ocrx_word' id='word_1_168' title='bbox 268 2534 346 2611; x_wconf 85' lang='grc' dir='ltr'>τοῖς</span> <span class='ocrx_word' id='word_1_169' title='bbox 364 2528 499 2630; x_wconf 84' lang='grc' dir='ltr'>ὁρῶσιν</span> <span class='ocrx_word' id='word_1_170' title='bbox 517 2524 690 2634; x_wconf 86' lang='grc' dir='ltr'>ἐφαίνετο,</span> <span class='ocrx_word' id='word_1_171' title='bbox 706 2526 898 2626; x_wconf 81' lang='grc' dir='ltr'>ἀνατίθησι</span> <span class='ocrx_word' id='word_1_172' title='bbox 915 2532 960 2632; x_wconf 79' lang='grc' dir='ltr'>τῇ</span> <span class='ocrx_word' id='word_1_173' title='bbox 980 2531 1043 2626; x_wconf 81' lang='grc' dir='ltr'>τῆς</span> <span class='ocrx_word' id='word_1_174' title='bbox 1063 2528 1230 2630; x_wconf 90' lang='grc' dir='ltr'>θεότητος</span> 
     </span>
    </p>

    <p class='ocr_par' dir='ltr' id='par_1_5' title="bbox 65 2642 1259 2758">
     <span class='ocr_line' id='line_1_19' title="bbox 65 2642 1259 2758; baseline 0.01 -37"><span class='ocrx_word' id='word_1_175' title='bbox 65 2642 139 2740; x_wconf 71' lang='grc' dir='ltr'>φύσει</span> <span class='ocrx_word' id='word_1_176' title='bbox 157 2648 237 2736; x_wconf 91' lang='grc' dir='ltr'>τοῦς</span> <span class='ocrx_word' id='word_1_177' title='bbox 263 2655 395 2732; x_wconf 83' lang='grc' dir='ltr'>ἑαυτοῦ</span> <span class='ocrx_word' id='word_1_178' title='bbox 419 2647 561 2754; x_wconf 88' lang='grc' dir='ltr'>λόγους,</span> <span class='ocrx_word' id='word_1_179' title='bbox 582 2655 630 2735; x_wconf 83' lang='grc' dir='ltr'>ὡς</span> <span class='ocrx_word' id='word_1_180' title='bbox 648 2653 685 2730; x_wconf 86' lang='grc' dir='ltr'>έν</span> <span class='ocrx_word' id='word_1_181' title='bbox 703 2651 892 2758; x_wconf 80' lang='grc' dir='ltr'>προσώπῳ</span> <span class='ocrx_word' id='word_1_182' title='bbox 909 2659 973 2731; x_wconf 92' lang='grc' dir='ltr'>τοῦ</span> <span class='ocrx_word' id='word_1_183' title='bbox 994 2651 1151 2758; x_wconf 88' lang='grc' dir='ltr'>Πατρός,</span> <span class='ocrx_word' id='word_1_184' title='bbox 1171 2655 1259 2734; x_wconf 64' lang='lat' dir='ltr'>nate</span> 
     </span>
    </p>

    <p class='ocr_par' dir='ltr' id='par_1_6' title="bbox 47 2763 1230 3004">
     <span class='ocr_line' id='line_1_20' title="bbox 66 2763 1230 2884; baseline 0.007 -34"><span class='ocrx_word' id='word_1_185' title='bbox 66 2763 110 2862; x_wconf 70' lang='grc' dir='ltr'>νῦν</span> <span class='ocrx_word' id='word_1_186' title='bbox 124 2777 174 2853; x_wconf 76' lang='grc' dir='ltr'>καὶ</span> <span class='ocrx_word' id='word_1_187' title='bbox 190 2775 237 2855; x_wconf 82' lang='grc' dir='ltr'>τὰ</span> <span class='ocrx_word' id='word_1_188' title='bbox 255 2776 362 2881; x_wconf 76' lang='grc' dir='ltr'>ἔργα·</span> <span class='ocrx_word' id='word_1_189' title='bbox 383 2774 493 2874; x_wconf 89' lang='grc' dir='ltr'>μόνον</span> <span class='ocrx_word' id='word_1_190' title='bbox 511 2772 548 2856; x_wconf 81' lang='grc' dir='ltr'>δέ</span> <span class='ocrx_word' id='word_1_191' title='bbox 565 2776 649 2880; x_wconf 89' lang='grc' dir='ltr'>οῦχί</span> <span class='ocrx_word' id='word_1_192' title='bbox 664 2782 759 2884; x_wconf 91' lang='grc' dir='ltr'>φησι</span> <span class='ocrx_word' id='word_1_193' title='bbox 780 2773 846 2876; x_wconf 80' lang='grc' dir='ltr'>Μὴ</span> <span class='ocrx_word' id='word_1_194' title='bbox 864 2774 906 2855; x_wconf 90' lang='grc' dir='ltr'>τό</span> <span class='ocrx_word' id='word_1_195' title='bbox 925 2779 1054 2882; x_wconf 82' lang='grc' dir='ltr'>σχῆμα</span> <span class='ocrx_word' id='word_1_196' title='bbox 1072 2781 1170 2858; x_wconf 85' lang='grc' dir='ltr'>τουτὶ</span> <span class='ocrx_word' id='word_1_197' title='bbox 1188 2775 1230 2858; x_wconf 88' lang='grc' dir='ltr'>τό</span> 
     </span>
     <span class='ocr_line' id='line_1_21' title="bbox 47 2889 1226 3004; baseline 0.003 -26"><span class='ocrx_word' id='word_1_198' title='bbox 47 2889 261 2998; x_wconf 63' lang='grc' dir='ltr'>66οθροίττινον,</span> <span class='ocrx_word' id='word_1_199' title='bbox 281 2899 350 2998; x_wconf 84' lang='grc' dir='ltr'>τὴν</span> <span class='ocrx_word' id='word_1_200' title='bbox 368 2902 445 2999; x_wconf 80' lang='grc' dir='ltr'>ἐμοὶ</span> <span class='ocrx_word' id='word_1_201' title='bbox 469 2898 680 3003; x_wconf 83' lang='grc' dir='ltr'>πρέπουσαν</span> <span class='ocrx_word' id='word_1_202' title='bbox 698 2901 757 2978; x_wconf 85' lang='grc' dir='ltr'>καὶ</span> <span class='ocrx_word' id='word_1_203' title='bbox 782 2900 1078 3004; x_wconf 84' lang='grc' dir='ltr'>χρεωστουμένην</span> <span class='ocrx_word' id='word_1_204' title='bbox 1095 2935 1226 3004; x_wconf 88' lang='grc' dir='ltr'>παραι-</span> 
     </span>
    </p>

    <p class='ocr_par' dir='ltr' id='par_1_7' title="bbox 66 3015 1230 3130">
     <span class='ocr_line' id='line_1_22' title="bbox 66 3015 1230 3130; baseline -0.003 -24"><span class='ocrx_word' id='word_1_205' title='bbox 66 3015 163 3106; x_wconf 61' lang='grc' dir='ltr'>Ρίῖτθοο</span> <span class='ocrx_word' id='word_1_206' title='bbox 186 3023 377 3130; x_wconf 76' lang='grc' dir='ltr'>διάληψιν,</span> <span class='ocrx_word' id='word_1_207' title='bbox 395 3022 485 3124; x_wconf 74' lang='grc' dir='ltr'>μηδὲ</span> <span class='ocrx_word' id='word_1_208' title='bbox 510 3023 702 3128; x_wconf 83' lang='grc' dir='ltr'>οῦνθρτόπου</span> <span class='ocrx_word' id='word_1_209' title='bbox 727 3027 844 3130; x_wconf 75' lang='grc' dir='ltr'>ψιλοῦ</span> <span class='ocrx_word' id='word_1_210' title='bbox 870 3026 929 3103; x_wconf 79' lang='grc' dir='ltr'>καὶ</span> <span class='ocrx_word' id='word_1_211' title='bbox 953 3022 1031 3108; x_wconf 85' lang='grc' dir='ltr'>ε’νός</span> <span class='ocrx_word' id='word_1_212' title='bbox 1056 3024 1230 3104; x_wconf 85' lang='grc' dir='ltr'>τῶνκαθ’</span> 
     </span>
    </p>

    <p class='ocr_par' dir='ltr' id='par_1_8' title="bbox 68 3133 1230 3251">
     <span class='ocr_line' id='line_1_23' title="bbox 68 3133 1230 3251; baseline 0.001 -27"><span class='ocrx_word' id='word_1_213' title='bbox 68 3133 128 3230; x_wconf 68' lang='grc' dir='ltr'>ἶνᾶς</span> <span class='ocrx_word' id='word_1_214' title='bbox 143 3140 223 3226; x_wconf 81' lang='grc' dir='ltr'>εἶναι</span> <span class='ocrx_word' id='word_1_215' title='bbox 244 3144 333 3231; x_wconf 88' lang='grc' dir='ltr'>τοῦς</span> <span class='ocrx_word' id='word_1_216' title='bbox 357 3146 461 3246; x_wconf 88' lang='grc' dir='ltr'>ε’μοῦς</span> <span class='ocrx_word' id='word_1_217' title='bbox 488 3145 621 3251; x_wconf 85' lang='grc' dir='ltr'>λόγους</span> <span class='ocrx_word' id='word_1_218' title='bbox 646 3145 867 3247; x_wconf 78' lang='grc' dir='ltr'>ὑπολάβητε,</span> <span class='ocrx_word' id='word_1_219' title='bbox 885 3146 987 3226; x_wconf 77' lang='grc' dir='ltr'>ἀλλὰ</span> <span class='ocrx_word' id='word_1_220' title='bbox 1006 3147 1118 3232; x_wconf 85' lang='grc' dir='ltr'>θείους</span> <span class='ocrx_word' id='word_1_221' title='bbox 1137 3149 1230 3246; x_wconf 89' lang='grc' dir='ltr'>αἰλη·</span> 
     </span>
    </p>

    <p class='ocr_par' dir='ltr' id='par_1_9' title="bbox 68 3261 1237 3378">
     <span class='ocr_line' id='line_1_24' title="bbox 68 3261 1237 3378; baseline 0.006 -34"><span class='ocrx_word' id='word_1_222' title='bbox 68 3261 114 3344; x_wconf 74' lang='grc' dir='ltr'>θῶς</span> <span class='ocrx_word' id='word_1_223' title='bbox 128 3271 178 3348; x_wconf 82' lang='grc' dir='ltr'>καὶ</span> <span class='ocrx_word' id='word_1_224' title='bbox 195 3273 295 3377; x_wconf 82' lang='grc' dir='ltr'>αὐτῷ</span> <span class='ocrx_word' id='word_1_225' title='bbox 313 3271 516 3374; x_wconf 84' lang='grc' dir='ltr'>πρέποντας</span> <span class='ocrx_word' id='word_1_226' title='bbox 537 3277 589 3378; x_wconf 77' lang='grc' dir='ltr'>τῷ</span> <span class='ocrx_word' id='word_1_227' title='bbox 609 3275 738 3374; x_wconf 80' lang='grc' dir='ltr'>Πατρὶ,</span> <span class='ocrx_word' id='word_1_228' title='bbox 757 3273 869 3356; x_wconf 79' lang='grc' dir='ltr'>οὕτως</span> <span class='ocrx_word' id='word_1_229' title='bbox 896 3274 945 3356; x_wconf 88' lang='grc' dir='ltr'>ὡς</span> <span class='ocrx_word' id='word_1_230' title='bbox 971 3269 1059 3371; x_wconf 87' lang='grc' dir='ltr'>ε’μοί.</span> <span class='ocrx_word' id='word_1_231' title='bbox 1100 3271 1237 3373; x_wconf 80' lang='grc' dir='ltr'>ἐνεργεῖ</span> 
     </span>
    </p>

    <p class='ocr_par' dir='ltr' id='par_1_10' title="bbox 46 3381 1400 4000">
     <span class='ocr_line' id='line_1_25' title="bbox 67 3381 1232 3503; baseline 0.013 -44"><span class='ocrx_word' id='word_1_232' title='bbox 67 3381 131 3466; x_wconf 76' lang='grc' dir='ltr'>ῦέίτ</span> <span class='ocrx_word' id='word_1_233' title='bbox 149 3393 216 3498; x_wconf 72' lang='grc' dir='ltr'>ἐμοῦ</span> <span class='ocrx_word' id='word_1_234' title='bbox 242 3393 360 3502; x_wconf 84' lang='grc' dir='ltr'>μένων·</span> <span class='ocrx_word' id='word_1_235' title='bbox 391 3396 460 3495; x_wconf 85' lang='grc' dir='ltr'>είμὶ</span> <span class='ocrx_word' id='word_1_236' title='bbox 487 3393 559 3498; x_wconf 83' lang='grc' dir='ltr'>γόρ</span> <span class='ocrx_word' id='word_1_237' title='bbox 586 3397 624 3474; x_wconf 81' lang='grc' dir='ltr'>ἐν</span> <span class='ocrx_word' id='word_1_238' title='bbox 646 3396 742 3503; x_wconf 80' lang='grc' dir='ltr'>αῦτηῦ</span> <span class='ocrx_word' id='word_1_239' title='bbox 770 3397 828 3475; x_wconf 77' lang='grc' dir='ltr'>καὶ</span> <span class='ocrx_word' id='word_1_240' title='bbox 856 3394 962 3480; x_wconf 90' lang='grc' dir='ltr'>αύτός</span> <span class='ocrx_word' id='word_1_241' title='bbox 989 3398 1027 3476; x_wconf 87' lang='grc' dir='ltr'>έν</span> <span class='ocrx_word' id='word_1_242' title='bbox 1050 3395 1140 3494; x_wconf 85' lang='grc' dir='ltr'>ἐμαί.</span> <span class='ocrx_word' id='word_1_243' title='bbox 1180 3393 1232 3496; x_wconf 87' lang='grc' dir='ltr'>μὴ</span> 
     </span>
     <span class='ocr_line' id='line_1_26' title="bbox 46 3509 1234 3627; baseline 0.026 -51"><span class='ocrx_word' id='word_1_244' title='bbox 46 3509 161 3613; x_wconf 63' lang='grc' dir='ltr'>ἶοτοίνοο,</span> <span class='ocrx_word' id='word_1_245' title='bbox 184 3523 314 3625; x_wconf 76' lang='grc' dir='ltr'>φησὶν,</span> <span class='ocrx_word' id='word_1_246' title='bbox 341 3522 389 3604; x_wconf 85' lang='grc' dir='ltr'>ὡς</span> <span class='ocrx_word' id='word_1_247' title='bbox 415 3520 510 3621; x_wconf 90' lang='grc' dir='ltr'>μέγα</span> <span class='ocrx_word' id='word_1_248' title='bbox 536 3553 572 3600; x_wconf 91' lang='grc' dir='ltr'>τι</span> <span class='ocrx_word' id='word_1_249' title='bbox 599 3523 658 3600; x_wconf 81' lang='grc' dir='ltr'>καὶ</span> <span class='ocrx_word' id='word_1_250' title='bbox 686 3517 862 3627; x_wconf 72' lang='grc' dir='ltr'>ὑπερφυές</span> <span class='ocrx_word' id='word_1_251' title='bbox 889 3527 963 3604; x_wconf 89' lang='grc' dir='ltr'>τοῖς</span> <span class='ocrx_word' id='word_1_252' title='bbox 991 3519 1234 3626; x_wconf 84' lang='grc' dir='ltr'>ἀρχαιοτέροις</span> 
     </span>
     <span class='ocr_line' id='line_1_27' title="bbox 68 3631 1400 3750; baseline 0.008 -32"><span class='ocrx_word' id='word_1_253' title='bbox 68 3631 199 3720; x_wconf 70' lang='grc' dir='ltr'>6δτῖαθαι</span> <span class='ocrx_word' id='word_1_254' title='bbox 214 3642 415 3741; x_wconf 88' lang='grc' dir='ltr'>πιστεύετε,</span> <span class='ocrx_word' id='word_1_255' title='bbox 434 3642 477 3723; x_wconf 89' lang='grc' dir='ltr'>τό</span> <span class='ocrx_word' id='word_1_256' title='bbox 496 3646 581 3723; x_wconf 77' lang='grc' dir='ltr'>ἰδεῖν</span> <span class='ocrx_word' id='word_1_257' title='bbox 599 3641 665 3743; x_wconf 77' lang='grc' dir='ltr'>μέν</span> <span class='ocrx_word' id='word_1_258' title='bbox 685 3646 733 3728; x_wconf 87' lang='grc' dir='ltr'>ὡς</span> <span class='ocrx_word' id='word_1_259' title='bbox 751 3645 789 3724; x_wconf 88' lang='grc' dir='ltr'>έν</span> <span class='ocrx_word' id='word_1_260' title='bbox 808 3643 889 3725; x_wconf 87' lang='grc' dir='ltr'>ε’ίδει</span> <span class='ocrx_word' id='word_1_261' title='bbox 907 3643 1019 3750; x_wconf 91' lang='grc' dir='ltr'>πυρός</span> <span class='ocrx_word' id='word_1_262' title='bbox 1038 3643 1102 3725; x_wconf 90' lang='grc' dir='ltr'>τόν</span> <span class='ocrx_word' id='word_1_263' title='bbox 1122 3645 1262 3744; x_wconf 62' lang='lat' dir='ltr'>6er,ss</span> <span class='ocrx_word' id='word_1_264' title='bbox 1283 3659 1400 3718; x_wconf 53' lang='lat'>⁷88&amp;</span> 
     </span>
     <span class='ocr_line' id='line_1_28' title="bbox 69 3753 1235 3874; baseline 0.012 -33"><span class='ocrx_word' id='word_1_265' title='bbox 69 3753 184 3842; x_wconf 68' lang='grc' dir='ltr'>6λοῦσαι</span> <span class='ocrx_word' id='word_1_266' title='bbox 206 3765 243 3846; x_wconf 80' lang='grc' dir='ltr'>δὲ</span> <span class='ocrx_word' id='word_1_267' title='bbox 273 3771 334 3846; x_wconf 86' lang='grc' dir='ltr'>καὶ</span> <span class='ocrx_word' id='word_1_268' title='bbox 361 3771 484 3874; x_wconf 70' lang='grc' dir='ltr'>φοναῖς</span> <span class='ocrx_word' id='word_1_269' title='bbox 512 3766 701 3868; x_wconf 89' lang='grc' dir='ltr'>λαλούσης</span> <span class='ocrx_word' id='word_1_270' title='bbox 730 3769 858 3852; x_wconf 80' lang='grc' dir='ltr'>αὐτοῖς.</span> <span class='ocrx_word' id='word_1_271' title='bbox 898 3771 994 3869; x_wconf 81' lang='grc' dir='ltr'>ὑμεῖς</span> <span class='ocrx_word' id='word_1_272' title='bbox 1022 3769 1094 3874; x_wconf 79' lang='grc' dir='ltr'>γὰρ</span> <span class='ocrx_word' id='word_1_273' title='bbox 1122 3770 1235 3855; x_wconf 85' lang='grc' dir='ltr'>ὅντως</span> 
     </span>
     <span class='ocr_line' id='line_1_29' title="bbox 71 3881 1234 4000; baseline 0.006 -34"><span class='ocrx_word' id='word_1_274' title='bbox 71 3881 203 3968; x_wconf 65' lang='grc' dir='ltr'>Τ(θεάσθε</span> <span class='ocrx_word' id='word_1_275' title='bbox 230 3891 276 3970; x_wconf 87' lang='grc' dir='ltr'>δι’</span> <span class='ocrx_word' id='word_1_276' title='bbox 306 3893 391 3990; x_wconf 83' lang='grc' dir='ltr'>ἐμοῦ</span> <span class='ocrx_word' id='word_1_277' title='bbox 419 3894 477 3970; x_wconf 85' lang='grc' dir='ltr'>καὶ</span> <span class='ocrx_word' id='word_1_278' title='bbox 505 3893 542 3971; x_wconf 83' lang='grc' dir='ltr'>ἐν</span> <span class='ocrx_word' id='word_1_279' title='bbox 570 3893 647 3990; x_wconf 83' lang='grc' dir='ltr'>ἐμοὶ</span> <span class='ocrx_word' id='word_1_280' title='bbox 674 3889 738 3971; x_wconf 89' lang='grc' dir='ltr'>τόν</span> <span class='ocrx_word' id='word_1_281' title='bbox 763 3893 922 3996; x_wconf 90' lang='grc' dir='ltr'>Πατέρα,</span> <span class='ocrx_word' id='word_1_282' title='bbox 946 3899 975 3974; x_wconf 83' lang='grc' dir='ltr'>εἶ</span> <span class='ocrx_word' id='word_1_283' title='bbox 1003 3897 1061 3973; x_wconf 80' lang='grc' dir='ltr'>καὶ</span> <span class='ocrx_word' id='word_1_284' title='bbox 1088 3894 1234 4000; x_wconf 87' lang='grc' dir='ltr'>πέφηνα</span> 
     </span>
    </p>

    <p class='ocr_par' dir='ltr' id='par_1_11' title="bbox 49 4006 1377 4246">
     <span class='ocr_line' id='line_1_30' title="bbox 71 4006 1377 4148; baseline 0.012 -67"><span class='ocrx_word' id='word_1_285' title='bbox 71 4006 125 4081; x_wconf 74' lang='grc' dir='ltr'>καθ’</span> <span class='ocrx_word' id='word_1_286' title='bbox 141 4011 236 4112; x_wconf 81' lang='grc' dir='ltr'>ὑμᾶς,</span> <span class='ocrx_word' id='word_1_287' title='bbox 255 4012 351 4098; x_wconf 86' lang='grc' dir='ltr'>Θεός</span> <span class='ocrx_word' id='word_1_288' title='bbox 378 4011 429 4094; x_wconf 84' lang='grc' dir='ltr'>οῦν</span> <span class='ocrx_word' id='word_1_289' title='bbox 452 4013 544 4095; x_wconf 83' lang='grc' dir='ltr'>κατὰ</span> <span class='ocrx_word' id='word_1_290' title='bbox 571 4015 696 4122; x_wconf 89' lang='grc' dir='ltr'>φύσιν,</span> <span class='ocrx_word' id='word_1_291' title='bbox 715 4013 829 4116; x_wconf 84' lang='grc' dir='ltr'>ἦλθον</span> <span class='ocrx_word' id='word_1_292' title='bbox 851 4019 1030 4122; x_wconf 82' lang='grc' dir='ltr'>ἐμφανῶς,</span> <span class='ocrx_word' id='word_1_293' title='bbox 1049 4014 1140 4096; x_wconf 78' lang='grc' dir='ltr'>κατὰ</span> <span class='ocrx_word' id='word_1_294' title='bbox 1168 4014 1234 4115; x_wconf 78' lang='grc' dir='ltr'>τὴν</span> <span class='ocrx_word' id='word_1_295' title='bbox 1278 4019 1377 4148; x_wconf 40' lang='grc' dir='ltr'>ΕΗ.</span> 
     </span>
     <span class='ocr_line' id='line_1_31' title="bbox 49 4135 1230 4246; baseline 0.001 -29"><span class='ocrx_word' id='word_1_296' title='bbox 49 4135 113 4206; x_wconf 64' lang='lat'>³²²⁶]</span> <span class='ocrx_word' id='word_1_297' title='bbox 133 4135 339 4240; x_wconf 65' lang='grc' dir='ltr'>ψάλλοντος</span> <span class='ocrx_word' id='word_1_298' title='bbox 368 4137 504 4246; x_wconf 82' lang='grc' dir='ltr'>φωνήν.</span> <span class='ocrx_word' id='word_1_299' title='bbox 552 4139 631 4220; x_wconf 80' lang='grc' dir='ltr'>ἴστε</span> <span class='ocrx_word' id='word_1_300' title='bbox 664 4139 702 4221; x_wconf 79' lang='grc' dir='ltr'>δὲ</span> <span class='ocrx_word' id='word_1_301' title='bbox 734 4139 789 4220; x_wconf 76' lang='grc' dir='ltr'>’ότι</span> <span class='ocrx_word' id='word_1_302' title='bbox 818 4145 891 4219; x_wconf 77' lang='grc' dir='ltr'>τοῖν</span> <span class='ocrx_word' id='word_1_303' title='bbox 917 4139 1095 4242; x_wconf 87' lang='grc' dir='ltr'>ἡμετέρων</span> <span class='ocrx_word' id='word_1_304' title='bbox 1123 4137 1230 4220; x_wconf 82' lang='grc' dir='ltr'>οἱκού-</span> 
     </span>
    </p>

    <p class='ocr_par' dir='ltr' id='par_1_12' title="bbox 74 4261 1235 4492">
     <span class='ocr_line' id='line_1_32' title="bbox 75 4261 1235 4367; baseline 0.007 -32"><span class='ocrx_word' id='word_1_305' title='bbox 75 4279 169 4343; x_wconf 75' lang='grc' dir='ltr'>6οντες</span> <span class='ocrx_word' id='word_1_306' title='bbox 200 4261 336 4365; x_wconf 86' lang='grc' dir='ltr'>λόγων,</span> <span class='ocrx_word' id='word_1_307' title='bbox 372 4270 446 4344; x_wconf 85' lang='grc' dir='ltr'>τοῦν</span> <span class='ocrx_word' id='word_1_308' title='bbox 483 4261 552 4346; x_wconf 83' lang='grc' dir='ltr'>ῦπό</span> <span class='ocrx_word' id='word_1_309' title='bbox 591 4261 738 4367; x_wconf 80' lang='grc' dir='ltr'>Πατρός</span> <span class='ocrx_word' id='word_1_310' title='bbox 777 4261 969 4363; x_wconf 77' lang='grc' dir='ltr'>ἠκούσατε·</span> <span class='ocrx_word' id='word_1_311' title='bbox 1028 4265 1155 4365; x_wconf 86' lang='grc' dir='ltr'>θεωροὶ</span> <span class='ocrx_word' id='word_1_312' title='bbox 1196 4261 1235 4343; x_wconf 80' lang='grc' dir='ltr'>δέ</span> 
     </span>
     <span class='ocr_line' id='line_1_33' title="bbox 74 4376 1233 4492; baseline 0 -25"><span class='ocrx_word' id='word_1_313' title='bbox 74 4376 205 4476; x_wconf 68' lang='grc' dir='ltr'>θοόνατε</span> <span class='ocrx_word' id='word_1_314' title='bbox 227 4389 287 4468; x_wconf 82' lang='grc' dir='ltr'>καὶ</span> <span class='ocrx_word' id='word_1_315' title='bbox 309 4391 384 4466; x_wconf 83' lang='grc' dir='ltr'>τῶν</span> <span class='ocrx_word' id='word_1_316' title='bbox 401 4386 526 4491; x_wconf 87' lang='grc' dir='ltr'>έργων,</span> <span class='ocrx_word' id='word_1_317' title='bbox 546 4391 605 4468; x_wconf 81' lang='grc' dir='ltr'>καὶ</span> <span class='ocrx_word' id='word_1_318' title='bbox 631 4392 694 4487; x_wconf 80' lang='grc' dir='ltr'>τῆς</span> <span class='ocrx_word' id='word_1_319' title='bbox 719 4385 870 4486; x_wconf 82' lang='grc' dir='ltr'>ἐνούσης</span> <span class='ocrx_word' id='word_1_320' title='bbox 895 4380 1021 4491; x_wconf 80' lang='grc' dir='ltr'>ἰσχύος</span> <span class='ocrx_word' id='word_1_321' title='bbox 1045 4385 1153 4492; x_wconf 80' lang='grc' dir='ltr'>αῦτηῦ.</span> <span class='ocrx_word' id='word_1_322' title='bbox 1191 4384 1233 4467; x_wconf 89' lang='grc' dir='ltr'>δι’</span> 
     </span>
    </p>

    <p class='ocr_par' dir='ltr' id='par_1_13' title="bbox 78 4493 1236 4670">
     <span class='ocr_line' id='line_1_34' title="bbox 78 4493 1236 4670; baseline 0.002 -68"><span class='ocrx_word' id='word_1_323' title='bbox 78 4537 128 4620; x_wconf 83' lang='lat'>²⁶·</span> <span class='ocrx_word' id='word_1_324' title='bbox 142 4543 230 4670; x_wconf 57' lang='grc' dir='ltr'>φηιιλ</span> <span class='ocrx_word' id='word_1_325' title='bbox 243 4549 273 4606; x_wconf 74' lang='grc' dir='ltr'>τὸ</span> <span class='ocrx_word' id='word_1_326' title='bbox 287 4547 393 4619; x_wconf 78' lang='lat' dir='ltr'><strong>Migne.</strong></span> <span class='ocrx_word' id='word_1_327' title='bbox 527 4549 569 4606; x_wconf 80' lang='lat'>28.</span> <span class='ocrx_word' id='word_1_328' title='bbox 589 4545 934 4620; x_wconf 71' lang='grc' dir='ltr'>ῑαηοοᾱυταααποφηνὸςλ</span> <span class='ocrx_word' id='word_1_329' title='bbox 1070 4563 1113 4621; x_wconf 82' lang='lat'>30.</span> <span class='ocrx_word' id='word_1_330' title='bbox 1130 4493 1236 4604; x_wconf 68' lang='grc' dir='ltr'>ἴσοέΕ.</span> 
     </span>
    </p>
   </div>
   <div class='ocr_carea' id='block_1_5' title="bbox 77 4621 136 4664">
    <p class='ocr_par' dir='ltr' id='par_1_14' title="bbox 77 4621 136 4664">
     <span class='ocr_line' id='line_1_35' title="bbox 77 4621 136 4664; baseline 0.068 -10"><span class='ocrx_word' id='word_1_331' title='bbox 77 4621 136 4664; x_wconf 58' lang='lat' dir='ltr'>mm</span> 
     </span>
    </p>
   </div>
   <div class='ocr_carea' id='block_1_6' title="bbox 0 0 1583 5132">
    <p class='ocr_par' dir='ltr' id='par_1_15' title="bbox 0 0 1583 5132">
     <span class='ocr_line' id='line_1_36' title="bbox 0 0 1583 5132; baseline 0 0"><span class='ocrx_word' id='word_1_332' title='bbox 0 0 1583 5132; x_wconf 95' lang='lat' dir='ltr'> </span> 
     </span>
    </p>
   </div>
  </div>
 </body>
</html>
