3274 5118
113 348 234 398 xmo.
296 332 354 397 IN
385 335 418 400 S.
443 333 700 401 JOANNEM.
745 335 841 401 LIB.
867 335 908 401 X.
954 334 1126 402 ΟΑΡ.ΙΙ.
1251 337 1315 404 595

114 495 243 580 αἰκίαις
260 496 303 578 τὸ
321 497 477 580 ἑκάστου
494 499 626 600 κίνημα
644 507 716 580 τῶν
735 501 983 604 ἀκροωμένων·
1019 503 1137 609 ἐφῆκα
1155 498 1193 580 δέ
1212 507 1310 600 μᾶλ-

115 627 183 700 λον
206 629 252 728 τῇ
277 623 432 704 ἑκάστου
460 624 666 726 προαιρέσει
694 623 737 705 τὸ
765 625 915 706 ἑλέσθαι
942 623 985 706 τὸ
1014 629 1158 722 δοκοῦν,
1179 629 1313 727 δρᾶσαι

114 743 153 824 δέ
182 744 237 826 ὅτι
264 781 332 850 περ
359 745 404 828 ἂν
421 747 628 842 βούλοιντο·
669 752 727 829 καί
754 758 844 852 γοῦν
863 748 1075 848 διωκόμενος
1093 749 1346 853 ἐκαρτέρουν,ἰ)

114 870 229 990 καίτοι
257 880 321 952 τοῦ
350 876 573 953 διακωλῦσαι
587 872 693 978 έχων
721 871 787 972 τὴν
814 874 995 980 ἐξουσίαν.
1036 874 1123 954 ὅταν
1152 875 1214 954 οῦν
1242 875 1313 974 άρα

79 992 294 1092 5διιύκησθε
321 998 380 1075 καὶ
410 999 524 1093 αὐτοὶ,
553 1001 862 1101 διακαρτεροῦντες
890 1002 1112 1104 παραχρῆμα
1145 997 1212 1097 τὴν
1240 1004 1313 1078 τῶυ

111 1120 318 1216 μισούντων
345 1120 565 1224 ἀποτροπὴν,
599 1118 688 1222 μηδὲ
721 1125 989 1230 δυσφοροῦντες
1022 1123 1116 1225 άγαν
1144 1125 1203 1202 ἐπὶ
1235 1129 1313 1205 ταῖς

112 1243 339 1346 άχαριστίαις
374 1251 447 1326 τῶν
481 1245 757 1352 ὠφελουμένων,
794 1245 944 1327 κατόπιν
976 1251 1041 1346 τῆς
1078 1249 1164 1346 ἐμῆς
1201 1245 1312 1330 ἰόντες

113 1369 324 1466 οἰκονομίας,
343 1369 401 1450 διὰ
425 1376 498 1450 τῶν
517 1371 636 1451 αῦτοῦν
654 1370 805 1476 ἔρχεσθε
831 1369 1055 1470 θελημάτων,
1073 1371 1133 1450 ἵνα
1161 1373 1220 1450 καί
1249 1373 1312 1469 τῆς

112 1488 236 1588 ὁμοίας
254 1492 460 1600 μετάσχητε
480 1492 602 1602 δόξης.
639 1500 672 1575 οἰ
690 1492 763 1598 γάρ
781 1493 1064 1600 συμπάσχοντες
1082 1497 1140 1575 καὶ
1159 1503 1308 1596 συμβα-

54 1645 98 1688 ιο
112 1613 343 1698 σιλεύσονσι.

1357 1504 1372 1570 ρ
1384 1490 1449 1540 Tim.

1355 1571 1381 1606 ιι.
1393 1569 1431 1607 12.

169 1743 351 1839 Προσθείς
372 1739 410 1822 δέ
433 1745 491 1823 καὶ
515 1743 636 1846 τρίτον
655 1750 694 1823 Εἰ
715 1746 765 1824 τδι
784 1745 886 1846 λόγον
905 1781 970 1850 μιν
994 1743 1157 1851 ἐτήρησαν,
1178 1749 1238 1824 καὶ
1262 1741 1311 1824 τὶν

111 1859 257 1969 ὑμέτερον
284 1864 477 1972 τηρήσουσιν,
500 1865 647 1968 ἀθύμως
674 1866 767 1972 ἔχειν
780 1869 849 1951 ,οῦκ
876 1869 917 1974 ἐᾷ
944 1863 994 1967 μὴ
1022 1866 1340 1972 παραδεχθείσηςο

111 1987 229 2066 αῦτιῦν
260 1991 324 2087 τῆς
356 1991 592 2075 διδασκαλίας
628 1990 709 2072 ἔσθ’
743 1990 815 2072 ὅτε.
864 1999 961 2072 ποιεῖ
991 1989 1029 2070 δὲ
1064 1988 1214 2097 σφόδρα
1251 1994 1310 2070 καὶ

110 2118 217 2191 τοῦτο
242 2119 376 2197 καλῶς.
415 2114 523 2194 οἴεται
549 2114 615 2213 μέν
635 2113 707 2218 γάρ
725 2116 745 2195 ὁ
763 2113 855 2217 πρὸς
879 2124 985 2195 τοῦτο
1011 2112 1308 2220 προκεχειρισμέ-

56 2260 97 2322 15
111 2268 182 2332 νος,
207 2234 262 2316 ότι
287 2237 409 2317 πόνων
436 2239 574 2340 ὑπέστη
602 2237 730 2342 ζημίαν
757 2243 788 2318 εἰ
815 2236 866 2338 μὴ
894 2238 1088 2334 βούλοιντό
1116 2271 1208 2322 τινες
1235 2243 1309 2321 τοῖς

110 2357 195 2461 παρ’
224 2361 334 2440 αῦτοῦ
360 2361 551 2442 πείθεσθαι
578 2361 714 2462 λόγοις·
762 2361 805 2442 τὸ
833 2361 871 2442 δὲ
899 2363 967 2466 οὐχ
994 2363 1107 2446 οὕτως
1134 2359 1219 2466 ἕχει·
1258 2359 1310 2460 μὴ

111 2481 183 2586 γὰρ
209 2483 253 2584 δή
279 2517 332 2570 τις
354 2483 497 2582 οἰέσθω,
517 2485 652 2583 πόθεν,
686 2485 832 2590 εἰρηκὼς
857 2485 930 2588 γὰρ
947 2484 998 2566 άπ
1075 2487 1133 2565 καί
1161 2483 1228 2583 τὴν
1245 2492 1309 2565 τοῦ

111 2609 361 2714 συμφέροντος
394 2611 534 2712 γνοῦσιν
564 2611 584 2691 ὁ
614 2608 829 2710 σύμβουλος
857 2613 1041 2714 παραθεὶς,
1075 2608 1163 2711 ὅπερ
1194 2607 1240 2709 ἦν
1270 2610 1309 2689 ἐν

95 2723 207 2838 ἀύτῷ
230 2740 337 2813 τοῦτο
364 2737 422 2813 καί
452 2734 610 2838 δεδροκε·
650 2737 806 2816 κείσεται
835 2732 877 2815 τὸ
907 2733 1038 2815 λοιπὸν
1065 2735 1103 2813 ἐν
1130 2739 1209 2816 ταῖς
1235 2737 1309 2812 τῶν

54 2890 97 2932 ιο
110 2858 344 2961 ἀκροωμένων
381 2857 552 2960 γνώμαις·
611 2859 813 2962 τραπέσθαι
849 2857 923 2963 γὰρ
959 2855 1087 2941 αὐτοῦς
1124 2857 1180 2963 ἐφ’
1219 2855 1308 2957 ὅπερ

110 2980 261 3066 ἕκαστος
279 2979 394 3061 ἐθέλει
411 2981 546 3088 ῥᾴδιον,
566 2981 588 3082 ἢ
607 2983 698 3084 πρὸς
717 2983 911 3062 εὐπείθειαν
929 2979 952 3080 ἢ
971 2979 1014 3060 τὸ
1032 2979 1202 3060 ἐναντίον.
1242 2981 1342 3060 οῦκδ

110 3104 330 3204 ἀποκνητέον
358 3105 422 3184 οῦν
449 3105 520 3207 ἄρα
547 3111 620 3188 τοῖς
647 3112 721 3186 τῶν
748 3106 909 3208 ἀρίστων
936 3109 1158 3205 εἰσηγηταίς,
1183 3099 1225 3182 τῦ
1248 3105 1307 3182 καὶ

110 3235 184 3314 τοῖς
210 3228 440 3332 οἰπεγνωκάσι
465 3229 529 3310 τὸν
557 3233 713 3335 ὠφελεῖν
740 3225 935 3328 δυνάμενον
962 3227 1161 3329 ε’νσπείρειν
1191 3222 1308 3327 λόγον

110 3355 155 3459 τῇ
174 3354 251 3460 θείᾳ
270 3353 425 3452 δυνάμει,
445 3351 565 3433 καὶτὰ
587 3353 671 3452 ἡμῖν
690 3353 754 3432 οῦκ
772 3350 900 3459 ἐφικτὰ
917 3349 1094 3432 δύνασθαι
1110 3355 1308 3452 κατορθοῦν

56 3507 96 3568 ²5
110 3476 200 3577 μετὰ
226 3477 384 3562 πίστεως
414 3477 667 3576 ἀπονέμουσιν,
695 3475 715 3557 δ
741 3475 785 3577 δὴ
812 3478 871 3556 καὶ
899 3471 1047 3578 γεγονὸς
1077 3476 1156 3576 ἤτοι
1185 3479 1307 3558 καλῶς

110 3601 422 3706 ἐσχηματισμένον
449 3605 508 3682 καὶ
535 3603 573 3682 ἐν
591 3608 668 3685 ταῖς
694 3606 767 3682 τῦν
784 3597 975 3680 ταλάντων
992 3603 1172 3699 διανομαῖς
1200 3598 1304 3700 εὑρή-

110 3759 234 3824 σομεν.
274 3727 294 3806 ὁ
312 3724 378 3826 μέν
394 3723 467 3829 γάρ
495 3726 697 3828 εὑρίσκεται
723 3725 808 3804 δέκα
835 3722 973 3822 λαβὼν,
993 3725 1013 3804 ὁ
1032 3721 1070 3802 δέ
1092 3720 1208 3819 πέντε,
1227 3723 1247 3800 ὁ
1267 3719 1305 3800 δέ

111 3851 184 3946 δύο,
203 3851 261 3930 καί
286 3848 377 3952 πρὸς
405 3847 543 3932 τούτοις
569 3848 687 3930 ἔτιτὸ
715 3848 763 3947 ἐν,
782 3846 822 3934 ῦς
849 3847 894 3948 δὴ
927 3851 986 3928 καί
1009 3847 1304 3950 ἐμπορεύσασθαι

109 3973 400 4078 παραιτούμενος,
433 3974 616 4078 κατέχωσε
649 3973 714 4072 μέν
745 3971 788 4052 τῦ
819 3973 1000 4052 τάλαντον
1037 3977 1085 4054 εἰς
1122 3968 1188 4067 τὴν
1222 3971 1334 4069 γῆνο

57 4134 97 4192 30
110 4097 243 4196 ἤκουσε
271 4097 310 4177 δέ
337 4095 396 4178 διὰ
422 4105 529 4178 τοῦτο
557 4106 580 4144 “
597 4094 737 4200 Πονηρὲ
770 4099 877 4176 δοῦλε
909 4097 966 4174 καὶ
997 4090 1132 4194 ὀκνηρέ,
1160 4091 1229 4170 ἔδει
1258 4123 1302 4170 σε
1349 4073 1471 4206 {m}

111 4233 132 4270 ‘⁶
150 4228 280 4318 βαλεῖν
315 4220 357 4302 τὸ
389 4218 559 4326 ἀργύριόν
595 4256 666 4321 μον
693 4229 768 4306 τοῖς
794 4218 1029 4322 τραπεζίταις,
1060 4213 1160 4316 κάγὼ
1188 4212 1304 4294 ἐλθὼν
1351 4217 1389 4272 ²⁷·

147 4521 172 4570 4.
191 4500 362 4560 διακωλύσειν
374 4501 407 4556 Ε.
565 4515 607 4554 11.
625 4497 738 4568 ε’τὴρηοο
752 4497 784 4552 Ε.
942 4511 984 4565 19.
1002 4496 1032 4549 τὸ
1044 4501 1213 4563 assumptum
1226 4509 1259 4546 ex
1272 4491 1305 4546 E.

112 4591 154 4630 τι.
173 4573 274 4646 &priua
288 4573 319 4628 E.
336 4573 386 4628 Ed.
400 4589 454 4642 mg.
468 4569 483 4640 ἦ
499 4569 548 4625 Εδ.
676 4586 719 4639 ²3·
738 4569 792 4625 τοῖς
804 4585 858 4622 om.
872 4565 975 4637 Migne.
1101 4581 1144 4631 ²⁴·
1162 4563 1259 4634 ἀφικτδ
1272 4561 1305 4617 Ε.

661 4669 755 4734 4⁰2
