3142 5118
356 330 421 394 250
660 333 699 398 B.
722 329 929 398 CYRILLI
958 329 1246 398 ALEXANDR.
1453 341 1522 404 Μ]

356 492 514 597 με’γεθος.
554 497 782 578 ὑποιτιῶνται
809 497 924 602 γεμῆν
951 507 1014 579 τοῦ
1044 496 1169 600 λόγου,
1198 498 1255 575 καὶ
1285 493 1328 574 τὸ
1356 495 1420 590 τῆς
1448 491 1522 568 διδοι

357 619 513 703 σκαλίας
544 624 861 723 περιεστολμένον,
895 623 1062 718 ἐμπόδιον
1094 623 1212 704 αὐτοῖς
1243 615 1335 697 εἶναι’
1364 622 1458 721 φασι
1487 645 1522 689 το

358 740 514 821 συνιέναι
548 743 725 824 δύνασθαι
758 753 878 830 καλῶς
910 745 1002 847 ἅπερ
1029 745 1097 826 ἔδει
1125 749 1263 843 μαθεῖν.
1303 740 1446 846 ἀξιοῦσι
1474 769 1522 813 τοι

357 874 493 967 γαροῦν
518 873 627 947 εἰπεῖν
654 868 762 948 αὐτὸν
788 869 1055 973 ἐναργέστερον,
1078 869 1191 948 καίτοι
1218 862 1397 946 πολλάκις
1426 863 1522 961 ἀκροο

358 989 509 1090 σάμενοι
533 995 592 1072 καὶ
615 991 757 1094 μακρὰν
778 997 835 1074 ἐπὶ
861 993 976 1100 τούτῳ
1001 993 1177 1086 λαβόντες
1200 989 1386 1098 ἐξήγησιν.
1427 991 1456 1064 εἰ
1482 982 1522 1084 γό

329 1115 418 1195 οκαὶ
441 1111 493 1214 μὴ
518 1114 589 1220 ἔφη
613 1123 745 1224 σαφῶς
762 1116 862 1218 Ἐγώ
888 1123 958 1214 εἶμι
984 1113 1195 1220 ὁΧριστὸς,
1214 1110 1316 1193 ἀλλὰ
1342 1117 1415 1190 τῶν
1433 1140 1522 1210 προσ

359 1244 446 1317 εῖναι
487 1236 701 1345 πεφυκότων
744 1242 841 1348 αὐτῷ
882 1239 1097 1346 ἀξιωμάτων
1133 1237 1261 1320 πολλὰ
1302 1237 1465 1338 παρῆγεν
1505 1265 1520 1308 ε

191 1369 294 1484 {3¹2
360 1361 483 1458 με’σον,
506 1361 594 1443 ποτὲ
621 1361 688 1461 μὲν
717 1363 833 1467 λέγων
857 1374 879 1410 “
892 1363 993 1464 Ἐγώ
1021 1370 1091 1461 εἶμι
1117 1362 1159 1443 τὸ
1188 1368 1266 1468 φῶς
1294 1367 1357 1441 τοῦ
1384 1357 1522 1450 κόσμου

192 1473 263 1595 1an⁵
275 1501 308 1550 τὶ·
360 1484 447 1564 ποτὲ
465 1485 502 1564 δὲ
520 1483 634 1566 πάλιν
653 1497 674 1533 “
688 1487 787 1589 Ἐγώ
806 1493 875 1584 εἶμι
900 1488 922 1587 ἦ
948 1485 1150 1571 ἀνάστασις
1169 1491 1226 1565 καὶ
1246 1486 1267 1584 ἡ
1285 1481 1366 1586 ζωή·
1399 1480 1470 1580 ἐγώ
1488 1485 1522 1573 εἰι

191 1579 242 1682 λλ.
256 1629 280 1681 6.
361 1619 383 1655 ‘⁶
402 1609 425 1708 ἡ
444 1593 538 1692 ὁδός·
569 1609 640 1712 ἐγώ
660 1615 729 1709 εἶμι
749 1611 770 1709 ἡ
790 1611 894 1712 θύρα·
925 1610 995 1713 ε’γεό
1013 1617 1081 1710 εἶμι
1102 1613 1121 1690 ό
1142 1606 1275 1706 ποιμὴν
1294 1609 1313 1686 ὁ
1339 1603 1487 1687 καλός.”
1514 1637 1522 1678 ι

191 1696 315 1830 mu.
360 1729 411 1812 ὧν
427 1731 498 1834 γὰρ
516 1741 628 1814 ταῦτα
646 1731 771 1813 ἑαυτὸν
790 1733 962 1836 ὀνομάζει,
981 1736 1147 1834 σημαίνει
1168 1731 1222 1813 ότι
1241 1733 1261 1811 5
1280 1729 1444 1832 Χριστός
1464 1727 1522 1804 ε’στ

359 1864 434 1940 τοῖς
463 1857 534 1960 γὰρ
567 1857 738 1940 τοιούτοις
770 1857 975 1964 ἀξιώμασιν
1003 1858 1123 1938 εἴωθεν
1151 1857 1173 1956 ἡ
1200 1851 1325 1961 γραφὴ
1352 1857 1522 1954 στεφανοὶ

360 1980 424 2061 τὸν
438 1980 612 2083 Χριστὸν,
633 1987 662 2060 εἱ
681 1984 740 2060 καὶ
759 1988 894 2065 λευκῶς
913 1990 1019 2061 τοῦτο
1038 1979 1147 2061 αὐτὸν
1165 1978 1325 2084 ἀπῄτουν
1343 1981 1376 2055 οἱ
1393 1977 1522 2054 Ἰουδαὶ

361 2109 481 2186 εἰπεῖν.
519 2105 644 2188 ἄλλως
667 2138 705 2183 τε
731 2103 824 2207 τάχα
842 2139 919 2188 πως
939 2108 996 2183 καὶ
1015 2107 1056 2182 οὑ
1074 2101 1221 2208 σφόδρα
1239 2097 1522 2203 εὖπαράδεκτοντ

361 2231 398 2307 ἐν
415 2229 550 2311 ἁπλοῖς
568 2226 685 2329 λε’γειν
704 2233 841 2334 φωναῖς
858 2227 957 2329 Ἐγώ
976 2233 1046 2326 εἶμι
1065 2228 1085 2305 5
1103 2225 1275 2329 Χριστός,
1295 2227 1360 2330 οὐχ
1379 2221 1522 2320 ἑπομένι

328 2357 409 2436 θεῖς
437 2351 621 2456 ἀπόδειξιν
646 2358 718 2430 τῶν
742 2350 976 2451 πραγμάτων,
994 2352 1036 2430 δι’
1056 2348 1106 2429 ὧν
1128 2348 1174 2428 ἂν
1198 2349 1341 2432 εἰκότως
1367 2345 1522 2427 ε’πιστευλ

362 2479 410 2559 ὡς
429 2474 535 2558 αὐτὸς
552 2475 604 2573 εἴη
627 2476 647 2552 ὁ
666 2473 839 2577 Χριστός.
881 2476 1108 2577 ἀσυγκρίτως
1132 2473 1169 2552 δὲ
1195 2481 1353 2576 κρεῖττον
1370 2469 1423 2570 μὴ
1448 2470 1491 2576 ἐξ
1512 2473 1522 2548 ι

361 2596 468 2681 αὐτὸς
494 2595 597 2698 ἐ’λεγε
623 2598 857 2700 γνωρίζεσθαι
878 2596 997 2696 αὐτὸν,
1016 2597 1070 2678 ὅτι
1097 2597 1202 2680 αὐτός
1226 2600 1326 2676 ε’στιν
1344 2597 1363 2674 5
1382 2593 1521 2696 Χριστό

361 2723 446 2800 ἀλλ’
476 2725 514 2801 ἐκ
541 2728 613 2800 τῶν
640 2729 829 2823 προσεῖναι
858 2723 1073 2827 πεφυκότων
1100 2727 1257 2820 μᾶλλον,
1285 2723 1344 2800 καὶ
1371 2719 1419 2826 ἐξ
1448 2713 1499 2796 ὧν

362 2850 452 2924 θεῖαι
479 2849 560 2948 περὶ
587 2846 696 2924 αὐτοῦ
725 2848 986 2952 χρησμῳδοῦσι
1015 2849 1164 2951 γραφαὶ,
1188 2847 1245 2924 καὶ
1274 2843 1432 2950 φανερὸν
1456 2843 1521 2920 αὐτ

362 2967 513 3048 ἔσεσθαι
529 2967 737 3066 μηνύουσιν.
776 2965 868 3070 άπερ
887 2967 936 3066 μὴ
956 2968 1149 3068 νοήσαντες
1168 2973 1200 3048 οἱ
1218 2969 1383 3048 Ἰουδαῖοι
1403 2969 1453 3050 ὡς
1472 2965 1519 3065 ἅγ

361 3095 680 3196 μικροψυχοῦντες,
699 3094 794 3197 φασὶ
823 3090 865 3171 τό
885 3089 975 3178 ’Ἕως
1002 3095 1086 3172 πότε
1111 3091 1164 3186 τὴν
1184 3085 1304 3202 ψυχὴν
1328 3089 1417 3194 ἡμων
1441 3091 1520 3197 αἴρει

363 3213 443 3300 ἔθος
460 3212 532 3318 γὰρ
551 3222 625 3299 τοῖς
643 3216 866 3318 ὀλιγωροῦσι
884 3223 991 3295 τοῦτο
1011 3216 1142 3318 λέγειν.

312 3471 538 3560 25Ἀπεκρίθιι
571 3469 680 3540 αὐτοῖς
716 3474 895 3542 ὁἸΗοοΰο·
917 3469 1017 3542 Εἶπον
1049 3471 1121 3553 ὑμῖν
1154 3473 1207 3540 καί
1238 3474 1275 3538 οὐ
1305 3475 1488 3540 πιστεύετεΙ

335 3601 353 3646 θ
416 3597 494 3686 ἔρτα
529 3600 549 3662 ᾰ
580 3599 646 3672 ἐγὼ
678 3601 765 3666 ποιῶ
800 3603 836 3666 ὲν
867 3605 915 3684 τῷ
945 3602 1083 3678 ὀνόματι
1111 3605 1168 3666 τοῦ
1200 3599 1329 3690 Πατρός
1363 3623 1439 3680 μου,
1468 3601 1519 3664 τοί

416 3719 573 3810 μαρτυρεῖ
600 3723 674 3810 περὶ
700 3725 789 3799 ἐμοῦ.

570 3891 581 3918 x
671 3895 686 3930 ς
754 3898 762 3922 2
793 3894 802 3921 ι
970 3899 980 3927 ε
1028 3898 1037 3923 ε
1203 3894 1215 3920 κ
1320 3903 1336 3919 ,ι
1507 3893 1518 3918 ι

433 3899 609 3999 Περιττον
645 3928 707 3974 ουν
744 3931 888 3994 ενομισε
924 3932 982 3976 κου
1021 3932 1041 3976 ο
1078 3902 1240 3999 Χριστος
1276 3930 1350 3979 τοις
1384 3905 1518 3976 πολλα

403 4151 427 4188 1.
445 4136 492 4188 τοῦ
503 4135 586 4216 λόγου
599 4134 652 4189 ολ.
665 4135 802 4204 τὸνλόγον
815 4133 876 4188 Cat.
892 4135 968 4188 Harl.
981 4151 1014 4188 ex
1026 4151 1094 4188 corr.
1106 4145 1137 4188 ut
1149 4133 1203 4187 vid.
1215 4133 1289 4189 unde
1302 4133 1354 4188 Ed.
1449 4149 1476 4203 7.
1494 4135 1518 4202 ἀι

364 4205 451 4272 μάτων
462 4205 529 4275 αὐτῷ
543 4222 650 4258 11]ςόηο
662 4204 755 4258 ordine
767 4205 820 4258 a.k.
905 4205 931 4258 8.
950 4205 1000 4275 ἐγώ
1013 4205 1064 4272 εἰμι
1076 4205 1106 4258 τό
1118 4208 1176 4273 φῶς
1188 4209 1234 4258 τοῦ
1246 4208 1356 4270 κόσμον,
1368 4205 1435 4258 ποτὲ
1449 4208 1479 4259 δέ
1492 4229 1518 4259 πι

366 4284 504 4342 assumpta
516 4292 549 4327 ex
561 4275 614 4328 αλκ.
729 4290 770 4337 11,
787 4291 827 4327 12.
847 4273 890 4329 Cf.
903 4274 931 4327 in
945 4274 1026 4328 Cord.
1040 4293 1066 4343 p.
1076 4289 1124 4344 271
1141 4273 1262 4328 scholion
1275 4275 1406 4328 tributum
1422 4278 1518 4330 Απιιηι

367 4341 418 4408 (illi
434 4355 464 4395 ut
478 4343 532 4398 vid.
545 4345 591 4415 qui
607 4345 710 4400 Eccles.
723 4346 798 4399 Alex.
813 4343 943 4400 Sacerdos
960 4355 986 4398 et
998 4362 1161 4398 oeconomus
1179 4344 1230 4398 suit
1245 4346 1334 4414 paullo
1350 4357 1413 4415 post
1429 4347 1467 4399 D.
1479 4347 1517 4416 Cy

367 4415 502 4490 portem).
657 4432 697 4486 13.
716 4417 741 4468 οἱ
753 4433 806 4469 om.
820 4417 847 4468 k.
999 4431 1041 4469 οι.
1060 4412 1216 4485 μηνύουσιν]
1230 4414 1412 4485 κηρύσσουσιν
1425 4416 1464 4470 ad
1476 4435 1517 4470 me

257 4491 262 4500 ·
367 4482 570 4550 mtelligendum
582 4495 614 4538 ut
626 4487 693 4540 uolet
705 4503 730 4540 ο.
742 4485 883 4554 μηνύουσιν
895 4485 975 4540 habet
987 4485 1014 4540 k.
1178 4501 1222 4540 22.
1240 4488 1271 4540 τό
1283 4495 1459 4558 assumptum
1473 4505 1507 4542 ex

369 4563 412 4614 24.
429 4547 633 4621 Ἀπεκρίθη-οὖ
646 4554 781 4610 πιστεύετε
795 4566 934 4627 assumpta
946 4575 976 4610 ex
992 4557 1019 4611 k.
