3274 5118
316 361 382 426 600
619 361 659 426 Β.
683 361 897 430 CYRILLI
926 350 1214 430 ALEXANDR.
1410 387 1468 426 xv.
1483 381 1530 424 22.

316 527 375 605 καὶ
403 525 504 608 οῦδέν
520 527 749 629 ἠγνοηκότων
767 535 839 609 τῶν
857 527 930 608 ὅσα
956 529 1205 610 διεκελεύσατο
1228 534 1384 637 φρονεῖν
1402 561 1447 607 τε
1475 529 1532 606 καὶ

286 653 417 751 οδρᾶν,
449 650 572 758 ἐκδέξη
608 657 761 733 τοιῶσδε
804 656 881 752 Τῆς
923 651 989 752 μέν
1026 651 1195 757 ὑμετέρας
1231 653 1299 732 οῦκ
1335 651 1531 759 ἀνέξονται

317 775 565 874 διδασκαλίας,
596 777 722 883 φησὶν,
748 775 938 857 ἐποίσουσι
967 775 1006 857 δέ
1032 775 1254 881 πειρασμούς
1282 811 1325 858 τε
1353 780 1419 856 καὶ
1451 779 1532 855 διω-

315 896 441 999 γμοῦς,
459 902 518 980 καὶ
536 906 610 980 πάν
629 897 719 986 εἶδος
735 903 816 1000 ῦμῖν
834 899 1050 1002 ἐννοῆσουσι
1068 901 1244 1006 θορύβων,
1264 904 1325 980 καὶ
1344 906 1399 1002 εἰς
1417 909 1530 1000 μῖσος

316 1021 439 1101 ἄδικον
463 1023 502 1104 ἐκ
528 1025 671 1128 πικρίας
698 1023 1021 1126 ἀνακαυθῆσονται,
1045 1024 1303 1125 πλημμέλημα
1331 1023 1404 1125 μέν
1424 1023 1555 1111 ούδένς

315 1143 456 1250 ἔχοντες
484 1152 601 1245 εἰπεῖν,
630 1150 865 1251 ἐγκαλοῦντες
891 1147 929 1228 δέ
955 1148 1071 1249 μόνην
1098 1148 1244 1250 ἀγάπην
1271 1146 1341 1247 τὴν
1369 1154 1423 1233 εἷς
1452 1149 1526 1248 ἐμέ.

315 1271 635 1378 κατασοφιῷμενοι
663 1272 701 1353 δέ
729 1269 854 1375 ῶσπερ
878 1277 942 1372 τῆς
969 1275 1104 1354 ἑαυτῶν
1131 1273 1301 1356 ἀπονοίας
1327 1271 1400 1372 τὴν
1426 1273 1526 1372 ῶμό·

314 1428 417 1496 τητα,
455 1400 513 1476 καὶ
549 1393 592 1476 τό
629 1399 668 1476 ἐκ
704 1401 768 1496 τῆς
809 1397 1025 1496 ἡδυπαθείας
1060 1393 1190 1502 αἶσχος
1225 1395 1525 1499 ἀποτριβόμενοε,

317 1520 484 1599 Μωυσέα
511 1519 555 1620 δὴ
573 1517 717 1605 πάντως
743 1527 1016 1625 προβαλοῦνται
1041 1519 1164 1601 καὶτὰ
1184 1519 1387 1618 Μωυσέως,
1406 1555 1526 1600 ‹tvva-

316 1641 455 1744 σπίζειν
473 1640 510 1723 δέ
528 1642 651 1747 ῶσπερ
670 1652 744 1730 τοῖς
764 1642 943 1752 πατρῴοις
966 1647 1235 1749 ἀποκρινοῦνται
1258 1643 1393 1743 νόμοις·
1434 1647 1523 1724 ἀλλ’
1537 1685 1568 1725 10

319 1775 345 1848 τί
368 1765 433 1866 μέν
456 1765 504 1874 μη
521 1765 638 1848 ἐλθὼν
662 1772 726 1868 τῆς
745 1768 803 1848 διά
828 1768 1016 1854 Μωυσέως
1033 1771 1182 1867 ἐντολῆς
1200 1770 1241 1848 ού
1259 1768 1460 1875 παρέδειξα
1477 1769 1524 1848 τά

148 1915 264 1973 οοδΔ,
287 1891 499 1990 οβελτίονα,
517 1897 546 1971 εί
567 1890 617 1992 μὴ
643 1890 701 1972 διά
727 1899 881 1974 πολλῶν
898 1891 1209 2000 πεπληροφόρηκα
1234 1890 1371 1995 λόγων,
1397 1897 1452 1976 ῶς
1469 1893 1523 1993 εἴη

316 2014 382 2115 μέν
399 2015 470 2117 ἤδη
495 2015 615 2120 καιρός
639 2017 684 2096 τά
706 2019 744 2097 ἐν
761 2017 863 2126 τύπιρ
885 2017 1092 2121 παρελάσαι
1111 2015 1249 2114 λοιπὸν,
1269 2019 1327 2095 καὶ
1346 2013 1404 2095 ὅτι
1425 2051 1523 2120 σχη-

316 2139 441 2238 μάτων
469 2137 536 2239 μέν
554 2140 637 2227 άλις
661 2143 721 2222 καὶ
749 2148 864 2239 σκιᾶς,
894 2138 970 2244 ῶρα
997 2139 1036 2222 δέ
1065 2139 1176 2240 αὐτὴν
1202 2138 1425 2246 ἀναλάμψαι
1454 2139 1522 2239 τὴν

317 2263 502 2365 ἀλήθειαν·
542 2271 572 2345 εί
599 2263 650 2366 μὴ
678 2273 784 2347 τοῦτο
813 2267 872 2346 καὶ
891 2265 935 2372 ἐξ
960 2267 1069 2346 αύτοῦ
1088 2266 1226 2369 δέδειχα
1248 2261 1370 2363 νόμον,
1389 2265 1515 2368 σαφέ·
1535 2307 1566 2367 ¹5

148 2382 231 2510 ξῑῑξὲ·
317 2421 437 2468 στατα
458 2387 576 2491 λέγων
604 2401 625 2438 “
638 2395 683 2470 Εἰ
708 2388 911 2470 ἐπιστεύετε
930 2395 1095 2485 Μωυσεῖ,
1124 2387 1325 2470 ἐπιστεύετε
1347 2386 1393 2466 ἀν
1422 2389 1517 2487 ἐμοί’

317 2511 557 2555 ςςκλι

353 2542 431 2614 περι
449 2546 521 2615 γαρ
539 2522 625 2613 εμοῦ
643 2515 770 2598 ἐκεῖνος
790 2513 984 2627 ξθηὴψεν·”
1017 2519 1046 2594 εί
1064 2511 1115 2614 μὴ
1128 2519 1206 2598 ταῖς
1225 2518 1297 2592 τῶν
1315 2517 1521 2618 προφητῶν

189 2617 523 2742 [ι-ράρτυρίαις
555 2636 720 2746 συνῳδὸν
752 2625 869 2744 ἔδειξα
905 2635 969 2718 τόν
1001 2639 1154 2737 ἐμαυτοῦ
1191 2634 1321 2739 λόγον,
1354 2638 1415 2715 καὶ
1453 2640 1520 2736 τῆς

314 2764 401 2862 ἐμῆς
419 2763 620 2865 παρουσίας
639 2758 705 2860 τὴν
722 2760 872 2861 δύναμιν
892 2759 1159 2866 προῤῥηθεῖσάν
1176 2795 1215 2840 τε
1238 2759 1307 2861 ἤδη
1327 2763 1386 2839 καὶ
1408 2795 1518 2860 κεκη-

314 2885 504 2989 ρυγμένην,
532 2885 644 2991 ἐσχον
670 2884 715 2966 ἀν
745 2883 913 2991 ἀφορμάς
943 2883 1113 2990 εὐλόγους
1142 2888 1206 2984 τῆς
1235 2883 1311 2964 κατ’
1339 2885 1427 2982 ἐμοῦ
1457 2891 1517 2964 καὶ
1531 2921 1564 2962 20

280 3013 416 3110 οῦμῶν
433 3011 616 3096 ἀπονοίας.
656 3006 775 3110 ἐπειδὴ
797 3007 835 3090 δέ
853 3008 1142 3114 παραλέλειπται
1160 3007 1226 3108 μέν
1245 3007 1357 3106 οῦδέν,
1378 3007 1517 3110 εἴρηται

315 3133 353 3215 δέ
381 3133 488 3234 ἀπαν,
507 3134 598 3216 ὅσον
623 3134 706 3235 ἧκεν
731 3139 841 3214 εἰπεῖν
860 3135 1068 3237 ἀναγκαῖον,
1093 3137 1230 3231 είκαῖος,
1251 3129 1292 3216 ὃς
1318 3132 1439 3215 αῦτοῖς
1467 3137 1517 3218 είς

315 3260 486 3366 πρόφασιν
505 3257 777 3359 ἐπινοηθήσεται
796 3254 908 3360 λόγος
927 3256 984 3350 τῆς
1003 3259 1095 3337 ούτω
1113 3261 1252 3358 γυμνῆς
1269 3256 1459 3366 ἀμαρτίας.

370 3382 517 3482 Ταύτην
545 3379 642 3479 οἶμαι
669 3387 741 3462 δεῖν
768 3389 841 3465 τοῖς
868 3387 932 3460 τοῦ
956 3385 1123 3484 Σωτῆρος
1150 3380 1275 3485 λόγοις
1303 3379 1513 3488 ἐφαρμόσαι

316 3508 391 3586 νυνὶ
419 3505 484 3607 τὴν
503 3504 672 3603 διάνοιαν,
693 3503 942 3608 άσύγγνωστα
964 3503 1001 3585 δέ
1027 3511 1100 3590 τοῖς
1122 3511 1170 3590 είς
1193 3503 1321 3590 αῦτοῦς
1338 3515 1510 3604 πλημμε-
1525 3535 1562 3597 ²5

315 3637 445 3710 λοῦσιν
470 3628 661 3714 ἐπιδεικνύς
689 3627 735 3709 τά
762 3627 984 3731 ἐγκλήματα,
1007 3633 1066 3710 καὶ
1094 3629 1399 3730 κολασθήσεσθαί
1424 3663 1512 3710 ποτε

314 3751 396 3840 τοῦς
420 3753 466 3835 τά
495 3760 641 3834 τοιαῦτα
668 3761 878 3854 τολμῶντας
906 3751 1024 3852 είπῶν,
1052 3761 1274 3858 παραιρεῖται
1301 3757 1365 3854 τῆς
1392 3753 1512 3855 λύπης

285 3875 357 3967 arb
375 3880 489 3959 πλέον
507 3881 564 3958 καὶ
594 3877 809 3958 ῦπακλέπτει
836 3884 974 3986 σοφῶς,
994 3877 1082 3982 ὅπερ
1104 3877 1149 3978 ἦν
1168 3876 1257 3962 εἰκὸς
1285 3875 1447 3957 ἀνιάσειν
1469 3880 1511 3958 οῦ

314 4004 465 4106 μετρίως
494 4000 634 4087 αὐτούς.
684 3999 846 4108 φορητὴν
870 4001 941 4105 γὰρ
969 4001 1053 4082 ἐσθ’
1082 4001 1141 4082 ὅτε
1169 4008 1243 4086 τοῖς
1270 4001 1510 4100 ἀδικουμένοις

314 4125 381 4227 τὴν
405 4126 618 4234 πλεονεξίαν
643 4127 834 4230 ἐργάζεται,
861 4124 903 4206 τό
932 4121 1114 4230 ἀραρότως
1142 4123 1281 4204 οἴεσθαι
1309 4124 1410 4207 δίκας
1438 4131 1510 4204 τῶν
1520 4161 1560 4218 30

313 4251 645 4351 πλημμεληθέντων
673 4251 862 4332 ἀποτίσειν
890 4247 973 4334 τοῦς
1006 4255 1070 4351 τῆς
1101 4249 1313 4357 πλεονεξίας
1345 4247 1507 4352 ἐργάτας.

346 4486 374 4540 3.
393 4491 422 4526 τε
434 4477 608 4542 assumptum
621 4487 654 4525 ex
667 4469 700 4524 E.
893 4485 934 4525 ιτ.
953 4469 1085 4542 παρέθηκα
1096 4487 1120 4525 ο,
1313 4467 1355 4524 16.
1372 4467 1464 4539 μυσέα
1477 4469 1508 4528 E.

349 4541 356 4562 ⁸
529 4557 572 4596 21.
591 4541 712 4598 ὑπονοίας
723 4559 748 4597 κ.
880 4555 923 4613 25.
943 4541 1035 4597 αύτούς
1048 4541 1080 4596 E.
1094 4541 1172 4596 αὐτόν
1184 4539 1235 4596 Ed.
1362 4555 1405 4611 τη.
1425 4543 1506 4613 φορη·

310 4611 358 4680 τὴν
370 4541 403 4667 ἓ.
416 4611 534 4681 φορητὸν
547 4611 598 4666 Ed.
