3238 5114
108 373 175 438 xvi.
188 373 301 458 26,27.
325 375 382 439 IN
412 375 445 442 s,
469 375 728 441 ιοκυυυυ.
773 357 870 442 mn.
894 377 956 442 κς.
1002 377 1101 442 οκΡ.
1126 377 1173 443 11.
1248 377 1311 438 649

109 535 276 637 οῖῆσαιτο
294 537 418 638 πάλιν,
435 538 459 642 ἢ
478 542 537 621 καὶ
554 541 762 640 ἀμαθαίνων
780 544 859 644 ἐρεῖ,
878 546 926 626 ὡς
942 543 1019 622 κατ’
1035 541 1158 622 οὐδένα
1177 537 1312 642 τρόπον

110 661 303 762 δεήσονται
330 662 396 763 μέν
418 667 547 748 ἐντοῖς
575 663 657 745 καθ’
679 664 822 749 ἐαυτοῦς
846 671 910 766 τῆς
935 675 999 746 τοῦ
1016 671 1107 746 Υίοῦ
1131 666 1311 764 μεσιτείαν

111 791 145 866 οῖ
173 792 339 888 μαθηταὶ,
359 789 471 890 ἤγουν
491 796 565 869 τῶν
586 791 698 892 ἁγίων
719 789 830 893 ἕτεροι
858 791 979 897 τυχόν.
1019 789 1138 871 πάντα
1166 787 1238 894 γθιρ
1266 790 1343 868 δι’ί)

110 911 222 992 αὐτοῦ
239 912 340 1013 παρὰ
359 911 504 1017 Πατρός
526 916 564 994 ἐν
584 913 777 1012 Πνεῦματι,
795 915 937 1019 ἐπείπερ
958 918 1036 995 ἐστὶ
1058 913 1307 1018 παράκλητος,

59 1073 91 1134 5
111 1033 202 1114 κατὰ
230 1035 297 1134 τῆν
320 1035 487 1116 Ἰωάννου
515 1035 651 1142 φωνὴν,
674 1039 741 1142 οὐχ
770 1037 857 1141 ῦπέρ
886 1037 1006 1138 μόνων
1033 1045 1106 1118 τῶν
1134 1037 1311 1140 ἡμετέρων

110 1159 305 1262 ἁμαρτιῶν,
328 1159 429 1240 ἀλλὰ
456 1165 514 1241 καὶ
541 1165 623 1263 περὶ
650 1159 740 1242 ὅλου
767 1170 832 1241 τοῦ
860 1161 1011 1259 κόσμου.
1051 1159 1245 1244 ἐπιδεικνὺς
1272 1159 1311 1240 δέ

110 1284 299 1386 χρησίμως
322 1285 390 1362 κάν
407 1285 523 1392 τούτῳ
541 1283 585 1382 δὴ
603 1284 731 1382 πάλιν,
753 1284 808 1364 ὅτι
825 1285 1039 1389 τριπόθητος
1057 1285 1141 1365 λίαν
1160 1285 1239 1364 ἐστὶ
1258 1287 1310 1390 τῷ

111 1410 195 1512 Θεῷ
214 1411 272 1486 καὶ
293 1410 411 1510 Ποτρὶ
430 1409 452 1508 ῆ
470 1413 519 1491 είς
536 1408 601 1487 τὸν
618 1408 662 1514 ἐξ
678 1409 787 1488 αὐτοῦ
808 1405 996 1514 πεφήνοτα
1018 1404 1103 1506 τιμὴ
1130 1409 1188 1488 καὶ
1214 1407 1306 1508 α’γά·

109 1563 234 1628 πησις,
252 1527 298 1609 τῦ
317 1529 463 1611 τοιοῦτοί
486 1537 612 1638 φησιν·
641 1530 728 1634 ὅπερ
754 1533 796 1611 οῦ
820 1532 986 1616 συνέντες
1011 1538 1044 1612 οῖ
1068 1535 1216 1612 δείλαιοι
1239 1537 1311 1611 τοῖν

38 1695 95 1736 ιο
109 1653 292 1733 Ἰουδαίων
311 1657 428 1754 δῆμοι,
445 1655 639 1758 λοιδορίαις
657 1690 695 1735 τε
714 1657 756 1736 οῦ
776 1661 949 1762 φορηταῖς
968 1654 1228 1758 κατακοντίζειν
1247 1656 1312 1734 οῦκ

810 1779 830 1806 ις
933 1777 944 1808 κ
1228 1779 1239 1808 ν
1355 1766 1437 1831 Supra

1358 909 1476 959 1S.Joan.

1354 973 1449 1032 iim.

110 1775 289 1881 ἔφριττον,
313 1780 370 1858 καὶ
396 1789 418 1826 “
432 1777 575 1882 ἐζήτουν
602 1782 805 1858 ἀποκτεῖναι
857 1812 949 1858 κατα
976 1777 1018 1858 τῦ
1046 1812 1308 1882 γεγραμμενον,
1323 1814 1340 1858 ς
1356 1833 1426 1884 ms.

110 1897 171 1977 διὰ
193 1899 235 1979 τὸ
258 1901 549 2007 μεταῤῥυθμίζειν
567 1909 639 1982 τῶν
656 1902 902 1983 πιστευόντων
919 1901 985 1982 τὸν
1003 1910 1087 1982 νοῦν
1106 1905 1144 1983 ἐκ
1164 1907 1312 2003 νομικῆς

110 2025 169 2101 καὶ
205 2027 354 2130 παχείας
391 2029 540 2126 ἐντολῆς
576 2032 624 2110 είς
660 2023 726 2124 τῆν
757 2029 822 2124 τῆς
858 2027 1094 2128 εῦαγγελικῆς
1129 2028 1312 2112 πολιτείας

112 2148 322 2252 ἰσχνότητα.
360 2149 524 2254 ἔφασκον
546 2148 617 2252 γὰρ
642 2148 744 2229 οῦδέν
765 2148 894 2234 είδὸτες
922 2153 955 2228 οῖ
983 2147 1147 2246 τάλανες,
1165 2156 1311 2248 μᾶλλον

43 2305 95 2365 ¹5
112 2271 150 2350 δέ
178 2279 348 2374 γλῶτταν
368 2275 423 2354 ἐπ’
444 2275 540 2380 αὐτῷ
566 2273 632 2371 τὴν
656 2273 803 2352 ἀνόσιον
822 2273 1062 2372 ἀκονήσαντες
1083 2277 1127 2352 Ei
1145 2269 1191 2371 ἦν
1209 2271 1311 2357 οὗτος

109 2395 210 2498 παρὰ
229 2402 325 2478 Θεοῦ
345 2399 365 2477 ό
384 2397 584 2500 ἅνθρωπος,
603 2397 667 2476 οῦκ
686 2393 731 2476 ἂν
750 2394 831 2476 ἔλυε
854 2395 897 2477 τὸ
919 2394 1123 2492 σάββατον.
1160 2431 1307 2500 προχει-
1354 2393 1478 2510 gfff&

110 2519 246 2619 ρόταπα
263 2521 381 2600 τοίνυν
399 2521 466 2621 τῆν
484 2519 583 2622 παρὰ
602 2526 698 2601 Θεοῦ
718 2519 864 2624 Πατρός
886 2519 1066 2619 εὐμένειαν
1085 2520 1313 2619 δοθήσεσθαί

110 2649 228 2748 φησιν
245 2645 364 2730 αῦτοῖς
383 2643 642 2727 ἁνενδοιιῖστως
663 2642 934 2742 πεπιστευκόσι,
952 2645 1012 2723 καὶ
1037 2644 1076 2722 εὖ
1101 2643 1203 2744 μάλα
1228 2647 1307 2723 δια-

109 2768 329 2866 τεθειμένοις,
349 2767 403 2849 ότι
421 2801 489 2871 περ
507 2765 619 2875 ἐξῆλθε
643 2766 741 2876 παρῖι
759 2771 813 2847 τοῦ
833 2773 929 2848 Θεοῦ
955 2769 1012 2847 καὶ
1034 2769 1176 2874 Πατρός.
1216 2773 1344 2869 προ-ἁ

50 2931 98 2970 20
112 2899 249 2972 αλεῖται
279 2891 351 2996 γὰρ
381 2891 517 2994 ὥσπερ,
546 2894 653 2997 φησὶ,
681 2896 739 2972 καὶ
767 2890 904 2998 φθάσει
935 2890 1002 2991 μέν
1028 2891 1124 2996 τάχα
1153 2891 1219 2991 τὴν
1245 2901 1310 2972 τοῦ

111 3017 360 3114 μεσιτεύοντος
389 3017 542 3115 αἴτησιν,
571 3016 750 3115 εὐλογίαις
778 3013 816 3092 δέ
843 3022 921 3098 ταῖς
951 3022 1204 3112 πνευματικαῖς
1235 3016 1309 3094 ἐπι-

111 3138 239 3220 κλιίσει
276 3139 339 3219 τὸν
372 3148 456 3219 νοῦν
488 3145 560 3218 τῶν
597 3136 709 3240 ὀρθῆν
745 3135 900 3243 ἐχόντων
930 3139 984 3218 ἐπ’
1016 3140 1093 3236 ἐμοὶ
1129 3134 1195 3236 τῆν
1233 3135 1308 3216 διοί-

111 3267 230 3370 ληψιν
261 3265 320 3344 καὶ
347 3263 390 3342 οῦ
417 3261 578 3366 καθάπερ
603 3258 714 3341 ἐδόκει
740 3266 885 3367 φρονεῖν
909 3267 984 3344 τοῖς
1008 3269 1072 3341 τοῦ
1096 3260 1309 3363 γράμματος

111 3390 290 3490 ἐρασταῖς.
1165 3445 1171 3456 ·

56 3531 98 3592 25
168 3510 223 3592 Τὸ
251 3513 294 3592 δέ
314 3508 468 3620 Ἐξῆλθιν
490 3508 588 3618 παριὶ
611 3511 707 3608 Θεοῦ,
726 3511 879 3589 ἐνταῦθα
906 3506 951 3610 δῆ
978 3509 1091 3588 πόλιν
1113 3506 1310 3609 οῖησόμεθα

113 3635 297 3736 δηλοῦν,ῆ
326 3635 380 3716 ὅτι
407 3635 619 3738 γεγέννημαι
644 3632 922 3740 καὶέξέλαμψα
946 3637 1010 3732 τῆς
1034 3631 1160 3717 οὐσίας
1185 3635 1306 3732 αὐτοῦ,

113 3760 204 3840 κατὰ
227 3759 384 3864 πρόοδον
401 3758 468 3860 μέν
490 3757 556 3858 τῆν
573 3755 663 3860 πρὸς
687 3754 730 3837 τῦ
756 3753 846 3836 εἷναί
866 3791 904 3838 τε
932 3760 990 3836 καὶ
1015 3761 1174 3838 νοεῖσθαι
1199 3756 1309 3861 τυχὸν

113 3883 383 3982 ίδιοσυοπάτως,
410 3885 453 3964 οῦ
481 3879 554 3983 μῆν
581 3887 630 3966 είς
660 3879 758 3962 ἅπαν
785 3879 1013 3986 διῃρημένος·
1063 3878 1143 3961 ἐστι
1172 3878 1244 3983 γὰρ
1270 3883 1308 3959 ἐν

112 4013 189 4114 Υίῴ
217 4006 283 4105 μέν
311 4009 331 4088 ό
361 4003 500 4110 Πατῆρ,
528 4008 566 4086 ἐν
595 4007 714 4108 Πατρὶ
741 4003 780 4084 δέ
807 4006 853 4084 αὖ
881 4003 994 4085 πόλιν
1022 4003 1114 4084 κατὰ
1144 4001 1259 4108 φύσιν
1286 4004 1336 4082 ὁο

61 4169 101 4227 30
113 4130 209 4216 Υἱός·
248 4128 339 4233 ἢτό
358 4129 520 4238 Ἐξῆλθιι,
538 4131 618 4209 ἀντὶ
641 4137 716 4226 τοῦ,
737 4126 869 4232 γέγονα
893 4129 975 4208 καθ’
996 4128 1098 4226 ὑμᾶς,
1118 4125 1307 4228 ἅνθρωπος
1356 4195 1361 4206 .

113 4252 289 4355 δηλονότι,
308 4253 375 4354 τὴν
395 4253 566 4356 ὑμετέραν
583 4251 729 4360 μορφήν
747 4285 787 4332 τε
805 4257 863 4331 καὶ
882 4251 996 4358 φύσιν
1016 4249 1158 4334 ῦποδιίς.
1198 4248 1308 4333 τόπος

115 4551 184 4663 costa
190 4538 276 4661 ,agam
287 4535 412 4677 {agvgr
424 4534 475 4590 Ed.
601 4533 794 4604 25-p.651,4
807 4531 870 4587 citat
883 4549 909 4602 p.
1017 4543 1059 4600 25.
1079 4526 1160 4600 θεοῦ]
1173 4529 1269 4600 πατρὸς
1281 4546 1306 4584 a.

156 4707 226 4754 τοι.
241 4708 279 4754 11.
692 4705 748 4766 40
