3118 5132
308 341 373 405 426
612 341 652 407 Β.
676 341 883 407 CYRILLI
913 341 1206 408 ALEXANDR.
1397 336 1464 401 xiv.
1479 355 1515 422 9.

275 506 538 610 δδημιουργὸς,
576 505 622 588 τὸ
659 509 722 588 οῦκ
759 507 848 588 ὄντα
883 507 970 588 ποτὲ
1010 513 1135 588 καλῶν
1171 510 1220 591 είς
1256 503 1411 610 γένεσιν,
1448 505 1514 582 καὶ

307 629 472 734 συνέχων
490 637 539 716 είς
561 629 603 713 τὸ
628 629 717 714 εἶναι
742 630 788 712 τὸ
811 630 942 731 πάντα,
961 633 1020 713 καὶ
1045 631 1242 736 ζωογονῶυ,
1261 627 1368 713 αὐτὸς
1388 628 1513 735 σοφία

307 754 367 833 καὶ
386 755 543 854 δύναμις,
561 755 722 860 χρηστὸς
740 759 800 836 καὶ
817 757 1010 860 οἰκτίρμων
1027 759 1086 837 καὶ
1105 754 1276 856 ἐλεήμων.
1314 751 1450 834 τούτων
1468 749 1513 830 δὲ

306 875 349 959 τὸ
366 879 540 983 παράπαν
557 879 659 961 οῦδέυ
675 882 713 960 ἐν
730 881 829 983 πυρί.
867 882 909 960 οῦ
927 877 1001 984 γὰρ
1018 878 1064 960 ἀν
1083 879 1191 960 οἴοιτό
1215 913 1280 976 τις,
1298 877 1333 958 εί
1352 911 1395 979 γε
1420 884 1513 956 νοῦν

306 1000 391 1108 ἐχοι,
410 1000 573 1108 χρηστὸν
596 1006 656 1084 καὶ
683 1003 946 1110 φιλάνθρωπον
967 1001 1055 1085 εἶναι
1079 1003 1121 1084 τὸ
1146 1011 1230 1107 πῦρ,
1249 999 1329 1084 οῦδέ
1357 1003 1428 1104 ἐρεῖ
1451 1033 1513 1084 τις
1532 1027 1557 1087 5

307 1133 522 1234 σωφρονῶν,
541 1130 589 1213 ὡς
605 1127 658 1229 εἴη
676 1125 743 1228 μὲν
762 1127 1025 1232 δημιουργικὸν,
1045 1125 1167 1234 σοφόν
1184 1163 1223 1210 τε
1241 1130 1299 1208 καὶ
1318 1124 1512 1228 ζωογόνον.

307 1247 383 1332 εἶτα
406 1258 484 1336 πῶς
509 1252 554 1332 ἀν
572 1287 635 1350 τις,
654 1252 738 1334 είπέ
753 1287 826 1353 μοι,
844 1251 903 1331 διὸ
925 1251 1038 1358 πυρὸς
1064 1252 1129 1338 τάς
1153 1255 1235 1356 περὶ
1259 1255 1323 1351 τῆς
1347 1252 1514 1348 ἀληθοῦς

307 1375 477 1477 θεότητος
503 1377 638 1462 ἐννοίας
665 1376 903 1484 συλλέξειευ;
944 1375 967 1478 ἢ
995 1383 1074 1463 πῶς
1106 1373 1150 1458 ἀν
1179 1379 1217 1457 ἐν
1249 1373 1415 1482 ἐσόπτρῳ
1445 1376 1512 1453 καὶ

277 1503 490 1606 οαίνίγματι
522 1499 717 1604 θεωρήσειέ
743 1535 778 1581 τι
809 1507 883 1582 τῶν
913 1499 1170 1608 ἐμπεφυκότων
1199 1502 1314 1606 αῦτῇ;
1357 1500 1410 1582 τίς
1440 1498 1512 1577 οὖν

307 1627 390 1730 ἄρα,
409 1629 535 1734 φησὶν,
555 1626 576 1704 ό
598 1625 720 1725 λόγος,
738 1621 762 1725 ἢ
781 1626 869 1706 ποία
885 1625 1010 1728 γε’γονε
1028 1625 1218 1731 πρόφασις
1242 1629 1290 1706 εἰς
1315 1630 1389 1726 πῦρ
1414 1625 1508 1700 ἀνα·
1533 1655 1557 1698 ιι

305 1750 483 1831 πείθουσα
500 1749 782 1854 χρηματίζεσθαι
798 1747 863 1829 τὸν
882 1750 978 1831 Θεὸν
996 1752 1035 1830 ἐν
1052 1755 1105 1858 τῷ
1123 1748 1195 1853 ὄρει
1215 1753 1327 1855 Σινᾷ,
1359 1748 1512 1849 ἐροῦμεν

306 1874 361 1956 ὅτι
393 1873 601 1980 ἀρχομένωυ
633 1880 706 1954 τῶν
738 1874 783 1982 ἐξ
811 1872 967 1979 Ἰσραήλ
1005 1877 1082 1954 κατ’
1116 1876 1228 1954 ἐκεῖνο
1264 1871 1328 1971 δὴ,
1341 1871 1512 1970 μάλιστα

305 2007 431 2104 καιροῦ
467 2005 531 2100 τῆς
566 2005 615 2084 είς
652 2000 837 2094 εὐσέβειαν
871 2001 1129 2103 παιδαγωγίας,
1167 2000 1226 2078 καὶ
1264 1992 1388 2098 ὥσπερ
1426 1993 1513 2074 τινά

305 2123 439 2206 κανόνα
465 2129 646 2204 ποιεῖσθαι
673 2124 884 2223 μελλόντων
904 2128 968 2224 τῆς
996 2125 1124 2208 οἰκείας
1152 2123 1241 2226 ζωῆς
1265 2118 1329 2201 τὸν
1351 2118 1506 2220 διορθώ·

304 2255 446 2332 σασθαι
473 2245 658 2346 μέλλοντα
684 2246 804 2346 νόμον,
838 2247 907 2328 ἐδει
938 2245 1019 2328 τότε
1051 2247 1096 2348 δὴ
1124 2246 1289 2346 μάλιστα
1317 2242 1511 2342 κολαστήν
1530 2286 1557 2342 τη

303 2407 384 2454 τινα
418 2376 477 2452 καὶ
508 2371 668 2479 φοβερὸν
696 2374 816 2456 αὐτοῖς
849 2371 1044 2478 φαίνεσθαι
1078 2371 1143 2452 τὸν
1171 2367 1277 2468 Θεὸν,
1304 2369 1347 2448 ἵν’
1378 2366 1508 2448 είδέναι

303 2494 417 2602 ἔχοιεν
435 2499 468 2576 οἱ
485 2497 779 2599 παραβαίνοντες,
799 2495 853 2576 ότι
878 2494 968 2600 πρὸς
993 2504 1067 2600 πῦρ
1092 2497 1113 2576 ὁ
1138 2493 1250 2596 λόγος
1273 2493 1403 2576 αὐτοῖς.
1443 2493 1509 2572 διὰ

303 2617 376 2721 γάρ
395 2653 449 2699 τοι
469 2627 574 2699 τοῦτο
593 2623 651 2699 καὶ
670 2621 690 2699 ὁ
708 2619 821 2720 με’γας
841 2625 1006 2720 Μωυσῆς
1031 2627 1105 2704 τοῖς
1131 2619 1175 2726 ἐξ
1189 2615 1345 2719 Ἰσραήλ
1361 2650 1503 2720 προσε-

135 2744 204 2875 ¹³9⁰b·
217 2743 260 2793 ¹¹³·
253 2743 415 2850 ·ἂφῶνει
440 2743 559 2845 λέγωυ
576 2754 598 2790 “
611 2742 821 2828 ὈΘεὸς
800 2749 902 2843 ημῶν
919 2752 993 2848 πῦρ
1018 2745 1286 2824 καταναλίσκον
1304 2741 1414 2823 ἐστί.”
1443 2746 1507 2822 καὶ

136 2876 230 3004 2⁰⁰2·
207 2891 258 2926 ..w
304 2869 347 2948 οὐ
373 2866 488 2968 δήπου
512 2866 708 2974 φαίημεν
687 2903 731 2948 αυ
751 2867 806 2948 ὅτι
830 2867 896 2970 τὴν
913 2877 977 2949 τοῦ
996 2875 1093 2949 Θεοῦ
1118 2868 1233 2976 φύσιν
1252 2865 1504 2974 ἐξηγούμενος,
1524 2903 1557 2945 οε

302 3027 388 3094 πυρι
375 2990 675 3095 παρείκαζεν’
633 2991 780 3093 αυτήυό
803 2994 896 3073 οῦτω
918 2992 1144 3100 σοφώτατος,
1164 2989 1320 3093 ὠνόμαζε
1347 2990 1384 3070 δὲ
1409 2993 1507 3070 οὕτω

302 3115 367 3197 τὸν
391 3117 497 3214 Θεὸν,
526 3121 575 3202 ὦς
601 3119 639 3197 ἐκ
666 3122 811 3218 πολλῆς
840 3119 935 3218 ἀγαν
962 3116 1234 3219 μισοπονηρίας,
1257 3111 1371 3217 πυρὸς
1402 3113 1508 3215 δίκην

302 3249 368 3321 τοῦ
384 3246 589 3347 παμφαγυυ
607 3245 772 3322 δαπανᾶν
790 3276 829 3322 τε
847 3244 905 3321 καὶ
925 3243 1136 3322 ἀναλίσκειν
1153 3242 1196 3321 οῦ
1219 3236 1508 3342 παραιτουμένου

301 3362 384 3448 τοῦς
411 3371 728 3471 καταφρονοῦντας
755 3367 877 3447 αὐτοῦ.
924 3367 1054 3446 οὐκοῦν
1074 3367 1138 3446 οῦκ
1165 3365 1210 3472 ἐξ
1232 3361 1282 3443 ὧν
1307 3362 1387 3442 ἐστι
1411 3361 1507 3442 κατὰ

302 3487 427 3595 φύσιν,
447 3489 541 3574 Θεὸς
565 3489 625 3570 διὰ
649 3489 762 3594 πυρὸς
784 3488 1004 3593 γνωρίζεται·
1035 3490 1077 3571 τὸ
1100 3489 1137 3571 δέ
1160 3491 1273 3572 οὕτως
1292 3486 1507 3585 ὠνομάσθαι
1523 3521 1557 3578 ²5

301 3613 360 3691 καὶ
380 3609 501 3716 ὦφθαι
520 3613 600 3693 τότε
619 3614 711 3718 πρὸς
729 3613 772 3695 τὸ
791 3623 865 3699 τοῖς
883 3615 1120 3716 ἀκροωμένοις
1139 3613 1283 3720 ἐλήφθη
1301 3610 1505 3694 λυσιτελές.

273 3735 409 3832 ε’ίωμεν
441 3735 485 3836 δή
523 3737 653 3819 λοιπὸν
688 3741 746 3819 ἐπὶ
782 3736 848 3839 τὴν
886 3742 1006 3838 ἀληθῆ
1042 3743 1101 3819 καὶ
1138 3735 1403 3840 ἀκριβεστάτην
1438 3744 1507 3815 τοῦ

302 3859 450 3964 Πατρὸς
486 3861 647 3965 θεωρίαν,
676 3861 841 3943 τουτέστι
878 3861 942 3942 τὸν
971 3861 1074 3943 Υὶόυ.
1129 3860 1247 3942 εἰκόνα
1284 3858 1356 3962 γάρ
1392 3859 1506 3940 αὐτὸν

300 3983 469 4091 ὀψόμεθα
500 3993 565 4064 τοῦ
597 3984 850 4087 γεννήσαντος,
878 3993 953 4072 τοῖς
981 3990 1125 4068 ἐνοῦσιν
1152 3987 1249 4094 αὐτῷ
1278 3984 1502 4085 πλεονεκτή-

299 4143 392 4206 μασι
429 4107 493 4189 τὸν
529 4112 592 4206 τῆς
630 4110 786 4192 διανοίας
823 4111 1063 4212 ἐνερείσαυτες
1098 4107 1306 4217 ὀφθαλμόν.
1363 4107 1504 4211 ἀγαθὸς
1518 4139 1557 4197 30

298 4240 489 4334 τοιγαροῦν
516 4233 536 4312 ό
565 4231 659 4316 Θεὸς
686 4237 745 4312 καὶ
773 4233 903 4337 Πατήρ
934 4234 1026 4314 κατὰ
1061 4235 1191 4342 φύσιν,
1224 4241 1386 4315 τοιοῦτον
1413 4232 1504 4314 ὅντα

333 4444 480 4514 5..ἐχοιΕ
493 4443 548 4514 ἔχει
559 4442 612 4498 Ed
932 4445 1022 4513 ζσθοι
1035 4445 1088 4500 Εδ.
1081 4467 1142 4538 ..γρ
1267 4447 1273 4468 ’
1301 4446 1365 4503 σθαι
1377 4445 1430 4500 Ed.
1443 4464 1471 4500 m
1494 4486 1501 4501 .

300 4531 341 4580 14.
333 4457 601 4582 5διορθίτσοσθιιιΕ.
613 4514 689 4584 διορθ
688 4445 948 4571 ὧσεσῐθῐαιῆίθῆμπίζ
945 4467 1052 4571 ε16.”’
1020 4513 1045 4572 ’ίν
1044 4515 1098 4573 ’.Ε
1111 4539 1152 4572 ινα
1156 4449 1355 4573 Eq'mc‘al.
1372 4517 1453 4586 αὐτὴν
1493 4557 1499 4572 .

297 4585 374 4639 αὐτὸν
387 4584 439 4640 Ed.
548 4602 590 4653 24.
608 4607 701 4642 ουκουν
712 4593 882 4657 assumptum
893 4585 972 4642 exE
