3118 5132
327 315 392 380 886
631 317 670 382 B.
694 315 901 382 CYRILLI
931 315 1222 383 ALEXANDR.
1389 313 1468 379 xiii.
1486 333 1541 400 34

161 498 268 557 ⁷51ss
299 477 444 582 ολόγου
461 479 527 580 τὴν
545 477 736 582 καινύτητα
759 479 904 579 δεικνῦς,
923 485 982 562 καὶ
1007 486 1070 582 τῆς
1096 484 1247 587 ἀρχαίας
1271 481 1403 580 ἐκείνης
1430 481 1544 581 ἀγα-

327 603 483 705 πήσεως
502 608 566 704 τῆς
584 609 633 689 είς
658 603 846 706 ἀλλήλους
864 609 968 712 φημὶ,
986 607 1085 688 πολύ
1109 641 1145 687 τι
1169 605 1211 686 τὸ
1233 604 1351 708 μεῖξον
1368 603 1544 708 ἔχουσαν

326 727 393 830 τὴν
420 731 556 828 ἑαυτοῦ,
578 729 831 833 προστέθεικεν
857 731 959 815 εὐθύς
990 729 1109 818 Καθδς
1138 727 1207 834 ἐγδ
1234 728 1406 832 ἧγιίπησα
1435 729 1544 834 ὑμᾶς

323 851 379 934 ’ίνιι
400 859 459 933 καὶ
477 855 571 959 ὑμεῖς
591 855 763 956 ιἰγιιπιῖτε
780 855 969 949 ἀλλήλους.

380 973 610 1080 Ἐρευνητέον
645 985 835 1081 τοιγαροῦν
866 975 954 1082 ῦπὲρ
991 986 1055 1058 τοῦ
1091 976 1249 1058 συνιέναι
1284 979 1416 1082 σαφῶς
1459 980 1544 1054 τῶν

325 1099 518 1203 εἰρημένων
549 1098 616 1201 τὴν
649 1100 808 1199 δύναμιν,
838 1107 916 1186 πῶς
946 1101 1137 1204 ἠγάπησεν
1169 1102 1261 1201 ἡμᾶς
1294 1101 1314 1178 ὁ
1348 1095 1544 1201 Χριστός.

324 1221 406 1304 τότε
422 1225 495 1327 γὰρ
513 1223 606 1323 τότε,
624 1227 683 1306 καὶ
702 1223 786 1304 λίαν
803 1225 968 1323 εὐκόλως,
988 1223 1257 1329 ε’παθρήσαιμεν
1275 1221 1321 1303 ἀν
1339 1220 1381 1302 τὸ
1404 1220 1544 1301 καινὸν

200 1342 216 1458 ¹·
326 1349 385 1426 καὶ
402 1348 709 1450 παρηλλαγμένον
727 1352 792 1449 τῆς
817 1351 893 1429 νυνῖ
918 1351 1084 1450 δοθείσης
1103 1351 1265 1449 ἐντολῆς.
1307 1349 1435 1427 οὐκοῦν
1458 1356 1484 1392 “
1500 1347 1544 1424 ἐν

157 1938 236 2017 προς.

155 2019 207 2057 vm.
221 2020 245 2072 9.

325 1479 348 1518 “
365 1477 492 1578 μορφῇ
511 1476 608 1552 θεοῦ
627 1469 800 1577 ὑπάρχων
818 1474 884 1578 οὐχ
903 1470 1096 1577 ἁρπαγμὸν
1112 1471 1277 1576 ἡγήσατο
1295 1469 1337 1551 τῦ
1354 1467 1444 1548 εἶναι
1467 1469 1544 1548 ἴσα

325 1603 348 1642 “
367 1599 461 1702 Θεῷ,
492 1595 579 1674 ἀλλ’
612 1592 738 1675 ἑαυτὸν
775 1595 928 1677 ε’κένωσε
964 1595 1111 1705 μορφὴν
1142 1595 1274 1676 δούλου
1311 1591 1454 1690 λαβὼν,
1498 1593 1541 1672 ἐν

291 1714 348 1778 b“
366 1717 564 1816 ὁμοιώματι
588 1718 788 1822 ἀνθρώπων
813 1717 1011 1822 γενόμενος,
1032 1725 1090 1801 καὶ
1115 1719 1277 1826 σχήματι
1303 1719 1456 1822 εὑρεθεὶς
1485 1719 1541 1800 ὡς

325 1851 347 1887 “
366 1839 556 1945 ἄνθρωπος
588 1843 825 1922 ἐταπείνωσεν
852 1841 987 1942 ἑαυτὸν,
1016 1843 1205 1947 γενόμενος
1233 1840 1388 1942 ν’πτήκοος
1420 1839 1539 1944 μέχρι

325 1972 348 2012 “
367 1963 534 2064 θανάτου,
565 1963 722 2045 θανάτου
751 1962 790 2045 δέ
819 1968 1009 2070 σταυροῦ.”
1049 1966 1151 2047 ἀλλὰ
1180 1969 1239 2047 καὶ
1267 1964 1447 2046 πλούσιος
1480 1961 1537 2041 (δν

323 2087 539 2194 ε’πτώχευσε,
558 2086 654 2169 καθά
677 2087 792 2170 πάλιν
813 2090 833 2169 ὁ
854 2096 1003 2177 Παῦλος
1028 2091 1112 2192 ἡμῖν
1130 2089 1398 2193 διεμαρτύρατο.
1439 2087 1537 2192 ὁρᾷς

322 2208 365 2290 τὸ
385 2209 507 2292 καινὸν
525 2247 590 2312 της
608 2245 656 2297 εις
679 2248 772 2312 ημας
795 2213 1038 2314 αγαπήσεως;
1070 2215 1090 2294 ὃ
1114 2212 1269 2318 μὲνγὰρ
1295 2211 1402 2312 νόμος
1427 2213 1530 2312 ἀγα-

321 2337 440 2434 πῆσαι
467 2338 540 2416 δεῖν
561 2334 625 2416 τδν
646 2335 809 2444 ἀδελφὸν
831 2337 1020 2418 ε’κέλευσεν
1042 2341 1088 2422 ὡς
1117 2335 1255 2418 ἑαυτόν·
1286 2337 1306 2416 ὃ
1332 2335 1371 2415 δὲ
1391 2335 1533 2438 Κύριος

323 2457 425 2557 ἡμῶν
441 2460 587 2559 Ἰησοῦς
614 2462 635 2539 ὁ
663 2459 827 2562 Χριστὸς
853 2461 1046 2562 ἠγάπησεν
1073 2461 1165 2561 ἡμᾶς
1194 2459 1280 2562 ῦπέρ
1309 2457 1446 2539 ἑαυτόν·
1486 2459 1532 2536 ού

295 2579 396 2683 ογάρ
414 2577 460 2661 ἀν
478 2584 515 2663 έν
532 2587 658 2690 μορφῇ
676 2585 735 2661 καὶ
754 2581 895 2684 ἰσότητι
913 2592 977 2664 τοῦ
996 2590 1092 2664 Θεοῦ
1110 2588 1169 2664 καὶ
1189 2581 1334 2685 Πατρδς
1352 2581 1529 2688 ὑπάρχων

322 2702 414 2805 πρὸς
450 2702 516 2804 τὴν
547 2705 721 2809 ἡμετέραν
759 2706 893 2808 κατέβη
929 2707 1160 2805 ταπείνωσιν,
1195 2707 1271 2788 οὐδ’
1306 2704 1352 2786 ἀν
1383 2705 1528 2803 ῦπέστη

322 2825 451 2931 πικρὸν
471 2829 583 2914 οὕτως
612 2826 698 2933 ὑπὲρ
725 2830 827 2930 ἡμῶν
850 2829 915 2911 τὸν
939 2835 1003 2931 τῆς
1030 2829 1167 2935 σαρκδς
1195 2830 1362 2929 θάνατον,
1382 2830 1459 2910 οὐδ’
1480 2826 1544 2908 ἂν

323 2951 497 3056 ἠνέσχετο
514 2953 754 3058 ῥαπισμάτων
771 2955 988 3054 Ἰουδαϊκῶν,
1007 2955 1182 3061 αἰσχύνης
1204 2959 1263 3036 καὶ
1287 2954 1446 3058 γέλωτος
1465 2955 1526 3033 καὶ

324 3081 398 3156 τῶν
418 3076 548 3157 ἀλλων
574 3075 754 3176 ἁπάντων,
776 3077 834 3159 ἵνα
860 3077 911 3180 μὴ
939 3077 1076 3159 ἕκαστα
1104 3085 1178 3159 τῶν
1202 3083 1250 3163 είς
1278 3076 1387 3158 αὐτὸν
1410 3111 1524 3180 γεγο-

325 3198 440 3280 νότων
458 3199 760 3306 ἐξαριθμούμενοι,
771 3201 862 3312 πρδς
879 3203 1078 3306 ἀπέραντον
1096 3201 1287 3306 τὸνλόγον
1305 3202 1522 3299 ε’κπείνωμεν·

325 3323 411 3401 ἀλλ’
441 3323 517 3402 οὐδ’
548 3319 594 3402 ἀν
625 3324 831 3428 ἐπτώχευσε
863 3325 1042 3410 πλούσιος
1073 3323 1133 3424 οῦν,
1166 3331 1195 3405 εἰ
1227 3323 1278 3425 μὴ
1309 3321 1407 3404 πολὺ
1437 3325 1524 3402 λίαν

323 3443 517 3546 ἠγάπησεν
534 3445 628 3545 ἡμᾶς
655 3445 744 3550 ῦπέρ
768 3446 906 3528 ἑαυτόν.
947 3448 1052 3554 ξένον
1070 3449 1133 3529 οὖν
1150 3449 1221 3552 ἀρα
1238 3452 1302 3548 τῆς
1321 3443 1464 3549 ἀγάπης
1481 3444 1544 3525 τὸν

323 3566 463 3670 μέτρον.
501 3570 594 3647 οὕτω
619 3571 677 3648 καὶ
702 3571 795 3669 ἡμᾶς
820 3575 1019 3652 διακεῖσθαι
1043 3573 1189 3670 κελεύει,
1214 3569 1316 3652 οῦδὲν
1337 3569 1431 3654 ὅλως
1460 3573 1522 3668 τῆς

292 3694 373 3772 δεῖς
401 3689 581 3795 ἀδελφοὺς
610 3693 841 3794 προτιθέντας
869 3693 1022 3798 ἀγάπης,
1049 3697 1092 3775 οῦ
1120 3694 1241 3802 δόξαν,
1269 3696 1312 3774 ού
1344 3701 1517 3788 πλοῦτον,

324 3813 410 3892 ἀλλ’
428 3812 508 3892 οῦδὲ
535 3813 727 3899 ὀκνοῦντας
754 3820 813 3896 καὶ
840 3822 888 3902 είς
916 3815 1034 3915 αὐτὸν,
1052 3824 1082 3898 εί
1109 3818 1190 3916 δέοι,
1209 3815 1274 3898 τὸν
1295 3821 1359 3917 τῆς
1386 3815 1521 3919 σαρκὸς

325 3939 525 4036 καταβῆναι
544 3935 710 4035 θοίνατον,
730 3939 788 4018 ἵνα
806 3939 872 4040 τὴν
889 3949 954 4020 τοῦ
974 3937 1091 4027 πέλας
1118 3942 1301 4044 σωτηρίαν
1319 3937 1517 4042 ἀποκερδά-

326 4085 453 4160 νωμεν·
483 4057 503 4139 δ
523 4057 567 4160 δὴ
585 4063 643 4140 καὶ
662 4061 893 4166 πεπροίχασιν
911 4069 943 4144 οὶ
962 4064 1128 4167 μακιίριοι
1146 4074 1210 4146 τοῦ
1229 4069 1398 4168 Σωτῆρος
1422 4065 1544 4164 ἡμῶνᾶ

325 4185 492 4284 μαθηταὶ,
507 4185 564 4263 καὶ
584 4188 616 4262 οί
635 4191 708 4268 τοῖς
728 4185 869 4264 ἐκείνων
887 4186 1025 4290 ἴχνεσιν
1044 4189 1364 4288 ἀκολουθήσαντες,
1379 4189 1518 4287 ἄμεινον

362 4467 386 4537 γ.
405 4451 450 4520 τὴν
462 4455 567 4532 provise
581 4451 611 4505 Ε.
696 4467 719 4522 7.
739 4454 929 4522 ἐπαθρήσαιμεν
943 4454 974 4508 Ε.
988 4455 1209 4530 ε’παριθμίησαιμεν
1221 4458 1272 4514 Ed.
1357 4477 1398 4514 10.
1416 4459 1516 4532 μορφὴν

324 4521 420 4577 δούλου
432 4521 483 4577 hoo
495 4521 587 4576 ordme
600 4523 632 4578 E.
743 4539 783 4597 17.
804 4528 817 4579 ὁ
830 4533 998 4596 assumptum
1011 4543 1043 4580 ex
1057 4527 1089 4581 Ε.
