3238 5114
78 350 239 431 xvima,
253 370 302 436 19.
341 349 398 416 IN
430 349 464 417 s.
488 347 744 417 ιοκΝΝυΜ.
789 348 885 414 mn.
909 345 970 415 x1.
1014 345 1175 413 cm.
1232 345 1293 413 ιιι

80 521 269 625 ἀδελφοῖς
293 521 352 601 καὶ
378 519 416 600 έν
431 523 505 604 τοῖς
531 520 613 599 καθ’
632 517 725 619 ἦμῖις
747 515 798 598 ε”τι
823 514 1022 616 νοούμενον,
1040 513 1100 596 διά
1120 509 1187 614 τήν
1204 511 1295 616 πρὸς

79 642 188 742 ἡμᾶς
217 643 390 742 ὁμοίωσιν
416 639 526 723 αὐτὸν
555 643 710 746 ὁρᾶσθαι
736 639 911 745 γεγονότα
937 673 976 720 τε
1004 641 1062 720 καὶ
1088 637 1294 743 ύπάρχοντα

78 765 229 850 παντὸς
255 768 339 866 ἡμῖν
356 769 494 870 ἀγαθοῦ
522 767 581 846 καὶ
607 764 724 871 ἀρχὴν
750 769 808 846 καὶ
837 764 950 869 θύραν
976 766 1035 844 καὶ
1059 759 1152 843 ὁδόν·
1181 764 1294 862 ἀναγ·

81 890 202 973 καίωτ
219 888 387 994 ἐπήνεγκε
404 889 446 972 τὸ
465 889 606 998 ἐφεξῆς,
624 888 810 970 τουτέστιν
826 886 927 996 ’Υπὲρ
946 885 1050 970 αὐτόν
1069 883 1137 990 ἐγῦ
1154 886 1293 995 ἀγιάζω

31 1019 59 1080 5
82 999 246 1106 ἐμαυτόν.
906 1097 910 1102 Δ

151 1126 224 1204 Καὶ
251 1121 499 1233 δυσεξήγητον
515 1126 582 1225 μέν
607 1158 686 1209 πων
709 1125 789 1204 ἐστὶ
813 1123 872 1204 καὶ
896 1118 1067 1227 δυσχερές·
1092 1127 1141 1206 εἷς
1164 1118 1292 1222 νόησιν

81 1243 135 1326 τὸ
164 1247 357 1350 εἰρημένον.
395 1247 495 1351 πλὴν
517 1250 538 1328 ὁ
562 1246 681 1330 πὰντα
705 1247 869 1356 φωτίζων
885 1244 1005 1349 Λόγοι
1029 1248 1088 1326 καὶ
1116 1247 1319 1331 “dnum-a
1340 1275 1461 1333 om.

84 1381 113 1419 ‘⁴
132 1369 281 1453 λύτιτων
307 1372 423 1469 βαθέα
449 1376 489 1454 ἔκ
512 1371 695 1471 σκύτοντ,”
723 1377 898 1478 σαφηνιεῖ
918 1373 976 1450 καὶ
1001 1378 1107 1450 τοῦτο
1135 1369 1219 1471 ἡμῖν
1246 1368 1289 1452 τό
1334 1350 1459 1468 ἔξω·

83 1493 302 1598 μυστήριον.
357 1494 567 1601 ἁγιόζεσθαι
603 1496 669 1597 μέν
704 1496 768 1577 οῦν
802 1495 945 1598 λέγεται
976 1492 1068 1574 κατά
1099 1493 1291 1594 συνήθειαν

13 1653 66 1694 το
86 1617 253 1720 νομικὴν,
287 1618 329 1700 τὸ
359 1622 398 1701 έν
425 1619 527 1728 τάξει
555 1619 652 1706 τινὸς
684 1617 904 1718 ἁναθέματος
933 1616 956 1720 ἢ
987 1617 1211 1724 δορυφορίας
1242 1619 1290 1701 ὡκ

85 1740 185 1843 ἱερὸν
202 1746 255 1850 τῷ
271 1748 354 1852 Θεῷ
378 1742 478 1848 παρὰ
499 1778 565 1824 του
588 1741 875 1848 προσαγόμενον,
898 1742 1059 1846 καθάπερ
1082 1741 1207 1842 ἀμέλει
1231 1743 1291 1822 καὶ

84 1871 164 1944 πᾶν
180 1865 410 1969 πρωτότοκον
427 1871 605 1971 διανοῖγον
622 1865 763 1971 μήτραν
780 1868 819 1947 ε’ν
843 1871 929 1951 υἱοῖς·
945 1865 1110 1972 Ἰσραήλ.
1144 1875 1167 1914 “
1180 1866 1285 1968 ἀγία·
1334 1881 1415 1997 2302·

84 1998 111 2036 ‘⁴
130 2022 201 2068 σον
219 1988 291 2094 γάρ
310 2025 372 2091 μοι
388 1998 463 2074 πᾶν
481 1989 710 2095 πρωτότοκον
729 1995 909 2093 διανοῖγον
925 1988 1096 2094 μήτραν,”
1116 1986 1290 2092 πρὸστὸν
1381 1983 1387 1998 ’
1418 1985 1424 1998 ’

87 2110 242 2214 ἄριστον
268 2114 339 2221 ἔφη
362 2117 539 2207 Μωυσέα,
562 2114 748 2197 τουτέστιν
772 2112 923 2199 Ἀνάθετ
951 2117 1010 2194 καὶ
1039 2113 1205 2212 ἀπόνειμε
1230 2115 1289 2194 καὶ

22 2269 69 2332 ¹5
88 2236 341 2346 κατάγραψον,
370 2243 419 2325 ὡς·
451 2238 557 2343 ἱερόν·
604 2239 646 2319 οῦ
677 2237 750 2342 γὰρ
782 2235 897 2338 δήπου
929 2235 1061 2345 φαμέν,
1094 2237 1180 2318 ἁλλ’
1214 2237 1322 2318 ούδῑι

87 2359 137 2440 ἀν
153 2360 273 2465 ἑτέρου
296 2361 406 2468 τυχὸν
425 2362 584 2446 εἰπόντος
606 2361 811 2470 δεξαίμεθα,
830 2359 887 2442 ότι
907 2367 1064 2442 Μωυσεῖ
1085 2360 1288 2444 κεκέλευκεν

87 2483 222 2570 &6⁶5⁵-
252 2485 318 2566 τὸν
349 2483 408 2567 διὰ
437 2493 503 2566 τοῦ
538 2485 747 2584 Πνεύματος
779 2483 962 2587 ἁγιασμόν
990 2485 1163 2565 ἐπιθεῖναί
1195 2513 1284 2565 τισι·

87 2613 239 2710 γενιγτῆς
264 2608 337 2712 γάρ
365 2608 510 2718 φύσεως
538 2612 601 2691 ούκ
626 2611 817 2718 ἐφικνεῖται
838 2608 881 2690 τό
902 2609 1031 2714 μέτρον
1052 2614 1100 2694 εἰς
1117 2607 1160 2690 τῦ
1182 2609 1288 2690 δύνα-

87 2732 182 2812 σθαί
196 2766 231 2812 τι
256 2739 418 2815 τοιοῦτον
435 2739 644 2838 κατορθοῦν,
663 2730 816 2836 ἁρμόσει
834 2731 872 2814 δὲ
889 2731 988 2842 μόνω
1005 2735 1065 2813 καὶ
1089 2731 1289 2837 ἰδιαζόντως

28 2891 75 2932 20
89 2855 315 2938 ἀνακεῖσεται
334 2861 431 2965 Θεῷ.
470 2860 529 2938 καὶ
555 2865 645 2962 γοῦν
672 2855 732 2938 ὅτε
759 2855 831 2938 σῦν
848 2856 945 2964 αὐτῷ
971 2855 1053 2941 τοῦς
1079 2853 1283 2960 πρεσβυτέ-

87 3013 175 3082 ρουι·
201 2980 437 3061 ἀναδεικνύειν
463 2981 603 3083 ἤθελεν,
622 2981 687 3060 οῦκ
714 2979 822 3062 αὐτόν
843 2982 1012 3062 ε’πιθεῖναι
1031 2979 1194 3060 Μωυσέα
1221 2977 1287 3060 τὸν

89 3102 272 3206 ἁγιασμόν
300 3111 374 3192 τοῖς
405 3104 661 3214 ε’ξειλεγμένοικ
689 3104 943 3208 προσεῦαττεν,
972 3103 1042 3210 ἔφη
1072 3101 1110 3184 δὲ
1140 3109 1285 3202 μᾶλλον

87 3229 255 3330 ε’ναργῦτ,
275 3231 323 3313 ὡς
341 3230 472 3337 ἀφελεῖ
494 3226 561 3327 μὲν
588 3228 661 3309 ἀπὸ
688 3235 752 3308 τοῦ
781 3227 990 3328 Πνεύματοτ
1014 3236 1079 3308 τοῦ
1105 3225 1208 3311 ὄντος
1228 3226 1282 3307 ἐπ’
1366 3327 1371 3339 1
1403 3262 1409 3275 ·
1439 3225 1445 3238 ’

88 3351 195 3458 αὐτῷ,
213 3350 322 3432 δόσει
343 3351 382 3434 δὲ
406 3358 479 3433 τῶν
497 3349 765 3457 ἀνορῤηθέιπων
783 3351 936 3460 ἑκάστῳ.
977 3350 1020 3432 τῦ
1038 3350 1110 3456 γάρ
1128 3349 1315 3455 ἁγιόζεινο

32 3499 76 3564 25
90 3473 263 3556 δύνασθαι
287 3473 346 3556 διὰ
372 3475 564 3575 μετουσίας
592 3482 656 3556 τοῦ
676 3474 895 3575 Πνεύματοι,
913 3473 1005 3582 μόνῃ
1027 3481 1072 3581 τῇ
1096 3481 1169 3557 τῶν
1187 3475 1284 3556 όλων

88 3597 270 3705 κρατούσῃ
288 3599 431 3699 μέτεστι
450 3597 572 3706 φύσει·
605 3598 671 3699 τήν
690 3597 728 3680 δὲ
745 3607 810 3680 τοῦ
828 3597 1038 3704 ἁγνίζεσθαι
1056 3600 1218 3700 δύναμιν,
1235 3601 1283 3685 ὧι

87 3723 125 3799 ἐν
143 3725 269 3828 νομική
287 3722 326 3803 δὲ
350 3727 463 3823 δῆλον
481 3722 537 3803 ότι
561 3724 734 3830 σννηθείᾳ
764 3725 868 3830 φημὶ,
886 3721 1093 3831 φανοτὰτην
1118 3724 1202 3825 ἡμῖν
1223 3727 1281 3804 καὶ

88 3844 192 3930 αὐτὸς·
219 3848 240 3927 ὁ
269 3843 446 3947 Σολομὼν
474 3845 695 3946 καταστήσει
724 3847 842 3949 λέγων
870 3859 892 3896 “
913 3851 1031 3951 Παγῖι·
1060 3851 1162 3951 ἀνδρὶ
1189 3849 1281 3953 ταχύ
1326 3858 1408 3988 ξέοζό

87 3979 109 4016 “
127 4002 160 4048 τι
186 3976 258 4050 τῶν
286 3971 385 4050 ἰδίων
413 3966 574 4074 ἁγιάσαι,
601 3967 691 4069 μετὰ
724 3969 796 4072 γὰρ
826 3968 867 4051 τό
896 3970 1071 4078 εὔξασθαι
1097 3978 1280 4070 μετανοεῖν
1363 3962 1369 3973 ’
1412 3961 1419 3974 ’

35 4129 74 4186 3ο
88 4103 108 4139 “
127 4093 295 4193 γένεται.”

142 4218 347 4316 Νοονμένου
372 4225 562 4324 τοιγαροῦν
588 4227 652 4300 τοῦ
679 4218 862 4324 Ἀγιιίσαι,
881 4219 972 4300 κατῖι
996 4219 1187 4322 συνήθειαν
1214 4217 1279 4320 τὴν

124 4463 145 4500 1.
163 4447 200 4500 ἴτι
214 4447 351 4518 νοούμενον
363 4449 395 4505 Ε.
408 4450 587 4522 ι’πινοοῦμενον
600 4449 650 4508 Ed.
915 4469 955 4508 ιο.
973 4452 1129 4520 ἀνοθέματος
1142 4453 1175 4510 Ε.
1187 4453 1280 4524 διαθή·

87 4539 162 4606 μιτοξ
176 4515 226 4573 Ed.
264 4519 576 4646 ,ὥιίιέδναιιυοιριυιο
589 4537 621 4577 ex
635 4521 668 4578 E.
741 4593 748 4614 Ι
802 4541 844 4578 20.
863 4522 1157 4596 τοῦκτοτρεσβυτέροοτ
1171 4523 1234 4596 (οἱα)
1248 4525 1279 4580 E.

88 4603 129 4654 24.
146 4588 335 4659 ανορρεθεντιιν
373 4631 381 4648 .
587 4607 630 4664 27.
647 4595 795 4665 φανοτατήν
808 4593 840 4650 Ε.
853 4595 1005 4667 φανατάπγν
1018 4593 1070 4651 Ed.

129 4687 198 4732 νου.
215 4689 253 4734 11.
661 4695 715 4758 4z
