3118 5132
294 349 360 415 3⁷0
597 349 637 414 Β.
660 345 869 413 OYRILLI
898 343 1188 410 ALEXANDR.
1296 341 1363 406 xiii.
1376 353 1431 422 27,
1446 337 1511 406 28.

262 509 589 618 δοίπαρενόχληταν
608 512 694 592 ἰέναι
712 515 867 609 θελήσω
884 509 949 591 τὸν
967 518 1062 591 νοῦν·
1081 508 1195 612 ήγουν
1208 506 1334 588 εἰδέναι
1351 509 1512 609 σαφῶς,

298 635 351 716 ὅτι
371 633 507 736 νικήσει
531 634 624 716 κατὰ
647 633 768 739 βραχῦ
794 630 998 714 κολακεύων
1016 635 1037 713 ό
1055 639 1226 730 σατανᾶς,
1244 632 1303 711 καὶ
1320 625 1532 725 πάθοιμεν

127 765 253 893 {xiim
297 755 343 840 ἂν
360 768 532 858 τοωῦτον,
550 760 674 840 ὁποῖον
691 760 713 838 ό
732 755 894 864 ψάλλων
912 758 1011 864 φησί
1026 767 1049 804 “
1064 754 1145 859 Πρὸ
1167 763 1232 836 τοῦ
1253 789 1299 854 με
1316 785 1509 833 ταπεινω-

297 891 320 930 “
338 886 443 981 θήναι
469 883 540 986 ἐγὼ
567 879 871 982 ε’πλημμέλησα.”
908 879 980 984 πρὸ
1009 879 1081 984 γὰρ
1107 887 1172 960 τοῦ
1198 884 1325 960 παθεῖν
1351 873 1512 957 τελείως

295 1003 362 1104 τήν
389 1005 578 1109 ἁμαρτίαν,
605 1013 962 1108 προπλημμελοῦμεν
990 1005 1087 1104 ἡμεῖς
1116 1010 1161 1110 τῇ
1189 999 1391 1084 σνναινέσει
1423 1003 1553 1077 τῶν5

296 1129 498 1228 λογισμῶν,
515 1129 696 1228 τιμῶντές
711 1163 750 1209 τε
775 1125 886 1228 αῦτήν
911 1131 970 1207 καὶ
995 1125 1270 1232 καταδεχόμενοι
1297 1126 1355 1204 καὶ
1381 1119 1510 1202 τόπον

296 1250 437 1334 εἰσόδου
457 1253 612 1338 διδόντες
632 1251 691 1334 διὰ
708 1250 837 1334 τούτου
855 1257 907 1359 τῷ
925 1258 1080 1359 σατανᾷ.
1120 1252 1224 1332 ἔσται
1249 1249 1287 1332 δὲ
1308 1249 1419 1332 τύπος
1438 1250 1509 1328 καὶ

269 1375 402 1456 οείκῦιν
419 1386 483 1458 τοῦ
500 1377 715 1481 πράγματος
733 1384 797 1456 τοῦ
813 1373 991 1479 προδότου
1008 1373 1051 1456 τὸ
1067 1374 1193 1462 πάθος.

247 1633 284 1689 α8
339 1629 430 1706 Λέγει
457 1629 548 1713 αὐτῷ
573 1629 592 1698 ὁ
616 1629 741 1696 Ἰιιοοῦο
763 1627 806 1692 '0
833 1623 938 1694 ποιεῖο
966 1627 1103 1695 ποίιιοον
1130 1629 1252 1715 τάχιον.
1294 1625 1453 1693 τοῦτοδὲ

407 1751 514 1819 οῦδείο
538 1753 625 1829 ἔτνω
651 1754 718 1820 τῶν
746 1753 971 1831 ἀνακειμένων
998 1753 1082 1843 πρδα
1109 1754 1138 1818 τί
1165 1747 1255 1818 εἶπεν
1283 1751 1382 1836 αὐτῷ.
1525 1768 1545 1806 1

351 1916 516 2024 Ἀπᾷδον
542 1915 608 2014 μὲν
635 1916 726 2001 ἴσως
756 1919 816 1996 καὶ
845 1917 887 1996 οῦ
916 1914 1064 2024 σφόδρα
1096 1921 1299 2012 συμβαῖνον
1325 1919 1398 1997 τοῖς
1426 1911 1503 2012 ἤδη

296 2039 562 2144 προειρημένοις
594 2039 729 2147 δόξειεν
759 2037 804 2120 ἂν
834 2037 926 2120 εἶναι’
956 2073 1007 2147 τερ
1036 2037 1146 2143 τυχὸν
1175 2035 1217 2118 τὸ
1249 2037 1498 2141 προκείμενον.

297 2162 377 2240 ἀνθ’
407 2160 491 2243 ῦτου
520 2161 592 2267 γοίρ
625 2163 681 2263 δή,
710 2162 859 2271 φήσειεν
886 2161 931 2242 ἂν
958 2165 1016 2243 καῖ
1046 2163 1109 2242 οῦκ
1139 2160 1213 2242 ἀπὸ
1244 2167 1396 2256 σκοποῦ,
1426 2163 1504 2238 διε-

264 2284 451 2390 ᾶλέγχων,
482 2287 728 2391 κεκρυμμένων
766 2286 804 2367 δὲ
840 2289 899 2366 καὶ
936 2287 1001 2366 οῦκ
1036 2289 1194 2389 ἐναργῶς
1232 2283 1442 2387 ἀποτρέπων
1478 2284 1501 2362 ὁ

298 2407 431 2511 Κύρως
463 2414 526 2510 τῆς
553 2417 601 2494 εἰς
631 2409 741 2490 αὐτὸν
768 2410 972 2516 μιαιφονίας
1002 2408 1066 2488 τὸν
1093 2407 1300 2511 προδιδόναι
1327 2403 1497 2487 σπουδαί·
1523 2433 1541 2473 1

296 2525 412 2632 ζοντα,
449 2541 512 2612 νῦν
547 2531 639 2634 πρὸς
675 2531 787 2634 αι’πήν
822 2537 1046 2635 παραθήγων
1077 2533 1213 2634 ὁρᾶται,
1246 2531 1422 2629 ἀμελλητὶ
1457 2527 1501 2608 δὲ

295 2654 450 2756 βαδίζειν
468 2654 560 2759 πρὸς
577 2655 620 2735 τὸ
645 2657 738 2736 οὕτω
761 2655 928 2758 μυσαρόν
945 2689 985 2736 τε
1007 2657 1066 2734 καὶ
1091 2653 1240 2735 ἀνόσιον
1259 2652 1499 2734 διακελεύεται

295 2777 544 2875 σπούδασμα;
584 2780 698 2860 καίτοι
727 2780 766 2860 τί
791 2785 938 2878 μᾶλλον
964 2777 1030 2859 τὸν
1057 2779 1194 2859 οἴκοθεν
1222 2777 1290 2858 ἔδει
1320 2784 1499 2858 νοσοῦντα

296 2908 527 3005 παροτρῦναι,
547 2905 653 3009 φησί,
670 2901 761 3006 πρὸς
783 2911 889 2982 τοῦτο
915 2905 974 2983 καὶ
992 2899 1209 3004 τεθηγμένον
1224 2901 1268 3008 ἐξ
1283 2904 1418 2997 ἑαυτοῦ,
1437 2903 1498 2980 καὶ

297 3025 377 3129 οῦχί
403 3031 550 3124 μᾶλλον
577 3023 821 3129 ἀνασειράζειν
849 3033 926 3110 ταῖς
954 3026 1154 3110 νουθεσίαις
1181 3027 1238 3106 ε’πί
1265 3023 1307 3104 τό
1335 3023 1493 3123 ἄμεινον,
1520 3060 1559 3100 2-

297 3150 356 3228 καὶ
380 3151 445 3248 τῆς
468 3151 704 3252 προτεθείσης
726 3147 835 3229 αὐτὸν
852 3150 1035 3257 ἀνακόψαι
1053 3153 1214 3249 βουλῆς;
1245 3151 1304 3228 καί
1329 3148 1405 3247 δοίη
1429 3146 1498 3245 μὲν

269 3270 344 3350 υᾶν
361 3305 415 3355 τις
439 3271 588 3378 σφόδρα
612 3279 677 3352 τοῦ
700 3269 898 3376 πρέποντος
923 3277 1128 3376 διαμαρτεῖν
1146 3279 1329 3374 λογισμοῦ
1353 3269 1417 3370 τήν
1437 3272 1499 3350 ἐπὶ

297 3394 413 3501 τούτῳ
431 3393 624 3494 καταβοήν,
642 3393 914 3502 όξυωπείττερον
932 3393 1047 3498 γεμήν
1064 3402 1140 3480 τοῖς
1157 3397 1194 3475 ἐν
1211 3399 1263 3502 τῷ
1279 3393 1499 3502 προκειμένῳ

298 3515 500 3620 θεωρήματι
532 3521 665 3622 ε’νείρας
695 3518 759 3599 τὸν
790 3527 884 3618 νοῦν,
914 3517 1058 3603 ἀτόπως
1088 3518 1154 3619 μὲν
1183 3517 1285 3599 οῦδὲν
1316 3516 1499 3622 εἰρημένον

297 3639 451 3742 εῦρήσει,
471 3645 631 3743 δριμεῖαν
656 3641 694 3721 δὲ
721 3648 867 3740 μᾶλλον
892 3643 1011 3725 αὐτοῖς
1038 3640 1312 3746 ἐνυπάρχουσαν
1328 3640 1494 3740 σύνεσιν,
1519 3678 1559 3719 α

297 3761 343 3864 ἢν
361 3767 419 3843 καί
438 3761 536 3848 ὅπως
554 3763 600 3843 ἂν
618 3765 778 3864 δύνωμαι
797 3763 855 3845 διὰ
872 3764 1039 3871 βραχέων
1056 3771 1164 3844 εἰπεῖν
1182 3763 1410 3866 πειράσομαι.

356 3887 682 3990 Προνοητικιότατα
712 3889 832 3968 τοίνυν
864 3892 902 3968 ἐν
932 3896 1006 3974 τοῖς
1038 3893 1294 3992 προλαβοῦσιν
1326 3889 1346 3966 ὁ
1378 3886 1499 3994 σοφὸς

300 4009 577 4115 Εῦαγγελιστής
612 4017 907 4114 προεισπηδήσαι
944 4015 1002 4092 καὶ
1039 4016 1214 4091 εἰσελθεῖν
1247 4015 1296 4096 εἰς
1332 4008 1398 4112 τὴν
1431 4021 1499 4094 τοῦ

297 4137 475 4242 προδότου
508 4136 655 4238 καρδίαν
687 4133 795 4215 αὐτὸν
829 4135 899 4243 ἔφη
931 4132 996 4216 τὸν
1027 4129 1202 4233 σατανοῖν,
1234 4133 1293 4214 ἵνα
1330 4135 1499 4242 φαίνηται

335 4357 397 4425 4-8.
416 4355 489 4411 citat
501 4356 566 4411 Nik.
579 4363 604 4410 et
618 4353 720 4411 Cutem
732 4357 784 4412 alia
795 4356 825 4412 in
838 4355 884 4412 Ρε.
892 4356 980 4412 cxviii.
1175 4369 1202 4427 5.
1220 4355 1367 4412 συναιτίου
1379 4355 1411 4412 Ε.
1424 4356 1498 4417 cm.

299 4427 405 4483 συνίσει
418 4426 470 4482 Ed.
553 4426 579 4480 ⁶.
597 4437 810 4518 τεαειιιιαριυω
823 4445 855 4482 ιιι
869 4427 941 4484 Catt.
954 4429 1011 4483 citt.
1106 4444 1148 4482 ιο.
1167 4428 1271 4496 δόξειαν
1282 4427 1316 4482 Ε.
1409 4443 1446 4495 14.
1464 4429 1499 4486 δὲ

298 4495 560 4622 ζιόιυὲρῑαήιγεγιιδ.
615 4497 712 4623 l316.
731 4498 840 4568 ομιλητί
852 4497 885 4555 E.
993 4515 1036 4567 24.
1055 4497 1164 4572 ι’νείρος]
1177 4519 1221 4572 γρ.
1234 4497 1365 4569 ἐνερείσας
1377 4495 1498 4573 Βιλως.

337 4605 343 4622 .
397 4587 426 4636 ερ
468 4589 483 4622 ν
511 4589 602 4638 νναμαι
641 4607 648 4624 .
