3142 5118
379 332 443 396 ιιι
674 329 1268 398 B.cYR1LL1ALEXANDR.
1461 289 1492 390 a

378 530 437 577 και
424 497 687 599 ὁμολογεῖν
664 531 712 581 ως
732 497 935 593 βούλεσθαι
953 496 1012 578 διὰ
1028 494 1233 594 βασκανίαν
1250 529 1308 574 και
1295 491 1472 602 φθόνον.

378 617 417 700 δὲ
451 619 582 721 ἀληθες
619 623 678 700 καὶ
717 619 823 703 τοῦτό
858 623 973 718 εὀτιν,
1012 620 1133 728 ἐξ’
1090 627 1208 700 αυτῶν
1245 617 1463 725 ἐπιδείξομεν

378 743 621 846 εόαγγελικῶν
639 744 880 897 γραμμάτων.
914 743 1021 830 αὐτός
1038 743 1110 848 γάρ
1133 778 1205 825 που
1230 743 1380 849 φησῖν“
1364 776 1385 822 ο
1402 739 1492 840 μακά

229 934 245 948 ,.
302 967 309 982 ¹
378 864 605 968 Ἰωάννης,
582 903 631 953 ως
658 867 814 970 εἱστήκει
837 865 901 967 μὲν
923 868 1149 949 διδάσκωνό
1173 867 1360 968 Ἰησοῦς’
1341 900 1380 946 εν
1400 865 1492 971 αύτῷ

365 992 464 1099 ναῶ,
491 993 551 1071 καὶ
586 990 659 1072 ὅσα
690 991 755 1072 τὸν
783 990 893 1092 νόμον
921 989 1033 1072 ε’δόκει
1063 998 1190 1074 λυπεῖν
1217 989 1310 1070 κατά
1337 1024 1381 1093 γε
1409 986 1474 1088 τήν

379 1115 614 1218 ἀκροωμένων
633 1115 802 1197 ὑπόνοιαν
819 1114 1065 1223 ἐξηγούμενος.
1104 1113 1262 1196 ούδένδὲ
1286 1111 1328 1194 τό
1352 1109 1492 1216 παράπο

325 1331 327 1334 ,
380 1245 453 1318 τῶν
471 1239 655 1319 Ἰουδαίων
678 1239 868 1341 ἡγούμενοι
896 1238 1115 1340 κινήσαντες,
1138 1241 1223 1320 ἀλλ’
1243 1237 1323 1318 οὐδὲ
1351 1235 1440 1316 ὅσον
1467 1241 1492 1314 εί

380 1361 702 1464 ἀποτολμήσαντες
730 1367 848 1470 φήσαι
877 1362 990 1466 λόγον
1003 1360 1056 1444 Ὠ
1074 1364 1210 1460 οὑτοσὶ,
1232 1368 1372 1444 παῦσαι
1394 1359 1492 1440 διδάο

352 1485 427 1568 οτθι
445 1494 519 1572 τοῖς
537 1486 652 1568 πάλαι
672 1483 793 1586 νόμοις
810 1484 1007 1594 ἀπᾴδοντα,
1021 1489 1058 1567 ε’ν
1077 1488 1226 1595 ὑπονοίᾳ
1241 1483 1341 1589 παρὰ
1358 1491 1432 1568 τοῖς
1450 1482 1492 1588 ὅχ

382 1610 542 1713 ἐγίνοντο
569 1617 614 1717 τῇ
642 1613 700 1691 καὶ
729 1612 858 1714 ἀρτίως
882 1611 967 1712 ἡμῖν
988 1611 1164 1718 εῖρημένη.
1201 1613 1259 1690 καὶ
1283 1617 1372 1712 γοῦν
1391 1607 1485 1688 καθά

302 1820 311 1848 ‚
381 1766 542 1838 γραπται
574 1731 770 1838 “Ἕλεγόν
797 1769 888 1820 τινες
924 1742 997 1816 τῶν
1024 1737 1324 1840 Ἱεροσολυμιτῶν
1353 1733 1437 1837 Οόχ
1474 1767 1492 1811 ο

382 1868 405 1905 “
422 1860 523 1939 εὀτιν
551 1855 593 1938 όν
621 1857 789 1962 ζητοῦσιν
815 1860 1019 1940 ἀποκτεῖναι
1031 1891 1042 1957 ;
1083 1861 1134 1940 ἰ’δε
1160 1859 1347 1965 παρῤησίᾳ
1373 1863 1492 1955 λαλεῖ,

382 1989 406 2029 “
424 1980 525 2062 οὐδὲν
554 1982 651 2090 αὐτῷ
687 1982 851 2086 λέγουσι·
894 1981 1033 2084 μήποτε
1065 1983 1231 2086 ἔγνωσαν
1259 1986 1292 2062 οἱ
1322 1979 1492 2085 ἄρχοντες

382 2115 404 2156 “
424 2105 528 2192 οὗτός
559 2108 661 2186 ε’στιν
693 2108 713 2185 ό
745 2106 908 2211 Χριστός
923 2105 957 2205 ;”
989 2109 1181 2212 μονονουχὶ
1201 2105 1284 2209 γάρ
1316 2111 1433 2212 φησιν
1465 2138 1492 2182 οι

376 2226 529 2310 Ἴσασιν
556 2234 590 2310 οῖ
617 2229 898 2333 καθηγήσασθαι
925 2229 1100 2337 λαχόντες
1126 2235 1176 2315 ὡς
1202 2227 1309 2314 αι’πός
1337 2227 1450 2313 ὅντως
1479 2231 1492 2306 ἐ

383 2353 405 2432 ό
442 2352 619 2457 Χριστός·
672 2353 749 2435 ῖδοό
783 2355 895 2434 καίτοι
934 2361 1051 2460 φονῶν
1086 2351 1305 2458 νομιζόμενοι
1341 2353 1417 2432 κατ’
1452 2351 1492 2430 αί

384 2485 560 2558 λαλοῦντι
590 2475 681 2579 μετὰ
712 2482 856 2578 πολλῆς
887 2477 982 2581 ἀγαν
1008 2483 1072 2578 τῆς
1098 2477 1314 2584 παῤῥησίας,
1344 2473 1425 2556 οὐδὲ
1454 2481 1490 2582 ψ

385 2599 650 2702 ἐπισκήπτουσι
668 2599 803 2704 λόγοις.
835 2601 999 2703 τοιαύτης
1017 2610 1207 2706 τοιγαροῦν
1225 2600 1391 2684 ὑπονοίας
1409 2605 1491 2680 διεσ

218 2745 328 2803 θυιι
354 2723 492 2825 ιιμένης
520 2724 589 2806 ἀνά
615 2731 743 2806 πᾶσαν
769 2724 836 2826 τὴν
856 2724 1108 2829 Ἰερουσαλήμ
1136 2723 1325 2832 ἐξιπύθετό
1353 2757 1440 2804 ποτε
1470 2757 1491 2802 κ

383 2845 535 2954 τυφλὸς,
554 2851 612 2928 καὶ
636 2845 730 2954 εἶχεν
746 2851 784 2929 ἐν
803 2851 873 2929 ῶσὶ
901 2847 965 2930 τὸν
981 2851 1039 2930 ἐπὶ
1062 2848 1200 2933 τούτοις
1226 2845 1349 2951 λόγον.
1389 2855 1491 2952 χαριέ

384 2971 449 3051 οὖν
471 2970 542 3076 ἀρα
565 2968 700 3075 τρόπον
721 2970 801 3053 τινά
828 2971 1025 3079 διελέγχων
1043 2973 1159 3080 φησίν
1170 2967 1270 3074 Ἀρά
1294 3005 1339 3070 με
1362 2971 1484 3070 μάτην

384 3095 511 3180 αὐτούς
530 3094 835 3199 ἀναμηρύσασθαι
851 3097 994 3200 λόγους,
1008 3098 1066 3176 καὶ
1083 3098 1249 3196 ἀννμνεῖν
1264 3093 1307 3175 τὸ
1325 3100 1446 3194 θαῦμα
1463 3129 1490 3174 π

383 3219 543 3320 τόττετε,
574 3218 596 3321 ἢ
627 3217 776 3329 σφόδρα
808 3226 989 3302 ποιεῖσθαι
1020 3218 1087 3320 τήν
1118 3217 1201 3300 καθ’
1229 3217 1360 3318 ἡδονήν
1391 3216 1490 3325 ἐξήγι

342 3331 344 3337 s
383 3345 562 3450 διψῶντες
589 3342 654 3444 μὲν
682 3342 751 3445 ἤδη
783 3341 850 3444 τήν
877 3345 935 3424 ὑπ’
964 3345 1061 3451 αὐτῷ
1088 3342 1294 3443 μαθητείαν,
1322 3342 1490 3442 ἀλλήλου

383 3468 723 3566 ἐπιδυσωπούμενοι,
760 3469 818 3548 καὶ
862 3465 1064 3572 ἀχάριστον
1103 3471 1345 3570 προτιμῶντες
1386 3463 1477 3546 αῖδὼ

384 3590 496 3673 οὕτως
524 3589 751 3696 άξιαγάστου
777 3590 972 3694 γνῶσεως;

351 3712 374 3779 b

423 3834 446 3874 ς.
466 3817 500 3876 ὣς
517 3818 622 3874 restitui
639 3835 671 3874 ex
690 3818 724 3876 Β
738 3818 830 3876 Holst.
867 3821 967 3876 Deme
983 3819 1091 3876 videtur
1107 3819 1189 3876 ίοικεν
1204 3821 1247 3876 vel
1264 3820 1339 3877 είκδς.
1365 3841 1396 3874 ου
1386 3819 1489 3876 ’Aah

384 3888 539 3978 apographo
552 3907 602 3946 ιιιο
614 3913 634 3944 ω
620 3890 744 4016 Ἰαξρτε
745 3889 886 3946 adnotans.
918 3891 1014 3946 Statim
1025 3889 1172 3957 βούλεσθαι
1183 3890 1281 3946 retinui
1294 3909 1326 3946 ex
1338 3891 1488 3946 emendatic

383 3958 468 4029 βούλη
469 3961 566 4015 σθεΒ.
717 3961 808 4016 οντασλ
820 3961 900 4016 οθιθι
912 3961 1013 4030 οδτοςή
1028 3961 1080 4016 Ed.
1190 3977 1232 4030 ¹⁴·
1250 3983 1331 4019 ουτως
1343 3961 1472 4015 emendat

383 3983 506 4087 οδτοςΒ.
519 4030 571 4087 Ed.
670 4045 722 4142 17.
731 4032 901 4090 λαλοῦντιΒ.
913 3961 1183 4091 λολοΰόηςΗιΕδ.
1282 4048 1325 4104 23.
1343 4033 1488 4089 ποιεῖσθε(

387 4151 486 4222 Ηεγιο.
533 4151 580 4223 πμ
592 4151 661 4226 καθ]
675 4151 767 4224 τὴν
